{
  "ticker": "AA",
  "name": "ALCOA CORPORATION",
  "quarters": [
    {
      "date": "2020-12-31T00:00:00",
      "quarter_label": "2020-12 (Q4)",
      "revenue": 2392000000,
      "gross_profit": 418000000,
      "operating_income": null,
      "net_income": -4000000,
      "opex": null,
      "cogs": 1974000000,
      "rd": 9000000,
      "sga": 55000000,
      "fcf": -73000000,
      "ocf": 38000000,
      "capex": -111000000,
      "gross_margin": 0.17474916387959866,
      "op_margin": null,
      "fcf_margin": -0.030518394648829432
    },
    {
      "date": "2021-03-31T00:00:00",
      "quarter_label": "2021-03 (Q1)",
      "revenue": 2870000000,
      "gross_profit": 578000000,
      "operating_income": null,
      "net_income": 175000000,
      "opex": null,
      "cogs": 2292000000,
      "rd": 7000000,
      "sga": 52000000,
      "fcf": -69000000,
      "ocf": 6000000,
      "capex": -75000000,
      "gross_margin": 0.2013937282229965,
      "op_margin": null,
      "fcf_margin": -0.024041811846689895,
      "fcf_margin_change": 0.006476582802139537
    },
    {
      "date": "2021-06-30T00:00:00",
      "quarter_label": "2021-06 (Q2)",
      "revenue": 2833000000,
      "gross_profit": 677000000,
      "operating_income": null,
      "net_income": 309000000,
      "opex": null,
      "cogs": 2156000000,
      "rd": 6000000,
      "sga": 54000000,
      "fcf": -165000000,
      "ocf": -86000000,
      "capex": -79000000,
      "gross_margin": 0.23896929050476526,
      "op_margin": null,
      "fcf_margin": -0.05824214613483939,
      "fcf_margin_change": -0.034200334288149496
    },
    {
      "date": "2021-09-30T00:00:00",
      "quarter_label": "2021-09 (Q3)",
      "revenue": 3109000000,
      "gross_profit": 787000000,
      "operating_income": null,
      "net_income": 337000000,
      "opex": null,
      "cogs": 2322000000,
      "rd": 8000000,
      "sga": 53000000,
      "fcf": 352000000,
      "ocf": 435000000,
      "capex": -83000000,
      "gross_margin": 0.2531360566098424,
      "op_margin": null,
      "fcf_margin": 0.11321968478610486,
      "fcf_margin_change": 0.17146183092094425
    },
    {
      "date": "2021-12-31T00:00:00",
      "quarter_label": "2021-12 (Q4)",
      "revenue": 3340000000,
      "gross_profit": 957000000,
      "operating_income": null,
      "net_income": -392000000,
      "opex": null,
      "cogs": 2383000000,
      "rd": 10000000,
      "sga": 68000000,
      "fcf": 412000000,
      "ocf": 565000000,
      "capex": -153000000,
      "gross_margin": 0.28652694610778445,
      "op_margin": null,
      "fcf_margin": 0.12335329341317365,
      "rev_growth_yoy": 0.3963210702341137,
      "fcf_margin_change": 0.010133608627068788
    },
    {
      "date": "2022-03-31T00:00:00",
      "quarter_label": "2022-03 (Q1)",
      "revenue": 3293000000,
      "gross_profit": 1112000000,
      "operating_income": null,
      "net_income": 469000000,
      "opex": null,
      "cogs": 2181000000,
      "rd": 9000000,
      "sga": 44000000,
      "fcf": -40000000,
      "ocf": 34000000,
      "capex": -74000000,
      "gross_margin": 0.33768600060734894,
      "op_margin": null,
      "fcf_margin": -0.012146978439113271,
      "rev_growth_yoy": 0.14738675958188152,
      "rev_growth_yoy_accel": -0.2489343106522322,
      "fcf_margin_change": -0.1355002718522869
    },
    {
      "date": "2022-06-30T00:00:00",
      "quarter_label": "2022-06 (Q2)",
      "revenue": 3644000000,
      "gross_profit": 877000000,
      "operating_income": null,
      "net_income": 549000000,
      "opex": null,
      "cogs": 2767000000,
      "rd": 7000000,
      "sga": 52000000,
      "fcf": 429000000,
      "ocf": 536000000,
      "capex": -107000000,
      "gross_margin": 0.2406695938529089,
      "op_margin": null,
      "fcf_margin": 0.11772777167947311,
      "rev_growth_yoy": 0.2862689728203318,
      "rev_growth_yoy_accel": 0.1388822132384503,
      "fcf_margin_change": 0.12987475011858637
    },
    {
      "date": "2022-09-30T00:00:00",
      "quarter_label": "2022-09 (Q3)",
      "revenue": 2851000000,
      "gross_profit": 183000000,
      "operating_income": null,
      "net_income": -746000000,
      "opex": null,
      "cogs": 2668000000,
      "rd": 7000000,
      "sga": 44000000,
      "fcf": 6000000,
      "ocf": 134000000,
      "capex": -128000000,
      "gross_margin": 0.06418800420904945,
      "op_margin": null,
      "fcf_margin": 0.002104524728165556,
      "rev_growth_yoy": -0.0829848825989064,
      "rev_growth_yoy_accel": -0.3692538554192382,
      "fcf_margin_change": -0.11562324695130756
    },
    {
      "date": "2022-12-31T00:00:00",
      "quarter_label": "2022-12 (Q4)",
      "revenue": 2663000000,
      "gross_profit": 67000000,
      "operating_income": null,
      "net_income": -395000000,
      "opex": null,
      "cogs": 2596000000,
      "rd": 9000000,
      "sga": 64000000,
      "fcf": -53000000,
      "ocf": 118000000,
      "capex": -171000000,
      "gross_margin": 0.025159594442358244,
      "op_margin": null,
      "fcf_margin": -0.019902365752910253,
      "rev_growth_yoy": -0.2026946107784431,
      "rev_growth_yoy_accel": -0.1197097281795367,
      "fcf_margin_change": -0.02200689048107581
    },
    {
      "date": "2023-03-31T00:00:00",
      "quarter_label": "2023-03 (Q1)",
      "revenue": 2670000000,
      "gross_profit": 266000000,
      "operating_income": null,
      "net_income": -231000000,
      "opex": null,
      "cogs": 2404000000,
      "rd": 10000000,
      "sga": 54000000,
      "fcf": -246000000,
      "ocf": -163000000,
      "capex": -83000000,
      "gross_margin": 0.099625468164794,
      "op_margin": null,
      "fcf_margin": -0.09213483146067415,
      "rev_growth_yoy": -0.1891891891891892,
      "rev_growth_yoy_accel": 0.013505421589253913,
      "fcf_margin_change": -0.0722324657077639
    },
    {
      "date": "2023-06-30T00:00:00",
      "quarter_label": "2023-06 (Q2)",
      "revenue": 2684000000,
      "gross_profit": 169000000,
      "operating_income": null,
      "net_income": -102000000,
      "opex": null,
      "cogs": 2515000000,
      "rd": 6000000,
      "sga": 52000000,
      "fcf": -128000000,
      "ocf": -13000000,
      "capex": -115000000,
      "gross_margin": 0.06296572280178837,
      "op_margin": null,
      "fcf_margin": -0.04769001490312966,
      "rev_growth_yoy": -0.26344676180021953,
      "rev_growth_yoy_accel": -0.07425757261103033,
      "fcf_margin_change": 0.044444816557544495
    },
    {
      "date": "2023-09-30T00:00:00",
      "quarter_label": "2023-09 (Q3)",
      "revenue": 2602000000,
      "gross_profit": 133000000,
      "operating_income": null,
      "net_income": -168000000,
      "opex": null,
      "cogs": 2469000000,
      "rd": 9000000,
      "sga": 56000000,
      "fcf": -76000000,
      "ocf": 69000000,
      "capex": -145000000,
      "gross_margin": 0.05111452728670254,
      "op_margin": null,
      "fcf_margin": -0.029208301306687164,
      "rev_growth_yoy": -0.08733777621887057,
      "rev_growth_yoy_accel": 0.17610898558134896,
      "fcf_margin_change": 0.018481713596442493
    },
    {
      "date": "2023-12-31T00:00:00",
      "quarter_label": "2023-12 (Q4)",
      "revenue": 2595000000,
      "gross_profit": 170000000,
      "operating_income": null,
      "net_income": -150000000,
      "opex": null,
      "cogs": 2425000000,
      "rd": 14000000,
      "sga": 64000000,
      "fcf": 10000000,
      "ocf": 198000000,
      "capex": -188000000,
      "gross_margin": 0.06551059730250482,
      "op_margin": null,
      "fcf_margin": 0.0038535645472061657,
      "rev_growth_yoy": -0.025535110777318813,
      "rev_growth_yoy_accel": 0.06180266544155175,
      "fcf_margin_change": 0.03306186585389333
    },
    {
      "date": "2024-03-31T00:00:00",
      "quarter_label": "2024-03 (Q1)",
      "revenue": 2599000000,
      "gross_profit": 195000000,
      "operating_income": null,
      "net_income": -252000000,
      "opex": null,
      "cogs": 2404000000,
      "rd": 11000000,
      "sga": 60000000,
      "fcf": -324000000,
      "ocf": -223000000,
      "capex": -101000000,
      "gross_margin": 0.07502885725278953,
      "op_margin": null,
      "fcf_margin": -0.12466333205078876,
      "rev_growth_yoy": -0.02659176029962547,
      "rev_growth_yoy_accel": -0.001056649522306656,
      "fcf_margin_change": -0.12851689659799492
    },
    {
      "date": "2024-06-30T00:00:00",
      "quarter_label": "2024-06 (Q2)",
      "revenue": 2906000000,
      "gross_profit": 373000000,
      "operating_income": null,
      "net_income": 20000000,
      "opex": null,
      "cogs": 2533000000,
      "rd": 13000000,
      "sga": 69000000,
      "fcf": 123000000,
      "ocf": 287000000,
      "capex": -164000000,
      "gross_margin": 0.12835512732278045,
      "op_margin": null,
      "fcf_margin": 0.042326221610461116,
      "rev_growth_yoy": 0.08271236959761549,
      "rev_growth_yoy_accel": 0.10930412989724096,
      "fcf_margin_change": 0.16698955366124987
    },
    {
      "date": "2024-09-30T00:00:00",
      "quarter_label": "2024-09 (Q3)",
      "revenue": 2904000000,
      "gross_profit": 511000000,
      "operating_income": null,
      "net_income": 90000000,
      "opex": null,
      "cogs": 2393000000,
      "rd": 16000000,
      "sga": 66000000,
      "fcf": -3000000,
      "ocf": 143000000,
      "capex": -146000000,
      "gross_margin": 0.17596418732782368,
      "op_margin": null,
      "fcf_margin": -0.0010330578512396695,
      "rev_growth_yoy": 0.11606456571867795,
      "rev_growth_yoy_accel": 0.03335219612106245,
      "fcf_margin_change": -0.04335927946170079
    },
    {
      "date": "2024-12-31T00:00:00",
      "quarter_label": "2024-12 (Q4)",
      "revenue": 3486000000,
      "gross_profit": 772000000,
      "operating_income": null,
      "net_income": 202000000,
      "opex": null,
      "cogs": 2714000000,
      "rd": 17000000,
      "sga": 80000000,
      "fcf": 246000000,
      "ocf": 415000000,
      "capex": -169000000,
      "gross_margin": 0.2214572576018359,
      "op_margin": null,
      "fcf_margin": 0.07056798623063683,
      "rev_growth_yoy": 0.34335260115606936,
      "rev_growth_yoy_accel": 0.2272880354373914,
      "fcf_margin_change": 0.0716010440818765
    },
    {
      "date": "2025-03-31T00:00:00",
      "quarter_label": "2025-03 (Q1)",
      "revenue": 3369000000,
      "gross_profit": 931000000,
      "operating_income": null,
      "net_income": 548000000,
      "opex": null,
      "cogs": 2438000000,
      "rd": 12000000,
      "sga": 71000000,
      "fcf": -18000000,
      "ocf": 75000000,
      "capex": -93000000,
      "gross_margin": 0.2763431285247848,
      "op_margin": null,
      "fcf_margin": -0.005342831700801425,
      "rev_growth_yoy": 0.29626779530588687,
      "rev_growth_yoy_accel": -0.04708480585018249,
      "fcf_margin_change": -0.07591081793143825
    },
    {
      "date": "2025-06-30T00:00:00",
      "quarter_label": "2025-06 (Q2)",
      "revenue": 3018000000,
      "gross_profit": 366000000,
      "operating_income": null,
      "net_income": 164000000,
      "opex": null,
      "cogs": 2652000000,
      "rd": 12000000,
      "sga": 82000000,
      "fcf": 357000000,
      "ocf": 488000000,
      "capex": -131000000,
      "gross_margin": 0.12127236580516898,
      "op_margin": null,
      "fcf_margin": 0.11829025844930417,
      "rev_growth_yoy": 0.038540949759119064,
      "rev_growth_yoy_accel": -0.25772684554676784,
      "fcf_margin_change": 0.1236330901501056
    },
    {
      "date": "2025-09-30T00:00:00",
      "quarter_label": "2025-09 (Q3)",
      "revenue": 2995000000,
      "gross_profit": 300000000,
      "operating_income": null,
      "net_income": 232000000,
      "opex": null,
      "cogs": 2695000000,
      "rd": 11000000,
      "sga": 78000000,
      "fcf": -66000000,
      "ocf": 85000000,
      "capex": -151000000,
      "gross_margin": 0.1001669449081803,
      "op_margin": null,
      "fcf_margin": -0.022036727879799666,
      "rev_growth_yoy": 0.03133608815426997,
      "rev_growth_yoy_accel": -0.007204861604849094,
      "fcf_margin_change": -0.14032698632910384
    }
  ],
  "signals": [
    {
      "quarter": "2025-06 (Q2)",
      "signal": "FCF TURNED POSITIVE",
      "detail": "FCF margin: -0.5% -> +11.8%",
      "severity": "HIGH"
    },
    {
      "quarter": "2025-06 (Q2)",
      "signal": "YoY REVENUE GROWTH DECELERATION",
      "detail": "YoY growth: +3.9% vs prior quarter YoY: +29.6% (decel: -25.8%)",
      "severity": "WARNING"
    },
    {
      "quarter": "2024-12 (Q4)",
      "signal": "FCF TURNED POSITIVE",
      "detail": "FCF margin: -0.1% -> +7.1%",
      "severity": "HIGH"
    },
    {
      "quarter": "2024-12 (Q4)",
      "signal": "YoY REVENUE GROWTH ACCELERATION",
      "detail": "YoY growth: +34.3% vs prior quarter YoY: +11.6% (accel: +22.7%)",
      "severity": "HIGH"
    },
    {
      "quarter": "2024-06 (Q2)",
      "signal": "FCF TURNED POSITIVE",
      "detail": "FCF margin: -12.5% -> +4.2%",
      "severity": "HIGH"
    },
    {
      "quarter": "2024-06 (Q2)",
      "signal": "YoY REVENUE GROWTH ACCELERATION",
      "detail": "YoY growth: +8.3% vs prior quarter YoY: -2.7% (accel: +10.9%)",
      "severity": "MEDIUM"
    },
    {
      "quarter": "2023-12 (Q4)",
      "signal": "FCF TURNED POSITIVE",
      "detail": "FCF margin: -2.9% -> +0.4%",
      "severity": "HIGH"
    },
    {
      "quarter": "2023-12 (Q4)",
      "signal": "YoY REVENUE GROWTH ACCELERATION",
      "detail": "YoY growth: -2.6% vs prior quarter YoY: -8.7% (accel: +6.2%)",
      "severity": "MEDIUM"
    },
    {
      "quarter": "2023-09 (Q3)",
      "signal": "YoY REVENUE GROWTH ACCELERATION",
      "detail": "YoY growth: -8.7% vs prior quarter YoY: -26.3% (accel: +17.6%)",
      "severity": "HIGH"
    },
    {
      "quarter": "2023-06 (Q2)",
      "signal": "YoY REVENUE GROWTH DECELERATION",
      "detail": "YoY growth: -26.3% vs prior quarter YoY: -18.9% (decel: -7.4%)",
      "severity": "WARNING"
    },
    {
      "quarter": "2023-03 (Q1)",
      "signal": "GROSS MARGIN INFLECTION",
      "detail": "GM: +6.4% -> +2.5% -> +10.0% (reversal +7.4%)",
      "severity": "HIGH"
    },
    {
      "quarter": "2022-12 (Q4)",
      "signal": "YoY REVENUE GROWTH DECELERATION",
      "detail": "YoY growth: -20.3% vs prior quarter YoY: -8.3% (decel: -12.0%)",
      "severity": "WARNING"
    },
    {
      "quarter": "2022-09 (Q3)",
      "signal": "YoY REVENUE GROWTH DECELERATION",
      "detail": "YoY growth: -8.3% vs prior quarter YoY: +28.6% (decel: -36.9%)",
      "severity": "WARNING"
    },
    {
      "quarter": "2022-06 (Q2)",
      "signal": "FCF TURNED POSITIVE",
      "detail": "FCF margin: -1.2% -> +11.8%",
      "severity": "HIGH"
    },
    {
      "quarter": "2022-06 (Q2)",
      "signal": "YoY REVENUE GROWTH ACCELERATION",
      "detail": "YoY growth: +28.6% vs prior quarter YoY: +14.7% (accel: +13.9%)",
      "severity": "MEDIUM"
    },
    {
      "quarter": "2022-03 (Q1)",
      "signal": "YoY REVENUE GROWTH DECELERATION",
      "detail": "YoY growth: +14.7% vs prior quarter YoY: +39.6% (decel: -24.9%)",
      "severity": "WARNING"
    },
    {
      "quarter": "2021-09 (Q3)",
      "signal": "FCF TURNED POSITIVE",
      "detail": "FCF margin: -5.8% -> +11.3%",
      "severity": "HIGH"
    }
  ],
  "data_quality": {
    "n_quarters": 20,
    "coverage": {
      "revenue": [
        20,
        20
      ],
      "gross_profit": [
        20,
        20
      ],
      "op_income": [
        0,
        20
      ],
      "fcf": [
        20,
        20
      ]
    },
    "gaps": [],
    "warnings": [
      "op_income: no data"
    ]
  },
  "market_cap": null,
  "source": "SEC EDGAR",
  "last_updated": "2026-02-02T20:25:34.068083"
}