{
  "ticker": "AAL",
  "name": "American Airlines Group Inc.",
  "sector": "Industrials",
  "industry": "Airlines",
  "quarters": [
    {
      "date": "2021-03-31T00:00:00",
      "quarter_label": "2021-03 (Q1)",
      "revenue": 4008000000,
      "gross_profit": null,
      "operating_income": -1315000000,
      "net_income": -1250000000,
      "opex": 5323000000,
      "cogs": null,
      "rd": null,
      "sga": null,
      "fcf": 174000000,
      "ocf": 174000000,
      "capex": null,
      "gross_margin": null,
      "op_margin": -0.3280938123752495,
      "fcf_margin": 0.04341317365269461
    },
    {
      "date": "2021-06-30T00:00:00",
      "quarter_label": "2021-06 (Q2)",
      "revenue": 7478000000,
      "gross_profit": null,
      "operating_income": 441000000,
      "net_income": 19000000,
      "opex": 7037000000,
      "cogs": null,
      "rd": null,
      "sga": null,
      "fcf": 3470000000,
      "ocf": 3470000000,
      "capex": null,
      "gross_margin": null,
      "op_margin": 0.058972987429794066,
      "fcf_margin": 0.4640278149237764,
      "op_leverage_ratio": 2.6887313471074186,
      "fcf_margin_change": 0.42061464127108183
    },
    {
      "date": "2021-09-30T00:00:00",
      "quarter_label": "2021-09 (Q3)",
      "revenue": 8969000000,
      "gross_profit": null,
      "operating_income": 595000000,
      "net_income": 169000000,
      "opex": 8374000000,
      "cogs": null,
      "rd": null,
      "sga": null,
      "fcf": -1740000000,
      "ocf": -1740000000,
      "capex": null,
      "gross_margin": null,
      "op_margin": 0.06633961422678114,
      "fcf_margin": -0.19400156093209944,
      "op_leverage_ratio": 1.0494175585207008,
      "fcf_margin_change": -0.6580293758558758
    },
    {
      "date": "2021-12-31T00:00:00",
      "quarter_label": "2021-12 (Q4)",
      "revenue": 9427000000,
      "gross_profit": null,
      "operating_income": -780000000,
      "net_income": -932000000,
      "opex": 10207000000,
      "cogs": null,
      "rd": null,
      "sga": null,
      "fcf": -1200000000,
      "ocf": -1200000000,
      "capex": null,
      "gross_margin": null,
      "op_margin": -0.08274106290442347,
      "fcf_margin": -0.12729394292988225,
      "op_leverage_ratio": 0.23328775596515777,
      "fcf_margin_change": 0.0667076180022172
    },
    {
      "date": "2022-03-31T00:00:00",
      "quarter_label": "2022-03 (Q1)",
      "revenue": 8899000000,
      "gross_profit": null,
      "operating_income": -1723000000,
      "net_income": -1635000000,
      "opex": 10622000000,
      "cogs": null,
      "rd": null,
      "sga": null,
      "fcf": 1185000000,
      "ocf": 1185000000,
      "capex": null,
      "gross_margin": null,
      "op_margin": -0.19361726036633328,
      "fcf_margin": 0.1331610293291381,
      "incr_op_margin_yoy": -0.08341852381925986,
      "rev_growth_yoy": 1.220309381237525,
      "fcf_margin_change": 0.26045497225902037
    },
    {
      "date": "2022-06-30T00:00:00",
      "quarter_label": "2022-06 (Q2)",
      "revenue": 13422000000,
      "gross_profit": null,
      "operating_income": 1017000000,
      "net_income": 476000000,
      "opex": 12405000000,
      "cogs": null,
      "rd": null,
      "sga": null,
      "fcf": 1739000000,
      "ocf": 1739000000,
      "capex": null,
      "gross_margin": null,
      "op_margin": 0.07577112203844434,
      "fcf_margin": 0.1295634033676054,
      "incr_op_margin_yoy": 0.09690444145356662,
      "rev_growth_yoy": 0.7948649371489703,
      "rev_growth_yoy_accel": -0.42544444408855464,
      "op_leverage_ratio": 3.0278916817930033,
      "fcf_margin_change": -0.00359762596153268
    },
    {
      "date": "2022-09-30T00:00:00",
      "quarter_label": "2022-09 (Q3)",
      "revenue": 13462000000,
      "gross_profit": null,
      "operating_income": 930000000,
      "net_income": 483000000,
      "opex": 12532000000,
      "cogs": null,
      "rd": null,
      "sga": null,
      "fcf": -593000000,
      "ocf": -593000000,
      "capex": null,
      "gross_margin": null,
      "op_margin": 0.06908334571386124,
      "fcf_margin": -0.04404991828851582,
      "incr_op_margin_yoy": 0.0745604273314044,
      "rev_growth_yoy": 0.5009477087746683,
      "rev_growth_yoy_accel": -0.293917228374302,
      "fcf_margin_change": -0.17361332165612123
    },
    {
      "date": "2022-12-31T00:00:00",
      "quarter_label": "2022-12 (Q4)",
      "revenue": 13188000000,
      "gross_profit": null,
      "operating_income": 1382000000,
      "net_income": 803000000,
      "opex": 11806000000,
      "cogs": null,
      "rd": null,
      "sga": null,
      "fcf": -158000000,
      "ocf": -158000000,
      "capex": null,
      "gross_margin": null,
      "op_margin": 0.10479223536548378,
      "fcf_margin": -0.011980588413709433,
      "incr_op_margin_yoy": 0.574847115128955,
      "rev_growth_yoy": 0.39896043279940596,
      "rev_growth_yoy_accel": -0.10198727597526236,
      "fcf_margin_change": 0.03206932987480639
    },
    {
      "date": "2023-03-31T00:00:00",
      "quarter_label": "2023-03 (Q1)",
      "revenue": 12189000000,
      "gross_profit": null,
      "operating_income": 438000000,
      "net_income": 10000000,
      "opex": 11751000000,
      "cogs": null,
      "rd": null,
      "sga": null,
      "fcf": 3333000000,
      "ocf": 3333000000,
      "capex": null,
      "gross_margin": null,
      "op_margin": 0.03593403888752154,
      "fcf_margin": 0.2734432685207974,
      "incr_op_margin_yoy": 0.656838905775076,
      "rev_growth_yoy": 0.36970446117541295,
      "rev_growth_yoy_accel": -0.029255971623993016,
      "fcf_margin_change": 0.28542385693450684
    },
    {
      "date": "2023-06-30T00:00:00",
      "quarter_label": "2023-06 (Q2)",
      "revenue": 14055000000,
      "gross_profit": null,
      "operating_income": 2163000000,
      "net_income": 1338000000,
      "opex": 11892000000,
      "cogs": null,
      "rd": null,
      "sga": null,
      "fcf": 1763000000,
      "ocf": 1763000000,
      "capex": null,
      "gross_margin": null,
      "op_margin": 0.15389541088580577,
      "fcf_margin": 0.12543578797580932,
      "incr_op_margin_yoy": 1.8104265402843602,
      "rev_growth_yoy": 0.04716137684398748,
      "rev_growth_yoy_accel": -0.3225430843314255,
      "op_leverage_ratio": 12.758489953445991,
      "fcf_margin_change": -0.1480074805449881
    },
    {
      "date": "2023-09-30T00:00:00",
      "quarter_label": "2023-09 (Q3)",
      "revenue": 13482000000,
      "gross_profit": null,
      "operating_income": -223000000,
      "net_income": -545000000,
      "opex": 13705000000,
      "cogs": null,
      "rd": null,
      "sga": null,
      "fcf": 58000000,
      "ocf": 58000000,
      "capex": null,
      "gross_margin": null,
      "op_margin": -0.01654057261533897,
      "fcf_margin": 0.004302032339415517,
      "incr_op_margin_yoy": -57.65,
      "rev_growth_yoy": 0.0014856633486851878,
      "rev_growth_yoy_accel": -0.04567571349530229,
      "fcf_margin_change": -0.1211337556363938
    },
    {
      "date": "2023-12-31T00:00:00",
      "quarter_label": "2023-12 (Q4)",
      "revenue": 13062000000,
      "gross_profit": null,
      "operating_income": 656000000,
      "net_income": 19000000,
      "opex": 12406000000,
      "cogs": null,
      "rd": null,
      "sga": null,
      "fcf": -1351000000,
      "ocf": -1351000000,
      "capex": null,
      "gross_margin": null,
      "op_margin": 0.05022201806767723,
      "fcf_margin": -0.10342979635584137,
      "incr_op_margin_yoy": 5.761904761904762,
      "rev_growth_yoy": -0.009554140127388535,
      "rev_growth_yoy_accel": -0.011039803476073723,
      "fcf_margin_change": -0.1077318286952569
    },
    {
      "date": "2024-03-31T00:00:00",
      "quarter_label": "2024-03 (Q1)",
      "revenue": 12570000000,
      "gross_profit": null,
      "operating_income": 7000000,
      "net_income": -312000000,
      "opex": 12563000000,
      "cogs": null,
      "rd": null,
      "sga": null,
      "fcf": 2180000000,
      "ocf": 2180000000,
      "capex": null,
      "gross_margin": null,
      "op_margin": 0.0005568814638027049,
      "fcf_margin": 0.17342879872712808,
      "incr_op_margin_yoy": -1.1312335958005248,
      "rev_growth_yoy": 0.03125769136106325,
      "rev_growth_yoy_accel": 0.040811831488451786,
      "fcf_margin_change": 0.27685859508296945
    },
    {
      "date": "2024-06-30T00:00:00",
      "quarter_label": "2024-06 (Q2)",
      "revenue": 14334000000,
      "gross_profit": null,
      "operating_income": 1384000000,
      "net_income": 717000000,
      "opex": 12950000000,
      "cogs": null,
      "rd": null,
      "sga": null,
      "fcf": 1128000000,
      "ocf": 1128000000,
      "capex": null,
      "gross_margin": null,
      "op_margin": 0.09655364866750384,
      "fcf_margin": 0.07869401423189619,
      "incr_op_margin_yoy": -2.792114695340502,
      "rev_growth_yoy": 0.01985058697972252,
      "rev_growth_yoy_accel": -0.011407104381340735,
      "op_leverage_ratio": 4.555601191467318,
      "fcf_margin_change": -0.09473478449523189
    },
    {
      "date": "2024-09-30T00:00:00",
      "quarter_label": "2024-09 (Q3)",
      "revenue": 13647000000,
      "gross_profit": null,
      "operating_income": 89000000,
      "net_income": -149000000,
      "opex": 13558000000,
      "cogs": null,
      "rd": null,
      "sga": null,
      "fcf": 277000000,
      "ocf": 277000000,
      "capex": null,
      "gross_margin": null,
      "op_margin": 0.006521579834395838,
      "fcf_margin": 0.020297501282333114,
      "incr_op_margin_yoy": 1.8909090909090909,
      "rev_growth_yoy": 0.012238540275923453,
      "rev_growth_yoy_accel": -0.007612046703799065,
      "fcf_margin_change": -0.05839651294956308
    },
    {
      "date": "2024-12-31T00:00:00",
      "quarter_label": "2024-12 (Q4)",
      "revenue": 13660000000,
      "gross_profit": null,
      "operating_income": 1134000000,
      "net_income": 590000000,
      "opex": 12526000000,
      "cogs": null,
      "rd": null,
      "sga": null,
      "fcf": 398000000,
      "ocf": 398000000,
      "capex": null,
      "gross_margin": null,
      "op_margin": 0.08301610541727672,
      "fcf_margin": 0.029136163982430453,
      "incr_op_margin_yoy": 0.7993311036789298,
      "rev_growth_yoy": 0.0457816567141326,
      "rev_growth_yoy_accel": 0.03354311643820915,
      "fcf_margin_change": 0.008838662700097338
    },
    {
      "date": "2025-03-31T00:00:00",
      "quarter_label": "2025-03 (Q1)",
      "revenue": 12551000000,
      "gross_profit": null,
      "operating_income": -270000000,
      "net_income": -473000000,
      "opex": 12821000000,
      "cogs": null,
      "rd": null,
      "sga": null,
      "fcf": 2456000000,
      "ocf": 2456000000,
      "capex": null,
      "gross_margin": null,
      "op_margin": -0.021512230101187156,
      "fcf_margin": 0.19568161899450243,
      "incr_op_margin_yoy": 14.578947368421053,
      "rev_growth_yoy": -0.001511535401750199,
      "rev_growth_yoy_accel": -0.047293192115882794,
      "fcf_margin_change": 0.16654545501207196
    },
    {
      "date": "2025-06-30T00:00:00",
      "quarter_label": "2025-06 (Q2)",
      "revenue": 14392000000,
      "gross_profit": null,
      "operating_income": 1135000000,
      "net_income": 599000000,
      "opex": 13257000000,
      "cogs": null,
      "rd": null,
      "sga": null,
      "fcf": 963000000,
      "ocf": 963000000,
      "capex": null,
      "gross_margin": null,
      "op_margin": 0.07886325736520289,
      "fcf_margin": 0.06691217342968316,
      "incr_op_margin_yoy": -4.293103448275862,
      "rev_growth_yoy": 0.004046323426817358,
      "rev_growth_yoy_accel": 0.005557858828567556,
      "op_leverage_ratio": 4.313311962422675,
      "fcf_margin_change": -0.12876944556481928
    },
    {
      "date": "2025-09-30T00:00:00",
      "quarter_label": "2025-09 (Q3)",
      "revenue": 13691000000,
      "gross_profit": null,
      "operating_income": 151000000,
      "net_income": -114000000,
      "opex": 13540000000,
      "cogs": null,
      "rd": null,
      "sga": null,
      "fcf": -46000000,
      "ocf": -46000000,
      "capex": null,
      "gross_margin": null,
      "op_margin": 0.01102914323278066,
      "fcf_margin": -0.003359871448396757,
      "incr_op_margin_yoy": 1.4090909090909092,
      "rev_growth_yoy": 0.003224151828240639,
      "rev_growth_yoy_accel": -0.0008221715985767186,
      "fcf_margin_change": -0.0702720448780799
    },
    {
      "date": "2025-12-31T00:00:00",
      "quarter_label": "2025-12 (Q4)",
      "revenue": 13999000000,
      "gross_profit": null,
      "operating_income": 452000000,
      "net_income": 99000000,
      "opex": 13547000000,
      "cogs": null,
      "rd": null,
      "sga": null,
      "fcf": -274000000,
      "ocf": -274000000,
      "capex": null,
      "gross_margin": null,
      "op_margin": 0.03228802057289806,
      "fcf_margin": -0.019572826630473605,
      "incr_op_margin_yoy": -2.0117994100294987,
      "rev_growth_yoy": 0.024816983894582725,
      "rev_growth_yoy_accel": 0.021592832066342084,
      "op_leverage_ratio": null,
      "fcf_margin_change": -0.016212955182076848
    }
  ],
  "signals": [
    {
      "quarter": "2025-12 (Q4)",
      "signal": "OPERATING LEVERAGE",
      "detail": "Rev growth +2.2% vs OpEx growth +0.1% (leverage: 43.5x)",
      "severity": "MEDIUM"
    },
    {
      "quarter": "2025-09 (Q3)",
      "signal": "INCREMENTAL MARGIN (YoY)",
      "detail": "YoY Incr OPM: +140.9% vs year-ago OPM: +0.7%",
      "severity": "HIGH"
    },
    {
      "quarter": "2025-06 (Q2)",
      "signal": "OPERATING LEVERAGE",
      "detail": "Rev growth +14.7% vs OpEx growth +3.4% (leverage: 4.3x)",
      "severity": "MEDIUM"
    },
    {
      "quarter": "2025-06 (Q2)",
      "signal": "OP MARGIN TURNED POSITIVE (QoQ)",
      "detail": "Op margin: -2.2% -> +7.9%",
      "severity": "HIGH"
    },
    {
      "quarter": "2025-03 (Q1)",
      "signal": "FCF MARGIN EXPANSION",
      "detail": "FCF margin: +2.9% -> +19.6% (+16.7%)",
      "severity": "MEDIUM"
    },
    {
      "quarter": "2024-12 (Q4)",
      "signal": "INCREMENTAL MARGIN (YoY)",
      "detail": "YoY Incr OPM: +79.9% vs year-ago OPM: +5.0%",
      "severity": "HIGH"
    },
    {
      "quarter": "2024-09 (Q3)",
      "signal": "OP MARGIN TURNED POSITIVE (YoY)",
      "detail": "Op margin: -1.7% (year-ago) -> +0.7%",
      "severity": "HIGH"
    },
    {
      "quarter": "2024-06 (Q2)",
      "signal": "OPERATING LEVERAGE",
      "detail": "Rev growth +14.0% vs OpEx growth +3.1% (leverage: 4.6x)",
      "severity": "MEDIUM"
    },
    {
      "quarter": "2024-03 (Q1)",
      "signal": "FCF TURNED POSITIVE",
      "detail": "FCF margin: -10.3% -> +17.3%",
      "severity": "HIGH"
    },
    {
      "quarter": "2023-12 (Q4)",
      "signal": "INCREMENTAL MARGIN (YoY)",
      "detail": "YoY Incr OPM: +576.2% vs year-ago OPM: +10.5%",
      "severity": "HIGH"
    },
    {
      "quarter": "2023-12 (Q4)",
      "signal": "OP MARGIN TURNED POSITIVE (QoQ)",
      "detail": "Op margin: -1.7% -> +5.0%",
      "severity": "HIGH"
    },
    {
      "quarter": "2023-06 (Q2)",
      "signal": "OPERATING LEVERAGE",
      "detail": "Rev growth +15.3% vs OpEx growth +1.2% (leverage: 12.8x)",
      "severity": "MEDIUM"
    },
    {
      "quarter": "2023-06 (Q2)",
      "signal": "YoY REVENUE GROWTH DECELERATION",
      "detail": "YoY growth: +4.7% vs prior quarter YoY: +37.0% (decel: -32.3%)",
      "severity": "WARNING"
    },
    {
      "quarter": "2023-06 (Q2)",
      "signal": "INCREMENTAL MARGIN (YoY)",
      "detail": "YoY Incr OPM: +181.0% vs year-ago OPM: +7.6%",
      "severity": "HIGH"
    },
    {
      "quarter": "2023-03 (Q1)",
      "signal": "FCF TURNED POSITIVE",
      "detail": "FCF margin: -1.2% -> +27.3%",
      "severity": "HIGH"
    },
    {
      "quarter": "2023-03 (Q1)",
      "signal": "OP MARGIN TURNED POSITIVE (YoY)",
      "detail": "Op margin: -19.4% (year-ago) -> +3.6%",
      "severity": "HIGH"
    },
    {
      "quarter": "2022-12 (Q4)",
      "signal": "YoY REVENUE GROWTH DECELERATION",
      "detail": "YoY growth: +39.9% vs prior quarter YoY: +50.1% (decel: -10.2%)",
      "severity": "WARNING"
    },
    {
      "quarter": "2022-12 (Q4)",
      "signal": "OP MARGIN TURNED POSITIVE (YoY)",
      "detail": "Op margin: -8.3% (year-ago) -> +10.5%",
      "severity": "HIGH"
    },
    {
      "quarter": "2022-09 (Q3)",
      "signal": "YoY REVENUE GROWTH DECELERATION",
      "detail": "YoY growth: +50.1% vs prior quarter YoY: +79.5% (decel: -29.4%)",
      "severity": "WARNING"
    },
    {
      "quarter": "2022-06 (Q2)",
      "signal": "OPERATING LEVERAGE",
      "detail": "Rev growth +50.8% vs OpEx growth +16.8% (leverage: 3.0x)",
      "severity": "MEDIUM"
    },
    {
      "quarter": "2022-06 (Q2)",
      "signal": "YoY REVENUE GROWTH DECELERATION",
      "detail": "YoY growth: +79.5% vs prior quarter YoY: +122.0% (decel: -42.5%)",
      "severity": "WARNING"
    },
    {
      "quarter": "2022-06 (Q2)",
      "signal": "OP MARGIN TURNED POSITIVE (QoQ)",
      "detail": "Op margin: -19.4% -> +7.6%",
      "severity": "HIGH"
    },
    {
      "quarter": "2022-03 (Q1)",
      "signal": "FCF TURNED POSITIVE",
      "detail": "FCF margin: -12.7% -> +13.3%",
      "severity": "HIGH"
    },
    {
      "quarter": "2021-12 (Q4)",
      "signal": "FCF MARGIN EXPANSION",
      "detail": "FCF margin: -19.4% -> -12.7% (+6.7%)",
      "severity": "MEDIUM"
    },
    {
      "quarter": "2021-06 (Q2)",
      "signal": "FCF MARGIN EXPANSION",
      "detail": "FCF margin: +4.3% -> +46.4% (+42.1%)",
      "severity": "MEDIUM"
    },
    {
      "quarter": "2021-06 (Q2)",
      "signal": "OPERATING LEVERAGE",
      "detail": "Rev growth +86.6% vs OpEx growth +32.2% (leverage: 2.7x)",
      "severity": "MEDIUM"
    },
    {
      "quarter": "2021-06 (Q2)",
      "signal": "OP MARGIN TURNED POSITIVE (QoQ)",
      "detail": "Op margin: -32.8% -> +5.9%",
      "severity": "HIGH"
    }
  ],
  "data_quality": {
    "n_quarters": 20,
    "coverage": {
      "revenue": [
        20,
        20
      ],
      "gross_profit": [
        0,
        20
      ],
      "op_income": [
        20,
        20
      ],
      "fcf": [
        20,
        20
      ]
    },
    "gaps": [],
    "warnings": [
      "gross_profit: no data"
    ]
  },
  "market_cap": null,
  "source": "SEC EDGAR",
  "last_updated": "2026-02-24T10:29:20.298363"
}