{
  "ticker": "AAME",
  "name": "ATLANTIC AMERICAN CORP",
  "quarters": [
    {
      "date": "2020-12-31T00:00:00",
      "quarter_label": "2020-12 (Q4)",
      "revenue": 59932000,
      "gross_profit": null,
      "operating_income": null,
      "net_income": 11848000,
      "opex": null,
      "cogs": null,
      "rd": null,
      "sga": null,
      "fcf": 9830000,
      "ocf": 9875000,
      "capex": -45000,
      "gross_margin": null,
      "op_margin": null,
      "fcf_margin": 0.1640192217846893
    },
    {
      "date": "2021-03-31T00:00:00",
      "quarter_label": "2021-03 (Q1)",
      "revenue": 49075000,
      "gross_profit": null,
      "operating_income": null,
      "net_income": -431000,
      "opex": null,
      "cogs": null,
      "rd": null,
      "sga": null,
      "fcf": -6083000,
      "ocf": -6044000,
      "capex": -39000,
      "gross_margin": null,
      "op_margin": null,
      "fcf_margin": -0.12395313295975548,
      "fcf_margin_change": -0.28797235474444477
    },
    {
      "date": "2021-06-30T00:00:00",
      "quarter_label": "2021-06 (Q2)",
      "revenue": 51457000,
      "gross_profit": null,
      "operating_income": null,
      "net_income": 2962000,
      "opex": null,
      "cogs": null,
      "rd": null,
      "sga": null,
      "fcf": -7868000,
      "ocf": -7842000,
      "capex": -26000,
      "gross_margin": null,
      "op_margin": null,
      "fcf_margin": -0.15290436675282273,
      "fcf_margin_change": -0.028951233793067258
    },
    {
      "date": "2021-09-30T00:00:00",
      "quarter_label": "2021-09 (Q3)",
      "revenue": 49290000,
      "gross_profit": null,
      "operating_income": null,
      "net_income": -915000,
      "opex": null,
      "cogs": null,
      "rd": null,
      "sga": null,
      "fcf": 4308000,
      "ocf": 4332000,
      "capex": -24000,
      "gross_margin": null,
      "op_margin": null,
      "fcf_margin": 0.0874010955569081,
      "fcf_margin_change": 0.24030546230973082
    },
    {
      "date": "2021-12-31T00:00:00",
      "quarter_label": "2021-12 (Q4)",
      "revenue": 49732000,
      "gross_profit": null,
      "operating_income": null,
      "net_income": 2665000,
      "opex": null,
      "cogs": null,
      "rd": null,
      "sga": null,
      "fcf": 10624000,
      "ocf": 10642000,
      "capex": -18000,
      "gross_margin": null,
      "op_margin": null,
      "fcf_margin": 0.21362503016166653,
      "rev_growth_yoy": -0.17019288526997264,
      "fcf_margin_change": 0.12622393460475845
    },
    {
      "date": "2022-03-31T00:00:00",
      "quarter_label": "2022-03 (Q1)",
      "revenue": 51608000,
      "gross_profit": null,
      "operating_income": null,
      "net_income": 2842000,
      "opex": null,
      "cogs": null,
      "rd": null,
      "sga": null,
      "fcf": -8008000,
      "ocf": -8007000,
      "capex": -1000,
      "gross_margin": null,
      "op_margin": null,
      "fcf_margin": -0.1551697411254069,
      "rev_growth_yoy": 0.05161487519103413,
      "rev_growth_yoy_accel": 0.22180776046100678,
      "fcf_margin_change": -0.36879477128707344
    },
    {
      "date": "2022-06-30T00:00:00",
      "quarter_label": "2022-06 (Q2)",
      "revenue": 44669000,
      "gross_profit": null,
      "operating_income": null,
      "net_income": -1679000,
      "opex": null,
      "cogs": null,
      "rd": null,
      "sga": null,
      "fcf": 3524000,
      "ocf": 3591000,
      "capex": -67000,
      "gross_margin": null,
      "op_margin": null,
      "fcf_margin": 0.07889140119545994,
      "rev_growth_yoy": -0.1319159686728725,
      "rev_growth_yoy_accel": -0.18353084386390664,
      "fcf_margin_change": 0.23406114232086683
    },
    {
      "date": "2022-09-30T00:00:00",
      "quarter_label": "2022-09 (Q3)",
      "revenue": 46343000,
      "gross_profit": null,
      "operating_income": null,
      "net_income": -684000,
      "opex": null,
      "cogs": null,
      "rd": null,
      "sga": null,
      "fcf": 2126000,
      "ocf": 2170000,
      "capex": -44000,
      "gross_margin": null,
      "op_margin": null,
      "fcf_margin": 0.04587532097619921,
      "rev_growth_yoy": -0.05978900385473727,
      "rev_growth_yoy_accel": 0.07212696481813524,
      "fcf_margin_change": -0.03301608021926073
    },
    {
      "date": "2022-12-31T00:00:00",
      "quarter_label": "2022-12 (Q4)",
      "revenue": 45231000,
      "gross_profit": null,
      "operating_income": null,
      "net_income": 1046000,
      "opex": null,
      "cogs": null,
      "rd": null,
      "sga": null,
      "fcf": 8685000,
      "ocf": 8699000,
      "capex": -14000,
      "gross_margin": null,
      "op_margin": null,
      "fcf_margin": 0.19201432645751806,
      "rev_growth_yoy": -0.09050510737553286,
      "rev_growth_yoy_accel": -0.03071610352079559,
      "fcf_margin_change": 0.14613900548131886
    },
    {
      "date": "2023-03-31T00:00:00",
      "quarter_label": "2023-03 (Q1)",
      "revenue": 46269000,
      "gross_profit": null,
      "operating_income": null,
      "net_income": -1446000,
      "opex": null,
      "cogs": null,
      "rd": null,
      "sga": null,
      "fcf": -11669000,
      "ocf": -11610000,
      "capex": -59000,
      "gross_margin": null,
      "op_margin": null,
      "fcf_margin": -0.2521990965873479,
      "rev_growth_yoy": -0.1034529530305379,
      "rev_growth_yoy_accel": -0.01294784565500505,
      "fcf_margin_change": -0.444213423044866
    },
    {
      "date": "2023-06-30T00:00:00",
      "quarter_label": "2023-06 (Q2)",
      "revenue": 49188000,
      "gross_profit": null,
      "operating_income": null,
      "net_income": 1744000,
      "opex": null,
      "cogs": null,
      "rd": null,
      "sga": null,
      "fcf": 6705000,
      "ocf": 6714000,
      "capex": -9000,
      "gross_margin": null,
      "op_margin": null,
      "fcf_margin": 0.13631373505733105,
      "rev_growth_yoy": 0.10116635698135172,
      "rev_growth_yoy_accel": 0.20461931001188963,
      "fcf_margin_change": 0.388512831644679
    },
    {
      "date": "2023-09-30T00:00:00",
      "quarter_label": "2023-09 (Q3)",
      "revenue": 44591000,
      "gross_profit": null,
      "operating_income": null,
      "net_income": 1759000,
      "opex": null,
      "cogs": null,
      "rd": null,
      "sga": null,
      "fcf": 1346000,
      "ocf": 1353000,
      "capex": -7000,
      "gross_margin": null,
      "op_margin": null,
      "fcf_margin": 0.03018546343432531,
      "rev_growth_yoy": -0.037805062253198976,
      "rev_growth_yoy_accel": -0.1389714192345507,
      "fcf_margin_change": -0.10612827162300574
    },
    {
      "date": "2023-12-31T00:00:00",
      "quarter_label": "2023-12 (Q4)",
      "revenue": 46745000,
      "gross_profit": null,
      "operating_income": null,
      "net_income": -2228000,
      "opex": null,
      "cogs": null,
      "rd": null,
      "sga": null,
      "fcf": 6160000,
      "ocf": 6165000,
      "capex": -5000,
      "gross_margin": null,
      "op_margin": null,
      "fcf_margin": 0.13177879987164404,
      "rev_growth_yoy": 0.03347261833698127,
      "rev_growth_yoy_accel": 0.07127768059018025,
      "fcf_margin_change": 0.10159333643731873
    },
    {
      "date": "2024-03-31T00:00:00",
      "quarter_label": "2024-03 (Q1)",
      "revenue": 46997000,
      "gross_profit": null,
      "operating_income": null,
      "net_income": -1998000,
      "opex": null,
      "cogs": null,
      "rd": null,
      "sga": null,
      "fcf": -5358000,
      "ocf": -5319000,
      "capex": -39000,
      "gross_margin": null,
      "op_margin": null,
      "fcf_margin": -0.11400727706023789,
      "rev_growth_yoy": 0.01573407681168817,
      "rev_growth_yoy_accel": -0.0177385415252931,
      "fcf_margin_change": -0.24578607693188192
    },
    {
      "date": "2024-06-30T00:00:00",
      "quarter_label": "2024-06 (Q2)",
      "revenue": 47668000,
      "gross_profit": null,
      "operating_income": null,
      "net_income": -684000,
      "opex": null,
      "cogs": null,
      "rd": null,
      "sga": null,
      "fcf": 361000,
      "ocf": 416000,
      "capex": -55000,
      "gross_margin": null,
      "op_margin": null,
      "fcf_margin": 0.00757321473525216,
      "rev_growth_yoy": -0.03090184597869399,
      "rev_growth_yoy_accel": -0.04663592279038216,
      "fcf_margin_change": 0.12158049179549005
    },
    {
      "date": "2024-09-30T00:00:00",
      "quarter_label": "2024-09 (Q3)",
      "revenue": 44519000,
      "gross_profit": null,
      "operating_income": null,
      "net_income": -1998000,
      "opex": null,
      "cogs": null,
      "rd": null,
      "sga": null,
      "fcf": 58000,
      "ocf": 90000,
      "capex": -32000,
      "gross_margin": null,
      "op_margin": null,
      "fcf_margin": 0.001302814528628226,
      "rev_growth_yoy": -0.0016146756071853065,
      "rev_growth_yoy_accel": 0.029287170371508686,
      "fcf_margin_change": -0.006270400206623934
    },
    {
      "date": "2024-12-31T00:00:00",
      "quarter_label": "2024-12 (Q4)",
      "revenue": 49043000,
      "gross_profit": null,
      "operating_income": null,
      "net_income": 412000,
      "opex": null,
      "cogs": null,
      "rd": null,
      "sga": null,
      "fcf": 9514000,
      "ocf": 9613000,
      "capex": -99000,
      "gross_margin": null,
      "op_margin": null,
      "fcf_margin": 0.19399302652774097,
      "rev_growth_yoy": 0.04916033800406461,
      "rev_growth_yoy_accel": 0.05077501361124991,
      "fcf_margin_change": 0.19269021199911274
    },
    {
      "date": "2025-03-31T00:00:00",
      "quarter_label": "2025-03 (Q1)",
      "revenue": 50125000,
      "gross_profit": null,
      "operating_income": null,
      "net_income": 802000,
      "opex": null,
      "cogs": null,
      "rd": null,
      "sga": null,
      "fcf": -986000,
      "ocf": -722000,
      "capex": -264000,
      "gross_margin": null,
      "op_margin": null,
      "fcf_margin": -0.01967082294264339,
      "rev_growth_yoy": 0.06655743983658531,
      "rev_growth_yoy_accel": 0.017397101832520703,
      "fcf_margin_change": -0.21366384947038436
    },
    {
      "date": "2025-06-30T00:00:00",
      "quarter_label": "2025-06 (Q2)",
      "revenue": 55290000,
      "gross_profit": null,
      "operating_income": null,
      "net_income": 3316000,
      "opex": null,
      "cogs": null,
      "rd": null,
      "sga": null,
      "fcf": 9108000,
      "ocf": 9278000,
      "capex": -170000,
      "gross_margin": null,
      "op_margin": null,
      "fcf_margin": 0.1647314161692892,
      "rev_growth_yoy": 0.159897625241252,
      "rev_growth_yoy_accel": 0.0933401854046667,
      "fcf_margin_change": 0.1844022391119326
    },
    {
      "date": "2025-09-30T00:00:00",
      "quarter_label": "2025-09 (Q3)",
      "revenue": 53760000,
      "gross_profit": null,
      "operating_income": null,
      "net_income": 577000,
      "opex": null,
      "cogs": null,
      "rd": null,
      "sga": null,
      "fcf": 6611000,
      "ocf": 6642000,
      "capex": -31000,
      "gross_margin": null,
      "op_margin": null,
      "fcf_margin": 0.12297247023809524,
      "rev_growth_yoy": 0.207574294121611,
      "rev_growth_yoy_accel": 0.047676668880358986,
      "fcf_margin_change": -0.041758945931193975
    }
  ],
  "signals": [
    {
      "quarter": "2025-06 (Q2)",
      "signal": "FCF TURNED POSITIVE",
      "detail": "FCF margin: -2.0% -> +16.5%",
      "severity": "HIGH"
    },
    {
      "quarter": "2025-06 (Q2)",
      "signal": "YoY REVENUE GROWTH ACCELERATION",
      "detail": "YoY growth: +16.0% vs prior quarter YoY: +6.7% (accel: +9.3%)",
      "severity": "MEDIUM"
    },
    {
      "quarter": "2024-12 (Q4)",
      "signal": "FCF MARGIN EXPANSION",
      "detail": "FCF margin: +0.1% -> +19.4% (+19.3%)",
      "severity": "MEDIUM"
    },
    {
      "quarter": "2024-12 (Q4)",
      "signal": "YoY REVENUE GROWTH ACCELERATION",
      "detail": "YoY growth: +4.9% vs prior quarter YoY: -0.2% (accel: +5.1%)",
      "severity": "MEDIUM"
    },
    {
      "quarter": "2024-06 (Q2)",
      "signal": "FCF TURNED POSITIVE",
      "detail": "FCF margin: -11.4% -> +0.8%",
      "severity": "HIGH"
    },
    {
      "quarter": "2023-12 (Q4)",
      "signal": "FCF MARGIN EXPANSION",
      "detail": "FCF margin: +3.0% -> +13.2% (+10.2%)",
      "severity": "MEDIUM"
    },
    {
      "quarter": "2023-12 (Q4)",
      "signal": "YoY REVENUE GROWTH ACCELERATION",
      "detail": "YoY growth: +3.3% vs prior quarter YoY: -3.8% (accel: +7.1%)",
      "severity": "MEDIUM"
    },
    {
      "quarter": "2023-09 (Q3)",
      "signal": "YoY REVENUE GROWTH DECELERATION",
      "detail": "YoY growth: -3.8% vs prior quarter YoY: +10.1% (decel: -13.9%)",
      "severity": "WARNING"
    },
    {
      "quarter": "2023-06 (Q2)",
      "signal": "FCF TURNED POSITIVE",
      "detail": "FCF margin: -25.2% -> +13.6%",
      "severity": "HIGH"
    },
    {
      "quarter": "2023-06 (Q2)",
      "signal": "YoY REVENUE GROWTH ACCELERATION",
      "detail": "YoY growth: +10.1% vs prior quarter YoY: -10.3% (accel: +20.5%)",
      "severity": "HIGH"
    },
    {
      "quarter": "2022-12 (Q4)",
      "signal": "FCF MARGIN EXPANSION",
      "detail": "FCF margin: +4.6% -> +19.2% (+14.6%)",
      "severity": "MEDIUM"
    },
    {
      "quarter": "2022-09 (Q3)",
      "signal": "YoY REVENUE GROWTH ACCELERATION",
      "detail": "YoY growth: -6.0% vs prior quarter YoY: -13.2% (accel: +7.2%)",
      "severity": "MEDIUM"
    },
    {
      "quarter": "2022-06 (Q2)",
      "signal": "FCF TURNED POSITIVE",
      "detail": "FCF margin: -15.5% -> +7.9%",
      "severity": "HIGH"
    },
    {
      "quarter": "2022-06 (Q2)",
      "signal": "YoY REVENUE GROWTH DECELERATION",
      "detail": "YoY growth: -13.2% vs prior quarter YoY: +5.2% (decel: -18.4%)",
      "severity": "WARNING"
    },
    {
      "quarter": "2022-03 (Q1)",
      "signal": "YoY REVENUE GROWTH ACCELERATION",
      "detail": "YoY growth: +5.2% vs prior quarter YoY: -17.0% (accel: +22.2%)",
      "severity": "HIGH"
    },
    {
      "quarter": "2021-12 (Q4)",
      "signal": "FCF MARGIN EXPANSION",
      "detail": "FCF margin: +8.7% -> +21.4% (+12.6%)",
      "severity": "MEDIUM"
    },
    {
      "quarter": "2021-09 (Q3)",
      "signal": "FCF TURNED POSITIVE",
      "detail": "FCF margin: -15.3% -> +8.7%",
      "severity": "HIGH"
    }
  ],
  "data_quality": {
    "n_quarters": 20,
    "coverage": {
      "revenue": [
        20,
        20
      ],
      "gross_profit": [
        0,
        20
      ],
      "op_income": [
        0,
        20
      ],
      "fcf": [
        20,
        20
      ]
    },
    "gaps": [],
    "warnings": [
      "gross_profit: no data",
      "op_income: no data"
    ]
  },
  "market_cap": null,
  "source": "SEC EDGAR",
  "last_updated": "2026-02-02T23:37:16.223385",
  "sector": "Financial Services",
  "industry": "Insurance - Life"
}