{
  "ticker": "AAMI",
  "name": "Acadian Asset Management Inc.",
  "quarters": [
    {
      "date": "2020-12-31T00:00:00",
      "quarter_label": "2020-12 (Q4)",
      "revenue": 178800000,
      "gross_profit": null,
      "operating_income": 38600000,
      "net_income": 198000000,
      "opex": 140200000,
      "cogs": null,
      "rd": null,
      "sga": null,
      "fcf": -1500000,
      "ocf": -1500000,
      "capex": null,
      "gross_margin": null,
      "op_margin": 0.21588366890380314,
      "fcf_margin": -0.008389261744966443
    },
    {
      "date": "2021-03-31T00:00:00",
      "quarter_label": "2021-03 (Q1)",
      "revenue": 131200000,
      "gross_profit": null,
      "operating_income": 37100000,
      "net_income": 27000000,
      "opex": 94100000,
      "cogs": null,
      "rd": null,
      "sga": null,
      "fcf": -23800000,
      "ocf": -20300000,
      "capex": -3500000,
      "gross_margin": null,
      "op_margin": 0.28277439024390244,
      "fcf_margin": -0.18140243902439024,
      "fcf_margin_change": -0.1730131772794238
    },
    {
      "date": "2021-06-30T00:00:00",
      "quarter_label": "2021-06 (Q2)",
      "revenue": 133300000,
      "gross_profit": null,
      "operating_income": 36100000,
      "net_income": 532700000,
      "opex": 97200000,
      "cogs": null,
      "rd": null,
      "sga": null,
      "fcf": 61800000,
      "ocf": 65700000,
      "capex": -3900000,
      "gross_margin": null,
      "op_margin": 0.27081770442610653,
      "fcf_margin": 0.463615903975994,
      "op_leverage_ratio": 0.4858625098347758,
      "fcf_margin_change": 0.6450183430003842
    },
    {
      "date": "2021-09-30T00:00:00",
      "quarter_label": "2021-09 (Q3)",
      "revenue": 117900000,
      "gross_profit": null,
      "operating_income": 28700000,
      "net_income": 229500000,
      "opex": 89200000,
      "cogs": null,
      "rd": null,
      "sga": null,
      "fcf": -34000000,
      "ocf": -30300000,
      "capex": -3700000,
      "gross_margin": null,
      "op_margin": 0.24342663273960985,
      "fcf_margin": -0.2883799830364716,
      "fcf_margin_change": -0.7519958870124657
    },
    {
      "date": "2021-12-31T00:00:00",
      "quarter_label": "2021-12 (Q4)",
      "revenue": 162900000,
      "gross_profit": null,
      "operating_income": 48500000,
      "net_income": 39200000,
      "opex": 114400000,
      "cogs": null,
      "rd": null,
      "sga": null,
      "fcf": -26600000,
      "ocf": -26600000,
      "capex": null,
      "gross_margin": null,
      "op_margin": 0.29772866789441377,
      "fcf_margin": -0.1632903621853898,
      "incr_op_margin_yoy": -0.6226415094339622,
      "rev_growth_yoy": -0.08892617449664429,
      "op_leverage_ratio": 1.3510238701078396,
      "fcf_margin_change": 0.1250896208510818
    },
    {
      "date": "2022-03-31T00:00:00",
      "quarter_label": "2022-03 (Q1)",
      "revenue": 112200000,
      "gross_profit": null,
      "operating_income": 43200000,
      "net_income": 23800000,
      "opex": 69000000,
      "cogs": null,
      "rd": null,
      "sga": null,
      "fcf": -18400000,
      "ocf": -14400000,
      "capex": -4000000,
      "gross_margin": null,
      "op_margin": 0.3850267379679144,
      "fcf_margin": -0.16399286987522282,
      "incr_op_margin_yoy": -0.32105263157894737,
      "rev_growth_yoy": -0.1448170731707317,
      "rev_growth_yoy_accel": -0.055890898674087405,
      "fcf_margin_change": -0.0007025076898330151
    },
    {
      "date": "2022-06-30T00:00:00",
      "quarter_label": "2022-06 (Q2)",
      "revenue": 95500000,
      "gross_profit": null,
      "operating_income": 46700000,
      "net_income": 28600000,
      "opex": 48800000,
      "cogs": null,
      "rd": null,
      "sga": null,
      "fcf": 40100000,
      "ocf": 44300000,
      "capex": -4200000,
      "gross_margin": null,
      "op_margin": 0.48900523560209425,
      "fcf_margin": 0.4198952879581152,
      "incr_op_margin_yoy": -0.2804232804232804,
      "rev_growth_yoy": -0.2835708927231808,
      "rev_growth_yoy_accel": -0.13875381955244911,
      "fcf_margin_change": 0.583888157833338
    },
    {
      "date": "2022-09-30T00:00:00",
      "quarter_label": "2022-09 (Q3)",
      "revenue": 86800000,
      "gross_profit": null,
      "operating_income": 30100000,
      "net_income": 17800000,
      "opex": 56700000,
      "cogs": null,
      "rd": null,
      "sga": null,
      "fcf": 28900000,
      "ocf": 33400000,
      "capex": -4500000,
      "gross_margin": null,
      "op_margin": 0.3467741935483871,
      "fcf_margin": 0.33294930875576034,
      "incr_op_margin_yoy": -0.04501607717041801,
      "rev_growth_yoy": -0.263782866836302,
      "rev_growth_yoy_accel": 0.019788025886878835,
      "fcf_margin_change": -0.08694597920235486
    },
    {
      "date": "2022-12-31T00:00:00",
      "quarter_label": "2022-12 (Q4)",
      "revenue": 122700000,
      "gross_profit": null,
      "operating_income": 47900000,
      "net_income": 30400000,
      "opex": 74800000,
      "cogs": null,
      "rd": null,
      "sga": null,
      "fcf": 53500000,
      "ocf": 53500000,
      "capex": null,
      "gross_margin": null,
      "op_margin": 0.3903830480847596,
      "fcf_margin": 0.4360228198859006,
      "incr_op_margin_yoy": 0.014925373134328358,
      "rev_growth_yoy": -0.24677716390423574,
      "rev_growth_yoy_accel": 0.01700570293206624,
      "op_leverage_ratio": 1.295624665834967,
      "fcf_margin_change": 0.10307351113014024
    },
    {
      "date": "2023-03-31T00:00:00",
      "quarter_label": "2023-03 (Q1)",
      "revenue": 91800000,
      "gross_profit": null,
      "operating_income": 19800000,
      "net_income": 12000000,
      "opex": 72000000,
      "cogs": null,
      "rd": null,
      "sga": null,
      "fcf": -39400000,
      "ocf": -34900000,
      "capex": -4500000,
      "gross_margin": null,
      "op_margin": 0.21568627450980393,
      "fcf_margin": -0.42919389978213507,
      "incr_op_margin_yoy": 1.1470588235294117,
      "rev_growth_yoy": -0.18181818181818182,
      "rev_growth_yoy_accel": 0.06495898208605391,
      "fcf_margin_change": -0.8652167196680356
    },
    {
      "date": "2023-06-30T00:00:00",
      "quarter_label": "2023-06 (Q2)",
      "revenue": 96300000,
      "gross_profit": null,
      "operating_income": 20400000,
      "net_income": 11400000,
      "opex": 75900000,
      "cogs": null,
      "rd": null,
      "sga": null,
      "fcf": 35900000,
      "ocf": 39300000,
      "capex": -3400000,
      "gross_margin": null,
      "op_margin": 0.2118380062305296,
      "fcf_margin": 0.37279335410176534,
      "rev_growth_yoy": 0.008376963350785341,
      "rev_growth_yoy_accel": 0.19019514516896716,
      "op_leverage_ratio": 0.9049773755656109,
      "fcf_margin_change": 0.8019872538839004
    },
    {
      "date": "2023-09-30T00:00:00",
      "quarter_label": "2023-09 (Q3)",
      "revenue": 107300000,
      "gross_profit": null,
      "operating_income": 30200000,
      "net_income": 19600000,
      "opex": 77100000,
      "cogs": null,
      "rd": null,
      "sga": null,
      "fcf": 21200000,
      "ocf": 21200000,
      "capex": null,
      "gross_margin": null,
      "op_margin": 0.2814538676607642,
      "fcf_margin": 0.19757688723205966,
      "incr_op_margin_yoy": 0.004878048780487805,
      "rev_growth_yoy": 0.23617511520737328,
      "rev_growth_yoy_accel": 0.22779815185658794,
      "op_leverage_ratio": 7.224818276220145,
      "fcf_margin_change": -0.17521646686970568
    },
    {
      "date": "2023-12-31T00:00:00",
      "quarter_label": "2023-12 (Q4)",
      "revenue": 131200000,
      "gross_profit": null,
      "operating_income": 35600000,
      "net_income": 22800000,
      "opex": 95600000,
      "cogs": null,
      "rd": null,
      "sga": null,
      "fcf": 42700000,
      "ocf": 42700000,
      "capex": null,
      "gross_margin": null,
      "op_margin": 0.27134146341463417,
      "fcf_margin": 0.3254573170731707,
      "incr_op_margin_yoy": -1.4470588235294117,
      "rev_growth_yoy": 0.06927465362673187,
      "rev_growth_yoy_accel": -0.16690046158064142,
      "op_leverage_ratio": 0.9282839223193371,
      "fcf_margin_change": 0.12788042984111106
    },
    {
      "date": "2024-03-31T00:00:00",
      "quarter_label": "2024-03 (Q1)",
      "revenue": 105700000,
      "gross_profit": null,
      "operating_income": 22900000,
      "net_income": 14600000,
      "opex": 82800000,
      "cogs": null,
      "rd": null,
      "sga": null,
      "fcf": -40400000,
      "ocf": -40400000,
      "capex": null,
      "gross_margin": null,
      "op_margin": 0.21665089877010407,
      "fcf_margin": -0.38221381267738885,
      "incr_op_margin_yoy": 0.22302158273381295,
      "rev_growth_yoy": 0.1514161220043573,
      "rev_growth_yoy_accel": 0.08214146837762544,
      "fcf_margin_change": -0.7076711297505596
    },
    {
      "date": "2024-06-30T00:00:00",
      "quarter_label": "2024-06 (Q2)",
      "revenue": 109000000,
      "gross_profit": null,
      "operating_income": 20600000,
      "net_income": 11000000,
      "opex": 88400000,
      "cogs": null,
      "rd": null,
      "sga": null,
      "fcf": 45700000,
      "ocf": 45700000,
      "capex": null,
      "gross_margin": null,
      "op_margin": 0.1889908256880734,
      "fcf_margin": 0.41926605504587156,
      "incr_op_margin_yoy": 0.015748031496062992,
      "rev_growth_yoy": 0.13187954309449637,
      "rev_growth_yoy_accel": -0.019536578909860935,
      "op_leverage_ratio": 0.4616164346533316,
      "fcf_margin_change": 0.8014798677232604
    },
    {
      "date": "2024-09-30T00:00:00",
      "quarter_label": "2024-09 (Q3)",
      "revenue": 123100000,
      "gross_profit": null,
      "operating_income": 27000000,
      "net_income": 16900000,
      "opex": 96100000,
      "cogs": null,
      "rd": null,
      "sga": null,
      "fcf": 69600000,
      "ocf": 69600000,
      "capex": null,
      "gross_margin": null,
      "op_margin": 0.21933387489845654,
      "fcf_margin": 0.5653939886271324,
      "incr_op_margin_yoy": -0.20253164556962025,
      "rev_growth_yoy": 0.14725069897483692,
      "rev_growth_yoy_accel": 0.015371155880340548,
      "op_leverage_ratio": 1.4850947217919697,
      "fcf_margin_change": 0.14612793358126086
    },
    {
      "date": "2024-12-31T00:00:00",
      "quarter_label": "2024-12 (Q4)",
      "revenue": 167800000,
      "gross_profit": null,
      "operating_income": 65000000,
      "net_income": 42500000,
      "opex": 102800000,
      "cogs": null,
      "rd": null,
      "sga": null,
      "fcf": -19100000,
      "ocf": -19100000,
      "capex": null,
      "gross_margin": null,
      "op_margin": 0.3873659117997616,
      "fcf_margin": -0.11382598331346841,
      "incr_op_margin_yoy": 0.8032786885245902,
      "rev_growth_yoy": 0.27896341463414637,
      "rev_growth_yoy_accel": 0.13171271565930945,
      "op_leverage_ratio": 5.208324745080446,
      "fcf_margin_change": -0.6792199719406008
    },
    {
      "date": "2025-03-31T00:00:00",
      "quarter_label": "2025-03 (Q1)",
      "revenue": 119900000,
      "gross_profit": null,
      "operating_income": 31900000,
      "net_income": 20100000,
      "opex": 88000000,
      "cogs": null,
      "rd": null,
      "sga": null,
      "fcf": -48800000,
      "ocf": -48800000,
      "capex": null,
      "gross_margin": null,
      "op_margin": 0.26605504587155965,
      "fcf_margin": -0.4070058381984987,
      "incr_op_margin_yoy": 0.6338028169014085,
      "rev_growth_yoy": 0.13434247871333965,
      "rev_growth_yoy_accel": -0.14462093592080671,
      "fcf_margin_change": -0.2931798548850303
    },
    {
      "date": "2025-06-30T00:00:00",
      "quarter_label": "2025-06 (Q2)",
      "revenue": 127400000,
      "gross_profit": null,
      "operating_income": 16200000,
      "net_income": 10100000,
      "opex": 111200000,
      "cogs": null,
      "rd": null,
      "sga": null,
      "fcf": 61600000,
      "ocf": 61600000,
      "capex": null,
      "gross_margin": null,
      "op_margin": 0.1271585557299843,
      "fcf_margin": 0.4835164835164835,
      "incr_op_margin_yoy": -0.2391304347826087,
      "rev_growth_yoy": 0.1688073394495413,
      "rev_growth_yoy_accel": 0.03446486073620164,
      "op_leverage_ratio": 0.23726668775703894,
      "fcf_margin_change": 0.8905223217149822
    },
    {
      "date": "2025-09-30T00:00:00",
      "quarter_label": "2025-09 (Q3)",
      "revenue": 144200000,
      "gross_profit": null,
      "operating_income": 26600000,
      "net_income": 15100000,
      "opex": 117600000,
      "cogs": null,
      "rd": null,
      "sga": null,
      "fcf": -23900000,
      "ocf": -23900000,
      "capex": null,
      "gross_margin": null,
      "op_margin": 0.18446601941747573,
      "fcf_margin": -0.16574202496532595,
      "incr_op_margin_yoy": -0.018957345971563982,
      "rev_growth_yoy": 0.17140536149471974,
      "rev_growth_yoy_accel": 0.0025980220451784497,
      "op_leverage_ratio": 2.291208791208791,
      "fcf_margin_change": -0.6492585084818094
    }
  ],
  "signals": [
    {
      "quarter": "2025-09 (Q3)",
      "signal": "OPERATING LEVERAGE",
      "detail": "Rev growth +13.2% vs OpEx growth +5.8% (leverage: 2.3x)",
      "severity": "MEDIUM"
    },
    {
      "quarter": "2025-06 (Q2)",
      "signal": "FCF TURNED POSITIVE",
      "detail": "FCF margin: -40.7% -> +48.4%",
      "severity": "HIGH"
    },
    {
      "quarter": "2025-03 (Q1)",
      "signal": "YoY REVENUE GROWTH DECELERATION",
      "detail": "YoY growth: +13.4% vs prior quarter YoY: +27.9% (decel: -14.5%)",
      "severity": "WARNING"
    },
    {
      "quarter": "2025-03 (Q1)",
      "signal": "INCREMENTAL MARGIN (YoY)",
      "detail": "YoY Incr OPM: +63.4% vs year-ago OPM: +21.7%",
      "severity": "HIGH"
    },
    {
      "quarter": "2024-12 (Q4)",
      "signal": "OPERATING LEVERAGE",
      "detail": "Rev growth +36.3% vs OpEx growth +7.0% (leverage: 5.2x)",
      "severity": "MEDIUM"
    },
    {
      "quarter": "2024-12 (Q4)",
      "signal": "YoY REVENUE GROWTH ACCELERATION",
      "detail": "YoY growth: +27.9% vs prior quarter YoY: +14.7% (accel: +13.2%)",
      "severity": "MEDIUM"
    },
    {
      "quarter": "2024-12 (Q4)",
      "signal": "INCREMENTAL MARGIN (YoY)",
      "detail": "YoY Incr OPM: +80.3% vs year-ago OPM: +27.1%",
      "severity": "HIGH"
    },
    {
      "quarter": "2024-09 (Q3)",
      "signal": "FCF MARGIN EXPANSION",
      "detail": "FCF margin: +41.9% -> +56.5% (+14.6%)",
      "severity": "MEDIUM"
    },
    {
      "quarter": "2024-06 (Q2)",
      "signal": "FCF TURNED POSITIVE",
      "detail": "FCF margin: -38.2% -> +41.9%",
      "severity": "HIGH"
    },
    {
      "quarter": "2024-03 (Q1)",
      "signal": "YoY REVENUE GROWTH ACCELERATION",
      "detail": "YoY growth: +15.1% vs prior quarter YoY: +6.9% (accel: +8.2%)",
      "severity": "MEDIUM"
    },
    {
      "quarter": "2023-12 (Q4)",
      "signal": "FCF MARGIN EXPANSION",
      "detail": "FCF margin: +19.8% -> +32.5% (+12.8%)",
      "severity": "MEDIUM"
    },
    {
      "quarter": "2023-12 (Q4)",
      "signal": "YoY REVENUE GROWTH DECELERATION",
      "detail": "YoY growth: +6.9% vs prior quarter YoY: +23.6% (decel: -16.7%)",
      "severity": "WARNING"
    },
    {
      "quarter": "2023-09 (Q3)",
      "signal": "OPERATING LEVERAGE",
      "detail": "Rev growth +11.4% vs OpEx growth +1.6% (leverage: 7.2x)",
      "severity": "MEDIUM"
    },
    {
      "quarter": "2023-09 (Q3)",
      "signal": "YoY REVENUE GROWTH ACCELERATION",
      "detail": "YoY growth: +23.6% vs prior quarter YoY: +0.8% (accel: +22.8%)",
      "severity": "HIGH"
    },
    {
      "quarter": "2023-06 (Q2)",
      "signal": "FCF TURNED POSITIVE",
      "detail": "FCF margin: -42.9% -> +37.3%",
      "severity": "HIGH"
    },
    {
      "quarter": "2023-06 (Q2)",
      "signal": "YoY REVENUE GROWTH ACCELERATION",
      "detail": "YoY growth: +0.8% vs prior quarter YoY: -18.2% (accel: +19.0%)",
      "severity": "HIGH"
    },
    {
      "quarter": "2023-03 (Q1)",
      "signal": "YoY REVENUE GROWTH ACCELERATION",
      "detail": "YoY growth: -18.2% vs prior quarter YoY: -24.7% (accel: +6.5%)",
      "severity": "MEDIUM"
    },
    {
      "quarter": "2023-03 (Q1)",
      "signal": "INCREMENTAL MARGIN (YoY)",
      "detail": "YoY Incr OPM: +114.7% vs year-ago OPM: +38.5%",
      "severity": "HIGH"
    },
    {
      "quarter": "2022-12 (Q4)",
      "signal": "FCF MARGIN EXPANSION",
      "detail": "FCF margin: +33.3% -> +43.6% (+10.3%)",
      "severity": "MEDIUM"
    },
    {
      "quarter": "2022-06 (Q2)",
      "signal": "FCF TURNED POSITIVE",
      "detail": "FCF margin: -16.4% -> +42.0%",
      "severity": "HIGH"
    },
    {
      "quarter": "2022-06 (Q2)",
      "signal": "YoY REVENUE GROWTH DECELERATION",
      "detail": "YoY growth: -28.4% vs prior quarter YoY: -14.5% (decel: -13.9%)",
      "severity": "WARNING"
    },
    {
      "quarter": "2022-03 (Q1)",
      "signal": "YoY REVENUE GROWTH DECELERATION",
      "detail": "YoY growth: -14.5% vs prior quarter YoY: -8.9% (decel: -5.6%)",
      "severity": "WARNING"
    },
    {
      "quarter": "2021-12 (Q4)",
      "signal": "FCF MARGIN EXPANSION",
      "detail": "FCF margin: -28.8% -> -16.3% (+12.5%)",
      "severity": "MEDIUM"
    },
    {
      "quarter": "2021-06 (Q2)",
      "signal": "FCF TURNED POSITIVE",
      "detail": "FCF margin: -18.1% -> +46.4%",
      "severity": "HIGH"
    }
  ],
  "data_quality": {
    "n_quarters": 20,
    "coverage": {
      "revenue": [
        20,
        20
      ],
      "gross_profit": [
        0,
        20
      ],
      "op_income": [
        20,
        20
      ],
      "fcf": [
        20,
        20
      ]
    },
    "gaps": [],
    "warnings": [
      "gross_profit: no data"
    ]
  },
  "market_cap": null,
  "source": "SEC EDGAR",
  "last_updated": "2026-02-02T21:37:12.747507"
}