{
  "ticker": "AAP",
  "name": "ADVANCE AUTO PARTS, INC.",
  "sector": "Consumer Cyclical",
  "industry": "Auto Parts",
  "quarters": [
    {
      "date": "2019-10-05T00:00:00",
      "quarter_label": "2019-10 (Q4)",
      "revenue": 2312106000,
      "gross_profit": 1011926000,
      "operating_income": 172328000,
      "net_income": 123669000,
      "opex": 839598000,
      "cogs": 1300180000,
      "rd": null,
      "sga": 839598000,
      "fcf": 158586000,
      "ocf": 216385000,
      "capex": -57799000,
      "gross_margin": 0.4376641901366114,
      "op_margin": 0.07453291501341201,
      "fcf_margin": 0.06858941588318182
    },
    {
      "date": "2019-12-28T00:00:00",
      "quarter_label": "2019-12 (Q4)",
      "revenue": 2112614000,
      "gross_profit": 928769000,
      "operating_income": 126139000,
      "net_income": 95907000,
      "opex": 802630000,
      "cogs": 1183845000,
      "rd": null,
      "sga": 802630000,
      "fcf": 57458000,
      "ocf": 158363000,
      "capex": -100905000,
      "gross_margin": 0.4396302400722517,
      "op_margin": 0.05970754714301808,
      "fcf_margin": 0.0271975855504129,
      "fcf_margin_change": -0.04139183033276892
    },
    {
      "date": "2020-07-11T00:00:00",
      "quarter_label": "2020-07 (Q3)",
      "revenue": 2501380000,
      "gross_profit": 1096714000,
      "operating_income": 262845000,
      "net_income": 189960000,
      "opex": 833869000,
      "cogs": 1404666000,
      "rd": null,
      "sga": 833869000,
      "fcf": null,
      "ocf": null,
      "capex": null,
      "gross_margin": 0.4384435791443123,
      "op_margin": 0.10507999584229505,
      "fcf_margin": null,
      "op_leverage_ratio": 4.728097110641392
    },
    {
      "date": "2020-10-03T00:00:00",
      "quarter_label": "2020-10 (Q4)",
      "revenue": 2541928000,
      "gross_profit": 1128471000,
      "operating_income": 256811000,
      "net_income": 147476000,
      "opex": 871660000,
      "cogs": 1413457000,
      "rd": null,
      "sga": 871660000,
      "fcf": 308481000,
      "ocf": 361008000,
      "capex": -52527000,
      "gross_margin": 0.44394294409597757,
      "op_margin": 0.10103000557057477,
      "fcf_margin": 0.12135709587368328,
      "incr_op_margin_yoy": 0.36760188319656084,
      "rev_growth_yoy": 0.09939942199881839,
      "op_leverage_ratio": 0.3576837494570188
    },
    {
      "date": "2021-01-02T00:00:00",
      "quarter_label": "2021-01 (Q1)",
      "revenue": 2365131000,
      "gross_profit": 1083696000,
      "operating_income": 151826000,
      "net_income": 111996000,
      "opex": 931870000,
      "cogs": 1281435000,
      "rd": null,
      "sga": 931870000,
      "fcf": 85526000,
      "ocf": 160470000,
      "capex": -74944000,
      "gross_margin": 0.4581970301010811,
      "op_margin": 0.06419348442010189,
      "fcf_margin": 0.036161210520685744,
      "incr_op_margin_yoy": 0.10172384433523288,
      "rev_growth_yoy": 0.11952822427570772,
      "rev_growth_yoy_accel": 0.020128802276889332,
      "fcf_margin_change": -0.08519588535299753
    },
    {
      "date": "2021-07-17T00:00:00",
      "quarter_label": "2021-07 (Q3)",
      "revenue": 2649415000,
      "gross_profit": 1189251000,
      "operating_income": 244928000,
      "net_income": 178696000,
      "opex": 944323000,
      "cogs": 1460164000,
      "rd": null,
      "sga": 944323000,
      "fcf": null,
      "ocf": null,
      "capex": null,
      "gross_margin": 0.4488730531079502,
      "op_margin": 0.09244606828299833,
      "fcf_margin": null,
      "incr_op_margin_yoy": -0.12103218833383997,
      "rev_growth_yoy": 0.05918133190478855,
      "rev_growth_yoy_accel": -0.06034689237091917,
      "op_leverage_ratio": 8.994531757839194
    },
    {
      "date": "2021-10-09T00:00:00",
      "quarter_label": "2021-10 (Q4)",
      "revenue": 2621229000,
      "gross_profit": 1182454000,
      "operating_income": 229198000,
      "net_income": 169813000,
      "opex": 953256000,
      "cogs": 1438775000,
      "rd": null,
      "sga": 953256000,
      "fcf": 87367000,
      "ocf": 148777000,
      "capex": -61410000,
      "gross_margin": 0.4511067136827801,
      "op_margin": 0.0874391363745785,
      "fcf_margin": 0.03333054838016823,
      "incr_op_margin_yoy": -0.34820494066909624,
      "rev_growth_yoy": 0.031197185758211878,
      "rev_growth_yoy_accel": -0.027984146146576676
    },
    {
      "date": "2022-01-01T00:00:00",
      "quarter_label": "2022-01 (Q1)",
      "revenue": 2396975000,
      "gross_profit": 1072117000,
      "operating_income": 112462000,
      "net_income": 81669000,
      "opex": 959655000,
      "cogs": 1324858000,
      "rd": null,
      "sga": 959655000,
      "fcf": 83430000,
      "ocf": 182086000,
      "capex": -98656000,
      "gross_margin": 0.447279174793229,
      "op_margin": 0.046918303278090094,
      "fcf_margin": 0.03480637052952158,
      "incr_op_margin_yoy": -1.2361512372817485,
      "rev_growth_yoy": 0.01346394766294129,
      "rev_growth_yoy_accel": -0.01773323809527059,
      "fcf_margin_change": 0.0014758221493533508
    },
    {
      "date": "2022-07-16T00:00:00",
      "quarter_label": "2022-07 (Q3)",
      "revenue": 2665426000,
      "gross_profit": 1185719000,
      "operating_income": 201682000,
      "net_income": 144402000,
      "opex": 984037000,
      "cogs": 1479707000,
      "rd": null,
      "sga": 984037000,
      "fcf": null,
      "ocf": null,
      "capex": null,
      "gross_margin": 0.4448515922032726,
      "op_margin": 0.07566595358490538,
      "fcf_margin": null,
      "incr_op_margin_yoy": -2.7010180500905627,
      "rev_growth_yoy": 0.006043220861963868,
      "rev_growth_yoy_accel": -0.007420726800977423,
      "op_leverage_ratio": 4.40805825277297
    },
    {
      "date": "2022-10-08T00:00:00",
      "quarter_label": "2022-10 (Q4)",
      "revenue": 2641341000,
      "gross_profit": 1179851000,
      "operating_income": 177198000,
      "net_income": 110982000,
      "opex": 1002653000,
      "cogs": 1461490000,
      "rd": null,
      "sga": 1002653000,
      "fcf": 52124000,
      "ocf": 174551000,
      "capex": -122427000,
      "gross_margin": 0.44668636120818933,
      "op_margin": 0.06708637771495615,
      "fcf_margin": 0.019733915461880917,
      "incr_op_margin_yoy": -2.58552108194113,
      "rev_growth_yoy": 0.007672736720065282,
      "rev_growth_yoy_accel": 0.0016295158581014144
    },
    {
      "date": "2022-12-31T00:00:00",
      "quarter_label": "2022-12 (Q4)",
      "revenue": 2473745000,
      "gross_profit": 1090011000,
      "operating_income": 132002000,
      "net_income": 106696000,
      "opex": 958009000,
      "cogs": 1383734000,
      "rd": null,
      "sga": 958009000,
      "fcf": 188359000,
      "ocf": 253477000,
      "capex": -65118000,
      "gross_margin": 0.44063191638588456,
      "op_margin": 0.053361199315208316,
      "fcf_margin": 0.07614325647954821,
      "incr_op_margin_yoy": 0.25452650775042335,
      "rev_growth_yoy": 0.03202786845920379,
      "rev_growth_yoy_accel": 0.024355131739138506,
      "fcf_margin_change": 0.0564093410176673
    },
    {
      "date": "2023-07-15T00:00:00",
      "quarter_label": "2023-07 (Q3)",
      "revenue": 2686066000,
      "gross_profit": 1148069000,
      "operating_income": 134368000,
      "net_income": 85362000,
      "opex": 1013701000,
      "cogs": 1537997000,
      "rd": null,
      "sga": 1013701000,
      "fcf": null,
      "ocf": null,
      "capex": null,
      "gross_margin": 0.4274165266229497,
      "op_margin": 0.05002408727112439,
      "fcf_margin": null,
      "incr_op_margin_yoy": -3.2613372093023254,
      "rev_growth_yoy": 0.007743602711161368,
      "rev_growth_yoy_accel": -0.02428426574804242,
      "op_leverage_ratio": 1.476436578308609
    },
    {
      "date": "2023-10-07T00:00:00",
      "quarter_label": "2023-10 (Q4)",
      "revenue": 2719079000,
      "gross_profit": 986659000,
      "operating_income": -43696000,
      "net_income": -48633000,
      "opex": 1030355000,
      "cogs": 1732420000,
      "rd": null,
      "sga": 1030355000,
      "fcf": 166653000,
      "ocf": 195965000,
      "capex": -29312000,
      "gross_margin": 0.3628651466176599,
      "op_margin": -0.016070147281487594,
      "fcf_margin": 0.061290238349088054,
      "incr_op_margin_yoy": -2.8415189482621113,
      "rev_growth_yoy": 0.0294312623777089,
      "rev_growth_yoy_accel": 0.02168765966654753,
      "op_leverage_ratio": 0.7480999519828154
    },
    {
      "date": "2023-12-30T00:00:00",
      "quarter_label": "2023-12 (Q4)",
      "revenue": 2464869000,
      "gross_profit": 920964000,
      "operating_income": -80716000,
      "net_income": -60510000,
      "opex": 1001680000,
      "cogs": 1543905000,
      "rd": null,
      "sga": 1001680000,
      "fcf": 206352000,
      "ocf": 258166000,
      "capex": -51814000,
      "gross_margin": 0.37363608370262275,
      "op_margin": -0.032746567870341185,
      "fcf_margin": 0.08371722797438728,
      "incr_op_margin_yoy": 23.965525011266337,
      "rev_growth_yoy": -0.003588082037558439,
      "rev_growth_yoy_accel": -0.03301934441526734,
      "fcf_margin_change": 0.02242698962529923
    },
    {
      "date": "2024-07-13T00:00:00",
      "quarter_label": "2024-07 (Q3)",
      "revenue": 2683053000,
      "gross_profit": 1114308000,
      "operating_income": 71751000,
      "net_income": 44991000,
      "opex": 1042557000,
      "cogs": 1568745000,
      "rd": null,
      "sga": 1042557000,
      "fcf": null,
      "ocf": null,
      "capex": null,
      "gross_margin": 0.4153134507592657,
      "op_margin": 0.02674229692816355,
      "fcf_margin": null,
      "incr_op_margin_yoy": 20.782276800531033,
      "rev_growth_yoy": -0.0011217148052207206,
      "rev_growth_yoy_accel": 0.002466367232337718,
      "op_leverage_ratio": 2.169097351830995
    },
    {
      "date": "2024-10-05T00:00:00",
      "quarter_label": "2024-10 (Q4)",
      "revenue": 2147991000,
      "gross_profit": 907898000,
      "operating_income": 403000,
      "net_income": -6014000,
      "opex": 907495000,
      "cogs": 1240093000,
      "rd": null,
      "sga": 907495000,
      "fcf": 27000000,
      "ocf": 70000000,
      "capex": -43000000,
      "gross_margin": 0.4226730931367962,
      "op_margin": 0.00018761717344253304,
      "fcf_margin": 0.012569885069350849,
      "incr_op_margin_yoy": -0.07721927268652116,
      "rev_growth_yoy": -0.21002994028492736,
      "rev_growth_yoy_accel": -0.20890822547970664
    },
    {
      "date": "2024-12-28T00:00:00",
      "quarter_label": "2024-12 (Q4)",
      "revenue": 1996025000,
      "gross_profit": 347116000,
      "operating_income": -820003000,
      "net_income": -414777000,
      "opex": 1167119000,
      "cogs": 1648909000,
      "rd": null,
      "sga": 858217000,
      "fcf": -124000000,
      "ocf": -73000000,
      "capex": -51000000,
      "gross_margin": 0.17390363347152465,
      "op_margin": -0.4108180007765434,
      "fcf_margin": -0.062123470397414865,
      "incr_op_margin_yoy": 1.5768293931456945,
      "rev_growth_yoy": -0.19021051423016802,
      "rev_growth_yoy_accel": 0.019819426054759337,
      "fcf_margin_change": -0.07469335546676571
    },
    {
      "date": "2025-07-12T00:00:00",
      "quarter_label": "2025-07 (Q3)",
      "revenue": 2010000000,
      "gross_profit": 874000000,
      "operating_income": 22000000,
      "net_income": 15000000,
      "opex": 852000000,
      "cogs": 1136000000,
      "rd": null,
      "sga": 823000000,
      "fcf": null,
      "ocf": null,
      "capex": null,
      "gross_margin": 0.43482587064676614,
      "op_margin": 0.010945273631840797,
      "fcf_margin": null,
      "incr_op_margin_yoy": 0.07391839869965663,
      "rev_growth_yoy": -0.25085341213908185,
      "rev_growth_yoy_accel": -0.060642897908913834
    },
    {
      "date": "2025-10-04T00:00:00",
      "quarter_label": "2025-10 (Q4)",
      "revenue": 2036000000,
      "gross_profit": 881000000,
      "operating_income": 22000000,
      "net_income": -1000000,
      "opex": 859000000,
      "cogs": 1155000000,
      "rd": null,
      "sga": 826000000,
      "fcf": -76000000,
      "ocf": -12000000,
      "capex": -64000000,
      "gross_margin": 0.43271119842829076,
      "op_margin": 0.010805500982318271,
      "fcf_margin": -0.03732809430255403,
      "incr_op_margin_yoy": -0.19284585368467108,
      "rev_growth_yoy": -0.052137555511173,
      "rev_growth_yoy_accel": 0.19871585662790886,
      "op_leverage_ratio": 1.574413646055437
    },
    {
      "date": "2026-01-03T00:00:00",
      "quarter_label": "2026-01 (Q1)",
      "revenue": 1973000000,
      "gross_profit": 869000000,
      "operating_income": 44000000,
      "net_income": 6000000,
      "opex": 825000000,
      "cogs": 1104000000,
      "rd": null,
      "sga": 801000000,
      "fcf": -21000000,
      "ocf": 72000000,
      "capex": -93000000,
      "gross_margin": 0.44044602128737964,
      "op_margin": 0.022301064368981247,
      "fcf_margin": -0.010643689812468323,
      "incr_op_margin_yoy": -37.52456026058632,
      "rev_growth_yoy": -0.01153542666048772,
      "rev_growth_yoy_accel": 0.04060212885068528,
      "fcf_margin_change": 0.026684404490085707
    }
  ],
  "signals": [
    {
      "quarter": "2026-01 (Q1)",
      "signal": "OP MARGIN TURNED POSITIVE (YoY)",
      "detail": "Op margin: -41.1% (year-ago) -> +2.2%",
      "severity": "HIGH"
    },
    {
      "quarter": "2025-10 (Q4)",
      "signal": "OPERATING LEVERAGE",
      "detail": "Rev growth +1.3% vs OpEx growth +0.8% (leverage: 1.6x)",
      "severity": "MEDIUM"
    },
    {
      "quarter": "2025-10 (Q4)",
      "signal": "YoY REVENUE GROWTH ACCELERATION",
      "detail": "YoY growth: -5.2% vs prior quarter YoY: -25.1% (accel: +19.9%)",
      "severity": "HIGH"
    },
    {
      "quarter": "2025-07 (Q3)",
      "signal": "GROSS MARGIN INFLECTION",
      "detail": "GM: +42.3% -> +17.4% -> +43.5% (reversal +26.1%)",
      "severity": "HIGH"
    },
    {
      "quarter": "2025-07 (Q3)",
      "signal": "YoY REVENUE GROWTH DECELERATION",
      "detail": "YoY growth: -25.1% vs prior quarter YoY: -19.0% (decel: -6.1%)",
      "severity": "WARNING"
    },
    {
      "quarter": "2025-07 (Q3)",
      "signal": "OP MARGIN TURNED POSITIVE (QoQ)",
      "detail": "Op margin: -41.1% -> +1.1%",
      "severity": "HIGH"
    },
    {
      "quarter": "2024-10 (Q4)",
      "signal": "YoY REVENUE GROWTH DECELERATION",
      "detail": "YoY growth: -21.0% vs prior quarter YoY: -0.1% (decel: -20.9%)",
      "severity": "WARNING"
    },
    {
      "quarter": "2024-10 (Q4)",
      "signal": "OP MARGIN TURNED POSITIVE (YoY)",
      "detail": "Op margin: -1.6% (year-ago) -> +0.0%",
      "severity": "HIGH"
    },
    {
      "quarter": "2024-07 (Q3)",
      "signal": "OPERATING LEVERAGE",
      "detail": "Rev growth +8.9% vs OpEx growth +4.1% (leverage: 2.2x)",
      "severity": "MEDIUM"
    },
    {
      "quarter": "2024-07 (Q3)",
      "signal": "INCREMENTAL MARGIN (YoY)",
      "detail": "YoY Incr OPM: +2078.2% vs year-ago OPM: +5.0%",
      "severity": "HIGH"
    },
    {
      "quarter": "2024-07 (Q3)",
      "signal": "OP MARGIN TURNED POSITIVE (QoQ)",
      "detail": "Op margin: -3.3% -> +2.7%",
      "severity": "HIGH"
    },
    {
      "quarter": "2022-12 (Q4)",
      "signal": "FCF MARGIN EXPANSION",
      "detail": "FCF margin: +2.0% -> +7.6% (+5.6%)",
      "severity": "MEDIUM"
    },
    {
      "quarter": "2022-12 (Q4)",
      "signal": "INCREMENTAL MARGIN (YoY)",
      "detail": "YoY Incr OPM: +25.5% vs year-ago OPM: +4.7%",
      "severity": "HIGH"
    },
    {
      "quarter": "2022-07 (Q3)",
      "signal": "OPERATING LEVERAGE",
      "detail": "Rev growth +11.2% vs OpEx growth +2.5% (leverage: 4.4x)",
      "severity": "MEDIUM"
    },
    {
      "quarter": "2021-07 (Q3)",
      "signal": "OPERATING LEVERAGE",
      "detail": "Rev growth +12.0% vs OpEx growth +1.3% (leverage: 9.0x)",
      "severity": "MEDIUM"
    },
    {
      "quarter": "2021-07 (Q3)",
      "signal": "YoY REVENUE GROWTH DECELERATION",
      "detail": "YoY growth: +5.9% vs prior quarter YoY: +12.0% (decel: -6.0%)",
      "severity": "WARNING"
    },
    {
      "quarter": "2020-10 (Q4)",
      "signal": "INCREMENTAL MARGIN (YoY)",
      "detail": "YoY Incr OPM: +36.8% vs year-ago OPM: +7.5%",
      "severity": "HIGH"
    },
    {
      "quarter": "2020-07 (Q3)",
      "signal": "OPERATING LEVERAGE",
      "detail": "Rev growth +18.4% vs OpEx growth +3.9% (leverage: 4.7x)",
      "severity": "MEDIUM"
    }
  ],
  "data_quality": {
    "n_quarters": 20,
    "coverage": {
      "revenue": [
        20,
        20
      ],
      "gross_profit": [
        20,
        20
      ],
      "op_income": [
        20,
        20
      ],
      "fcf": [
        14,
        20
      ]
    },
    "gaps": [
      [
        "2019-12 (Q4)",
        "2020-07 (Q3)",
        196
      ],
      [
        "2021-01 (Q1)",
        "2021-07 (Q3)",
        196
      ],
      [
        "2022-01 (Q1)",
        "2022-07 (Q3)",
        196
      ],
      [
        "2022-12 (Q4)",
        "2023-07 (Q3)",
        196
      ],
      [
        "2023-12 (Q4)",
        "2024-07 (Q3)",
        196
      ],
      [
        "2024-12 (Q4)",
        "2025-07 (Q3)",
        196
      ]
    ],
    "warnings": [
      "fcf: 14/20Q",
      "gap: 1Q missing between 2019-12 (Q4) and 2020-07 (Q3)",
      "gap: 1Q missing between 2021-01 (Q1) and 2021-07 (Q3)",
      "gap: 1Q missing between 2022-01 (Q1) and 2022-07 (Q3)",
      "gap: 1Q missing between 2022-12 (Q4) and 2023-07 (Q3)",
      "gap: 1Q missing between 2023-12 (Q4) and 2024-07 (Q3)",
      "gap: 1Q missing between 2024-12 (Q4) and 2025-07 (Q3)"
    ]
  },
  "market_cap": null,
  "source": "SEC EDGAR",
  "last_updated": "2026-02-24T10:47:32.331908"
}