{
  "ticker": "AAT",
  "name": "AMERICAN ASSETS TRUST, INC.",
  "quarters": [
    {
      "date": "2020-12-31T00:00:00",
      "quarter_label": "2020-12 (Q4)",
      "revenue": 81347000,
      "gross_profit": 50482000,
      "operating_income": 16415000,
      "net_income": 2898000,
      "opex": 64932000,
      "cogs": null,
      "rd": null,
      "sga": null,
      "fcf": 17836000,
      "ocf": 17836000,
      "capex": null,
      "gross_margin": 0.6205760507455714,
      "op_margin": 0.20178986317872816,
      "fcf_margin": 0.21925823939420017
    },
    {
      "date": "2021-03-31T00:00:00",
      "quarter_label": "2021-03 (Q1)",
      "revenue": 83986000,
      "gross_profit": 54386000,
      "operating_income": 20062000,
      "net_income": 1257000,
      "opex": 63924000,
      "cogs": null,
      "rd": null,
      "sga": null,
      "fcf": 42505000,
      "ocf": 42505000,
      "capex": null,
      "gross_margin": 0.647560307670326,
      "op_margin": 0.23887314552425404,
      "fcf_margin": 0.5060962541375944,
      "op_leverage_ratio": Infinity,
      "fcf_margin_change": 0.2868380147433942
    },
    {
      "date": "2021-06-30T00:00:00",
      "quarter_label": "2021-06 (Q2)",
      "revenue": 91809000,
      "gross_profit": 60993000,
      "operating_income": 26423000,
      "net_income": 8941000,
      "opex": 65386000,
      "cogs": null,
      "rd": null,
      "sga": null,
      "fcf": 34221000,
      "ocf": 34221000,
      "capex": null,
      "gross_margin": 0.6643466326830703,
      "op_margin": 0.2878040279275452,
      "fcf_margin": 0.37274123451949154,
      "op_leverage_ratio": 4.0727054600299315,
      "fcf_margin_change": -0.13335501961810287
    },
    {
      "date": "2021-09-30T00:00:00",
      "quarter_label": "2021-09 (Q3)",
      "revenue": 98286000,
      "gross_profit": 65176000,
      "operating_income": 27669000,
      "net_income": 10041000,
      "opex": 70617000,
      "cogs": null,
      "rd": null,
      "sga": null,
      "fcf": 52906000,
      "ocf": 52906000,
      "capex": null,
      "gross_margin": 0.663125979284944,
      "op_margin": 0.28151517001404064,
      "fcf_margin": 0.5382862259121339,
      "op_leverage_ratio": 0.8818377578117548,
      "fcf_margin_change": 0.1655449913926424
    },
    {
      "date": "2021-12-31T00:00:00",
      "quarter_label": "2021-12 (Q4)",
      "revenue": 101747000,
      "gross_profit": 65499000,
      "operating_income": 25715000,
      "net_income": 8137000,
      "opex": 76032000,
      "cogs": null,
      "rd": null,
      "sga": null,
      "fcf": 38697000,
      "ocf": 38697000,
      "capex": null,
      "gross_margin": 0.6437437958858738,
      "op_margin": 0.25273472436533756,
      "fcf_margin": 0.38032570984893904,
      "incr_op_margin_yoy": 0.45588235294117646,
      "rev_growth_yoy": 0.25077753328334174,
      "op_leverage_ratio": 0.4592199439670185,
      "fcf_margin_change": -0.1579605160631949
    },
    {
      "date": "2022-03-31T00:00:00",
      "quarter_label": "2022-03 (Q1)",
      "revenue": 101470000,
      "gross_profit": 65896000,
      "operating_income": 28342000,
      "net_income": 10523000,
      "opex": 73128000,
      "cogs": null,
      "rd": null,
      "sga": null,
      "fcf": 39149000,
      "ocf": 39149000,
      "capex": null,
      "gross_margin": 0.6494136197891002,
      "op_margin": 0.27931408298019117,
      "fcf_margin": 0.38581846851286095,
      "incr_op_margin_yoy": 0.4735758407687028,
      "rev_growth_yoy": 0.20817755340175745,
      "rev_growth_yoy_accel": -0.04259997988158429,
      "fcf_margin_change": 0.005492758663921904
    },
    {
      "date": "2022-06-30T00:00:00",
      "quarter_label": "2022-06 (Q2)",
      "revenue": 104155000,
      "gross_profit": 67015000,
      "operating_income": 28316000,
      "net_income": 10582000,
      "opex": 75839000,
      "cogs": null,
      "rd": null,
      "sga": null,
      "fcf": 46908000,
      "ocf": 46908000,
      "capex": null,
      "gross_margin": 0.6434160625990111,
      "op_margin": 0.27186404877346265,
      "fcf_margin": 0.4503672411310067,
      "incr_op_margin_yoy": 0.15332901344565042,
      "rev_growth_yoy": 0.13447483362197607,
      "rev_growth_yoy_accel": -0.07370271977978138,
      "op_leverage_ratio": 0.7137741376607106,
      "fcf_margin_change": 0.06454877261814573
    },
    {
      "date": "2022-09-30T00:00:00",
      "quarter_label": "2022-09 (Q3)",
      "revenue": 111023000,
      "gross_profit": 71108000,
      "operating_income": 31003000,
      "net_income": 12772000,
      "opex": 80020000,
      "cogs": null,
      "rd": null,
      "sga": null,
      "fcf": 54835000,
      "ocf": 54835000,
      "capex": null,
      "gross_margin": 0.640479900561145,
      "op_margin": 0.27924844401610477,
      "fcf_margin": 0.49390666798771427,
      "incr_op_margin_yoy": 0.26175708565596295,
      "rev_growth_yoy": 0.1295911930488574,
      "rev_growth_yoy_accel": -0.004883640573118658,
      "op_leverage_ratio": 1.19608651351922,
      "fcf_margin_change": 0.043539426856707586
    },
    {
      "date": "2022-12-31T00:00:00",
      "quarter_label": "2022-12 (Q4)",
      "revenue": 106000000,
      "gross_profit": 66196000,
      "operating_income": 27073000,
      "net_income": 9629000,
      "opex": 78927000,
      "cogs": null,
      "rd": null,
      "sga": null,
      "fcf": 38180000,
      "ocf": 38180000,
      "capex": null,
      "gross_margin": 0.6244905660377359,
      "op_margin": 0.2554056603773585,
      "fcf_margin": 0.360188679245283,
      "incr_op_margin_yoy": 0.3193040206912767,
      "rev_growth_yoy": 0.0417997582238297,
      "rev_growth_yoy_accel": -0.08779143482502771,
      "fcf_margin_change": -0.13371798874243124
    },
    {
      "date": "2023-03-31T00:00:00",
      "quarter_label": "2023-03 (Q1)",
      "revenue": 107754000,
      "gross_profit": 68616000,
      "operating_income": 29716000,
      "net_income": 16136000,
      "opex": 78038000,
      "cogs": null,
      "rd": null,
      "sga": null,
      "fcf": 51967000,
      "ocf": 51967000,
      "capex": null,
      "gross_margin": 0.6367837852887132,
      "op_margin": 0.27577630528797076,
      "fcf_margin": 0.48227443992798413,
      "incr_op_margin_yoy": 0.21865054105665183,
      "rev_growth_yoy": 0.061929634374692025,
      "rev_growth_yoy_accel": 0.020129876150862328,
      "op_leverage_ratio": Infinity,
      "fcf_margin_change": 0.1220857606827011
    },
    {
      "date": "2023-06-30T00:00:00",
      "quarter_label": "2023-06 (Q2)",
      "revenue": 109721000,
      "gross_profit": 69924000,
      "operating_income": 31492000,
      "net_income": 11983000,
      "opex": 78229000,
      "cogs": null,
      "rd": null,
      "sga": null,
      "fcf": 46151000,
      "ocf": 46151000,
      "capex": null,
      "gross_margin": 0.6372891242332825,
      "op_margin": 0.2870188933750148,
      "fcf_margin": 0.4206213942636323,
      "incr_op_margin_yoy": 0.5706072583542939,
      "rev_growth_yoy": 0.05343958523354616,
      "rev_growth_yoy_accel": -0.008490049141145865,
      "op_leverage_ratio": 7.458366531406082,
      "fcf_margin_change": -0.06165304566435181
    },
    {
      "date": "2023-09-30T00:00:00",
      "quarter_label": "2023-09 (Q3)",
      "revenue": 111198000,
      "gross_profit": 69887000,
      "operating_income": 31139000,
      "net_income": 11778000,
      "opex": 80059000,
      "cogs": null,
      "rd": null,
      "sga": null,
      "fcf": 51787000,
      "ocf": 51787000,
      "capex": null,
      "gross_margin": 0.6284915196316481,
      "op_margin": 0.2800320149642979,
      "fcf_margin": 0.4657188078922283,
      "rev_growth_yoy": 0.001576249966223215,
      "rev_growth_yoy_accel": -0.051863335267322945,
      "op_leverage_ratio": 0.5754497784071602,
      "fcf_margin_change": 0.045097413628595984
    },
    {
      "date": "2023-12-31T00:00:00",
      "quarter_label": "2023-12 (Q4)",
      "revenue": 112491000,
      "gross_profit": 68779000,
      "operating_income": 29399000,
      "net_income": 10481000,
      "opex": 83092000,
      "cogs": null,
      "rd": null,
      "sga": null,
      "fcf": 38846000,
      "ocf": 38846000,
      "capex": null,
      "gross_margin": 0.611417802313074,
      "op_margin": 0.2613453520726102,
      "fcf_margin": 0.3453254038100826,
      "incr_op_margin_yoy": 0.3583423201355723,
      "rev_growth_yoy": 0.06123584905660377,
      "rev_growth_yoy_accel": 0.05965959909038056,
      "op_leverage_ratio": 0.3069299718599284,
      "fcf_margin_change": -0.12039340408214572
    },
    {
      "date": "2024-03-31T00:00:00",
      "quarter_label": "2024-03 (Q1)",
      "revenue": 110695000,
      "gross_profit": 69608000,
      "operating_income": 30549000,
      "net_income": 19260000,
      "opex": 80146000,
      "cogs": null,
      "rd": null,
      "sga": null,
      "fcf": 54778000,
      "ocf": 54778000,
      "capex": null,
      "gross_margin": 0.628826956953792,
      "op_margin": 0.2759745245946068,
      "fcf_margin": 0.49485523284701205,
      "incr_op_margin_yoy": 0.2832369942196532,
      "rev_growth_yoy": 0.02729365035172708,
      "rev_growth_yoy_accel": -0.03394219870487669,
      "fcf_margin_change": 0.14952982903692946
    },
    {
      "date": "2024-06-30T00:00:00",
      "quarter_label": "2024-06 (Q2)",
      "revenue": 110890000,
      "gross_profit": 70542000,
      "operating_income": 30794000,
      "net_income": 11904000,
      "opex": 80096000,
      "cogs": null,
      "rd": null,
      "sga": null,
      "fcf": 59282000,
      "ocf": 59282000,
      "capex": null,
      "gross_margin": 0.636143926413563,
      "op_margin": 0.2776986202543061,
      "fcf_margin": 0.5346018576968167,
      "incr_op_margin_yoy": -0.5970915312232677,
      "rev_growth_yoy": 0.010654295895954284,
      "rev_growth_yoy_accel": -0.016639354455772797,
      "fcf_margin_change": 0.039746624849804624
    },
    {
      "date": "2024-09-30T00:00:00",
      "quarter_label": "2024-09 (Q3)",
      "revenue": 122810000,
      "gross_profit": 80405000,
      "operating_income": 37808000,
      "net_income": 16657000,
      "opex": 85002000,
      "cogs": null,
      "rd": null,
      "sga": null,
      "fcf": 52404000,
      "ocf": 52404000,
      "capex": null,
      "gross_margin": 0.6547105284585946,
      "op_margin": 0.3078576663138181,
      "fcf_margin": 0.42670792280758896,
      "incr_op_margin_yoy": 0.5743196693076128,
      "rev_growth_yoy": 0.1044263386032123,
      "rev_growth_yoy_accel": 0.093772042707258,
      "op_leverage_ratio": 1.7549597322806099,
      "fcf_margin_change": -0.10789393488922772
    },
    {
      "date": "2024-12-31T00:00:00",
      "quarter_label": "2024-12 (Q4)",
      "revenue": 113460000,
      "gross_profit": 69573000,
      "operating_income": 30048000,
      "net_income": 8977000,
      "opex": 83412000,
      "cogs": null,
      "rd": null,
      "sga": null,
      "fcf": 40642000,
      "ocf": 40642000,
      "capex": null,
      "gross_margin": 0.6131940772078266,
      "op_margin": 0.2648334214701216,
      "fcf_margin": 0.35820553499030494,
      "rev_growth_yoy": 0.008614022455129744,
      "rev_growth_yoy_accel": -0.09581231614808255,
      "fcf_margin_change": -0.06850238781728402
    },
    {
      "date": "2025-03-31T00:00:00",
      "quarter_label": "2025-03 (Q1)",
      "revenue": 108607000,
      "gross_profit": 67302000,
      "operating_income": 71972000,
      "net_income": null,
      "opex": 81111000,
      "cogs": null,
      "rd": null,
      "sga": null,
      "fcf": 36869000,
      "ocf": 36869000,
      "capex": null,
      "gross_margin": 0.6196838141187953,
      "op_margin": 0.6626828841603212,
      "fcf_margin": 0.33947167309657755,
      "incr_op_margin_yoy": -19.83860153256705,
      "rev_growth_yoy": -0.018862640589005827,
      "rev_growth_yoy_accel": -0.02747666304413557,
      "fcf_margin_change": -0.018733861893727388
    },
    {
      "date": "2025-06-30T00:00:00",
      "quarter_label": "2025-06 (Q2)",
      "revenue": 107933000,
      "gross_profit": 67610000,
      "operating_income": 25978000,
      "net_income": null,
      "opex": 81955000,
      "cogs": null,
      "rd": null,
      "sga": null,
      "fcf": 49171000,
      "ocf": 49171000,
      "capex": null,
      "gross_margin": 0.6264071229373778,
      "op_margin": 0.24068635171819555,
      "fcf_margin": 0.4555696589550925,
      "incr_op_margin_yoy": 1.6286777138992221,
      "rev_growth_yoy": -0.02666606547028587,
      "rev_growth_yoy_accel": -0.007803424881280042,
      "fcf_margin_change": 0.11609798585851494
    },
    {
      "date": "2025-09-30T00:00:00",
      "quarter_label": "2025-09 (Q3)",
      "revenue": 109578000,
      "gross_profit": 66281000,
      "operating_income": 24767000,
      "net_income": null,
      "opex": 84811000,
      "cogs": null,
      "rd": null,
      "sga": null,
      "fcf": 40505000,
      "ocf": 40505000,
      "capex": null,
      "gross_margin": 0.6048750661629159,
      "op_margin": 0.2260216466809031,
      "fcf_margin": 0.36964536677070214,
      "incr_op_margin_yoy": 0.9855652962515115,
      "rev_growth_yoy": -0.10774366908232229,
      "rev_growth_yoy_accel": -0.08107760361203642,
      "op_leverage_ratio": 0.43734977290741195,
      "fcf_margin_change": -0.08592429218439035
    }
  ],
  "signals": [
    {
      "quarter": "2025-09 (Q3)",
      "signal": "YoY REVENUE GROWTH DECELERATION",
      "detail": "YoY growth: -10.8% vs prior quarter YoY: -2.7% (decel: -8.1%)",
      "severity": "WARNING"
    },
    {
      "quarter": "2025-09 (Q3)",
      "signal": "INCREMENTAL MARGIN (YoY)",
      "detail": "YoY Incr OPM: +98.6% vs year-ago OPM: +30.8%",
      "severity": "HIGH"
    },
    {
      "quarter": "2025-06 (Q2)",
      "signal": "FCF MARGIN EXPANSION",
      "detail": "FCF margin: +33.9% -> +45.6% (+11.6%)",
      "severity": "MEDIUM"
    },
    {
      "quarter": "2025-06 (Q2)",
      "signal": "INCREMENTAL MARGIN (YoY)",
      "detail": "YoY Incr OPM: +162.9% vs year-ago OPM: +27.8%",
      "severity": "HIGH"
    },
    {
      "quarter": "2024-12 (Q4)",
      "signal": "YoY REVENUE GROWTH DECELERATION",
      "detail": "YoY growth: +0.9% vs prior quarter YoY: +10.4% (decel: -9.6%)",
      "severity": "WARNING"
    },
    {
      "quarter": "2024-09 (Q3)",
      "signal": "OPERATING LEVERAGE",
      "detail": "Rev growth +10.7% vs OpEx growth +6.1% (leverage: 1.8x)",
      "severity": "MEDIUM"
    },
    {
      "quarter": "2024-09 (Q3)",
      "signal": "YoY REVENUE GROWTH ACCELERATION",
      "detail": "YoY growth: +10.4% vs prior quarter YoY: +1.1% (accel: +9.4%)",
      "severity": "MEDIUM"
    },
    {
      "quarter": "2024-09 (Q3)",
      "signal": "INCREMENTAL MARGIN (YoY)",
      "detail": "YoY Incr OPM: +57.4% vs year-ago OPM: +28.0%",
      "severity": "HIGH"
    },
    {
      "quarter": "2024-03 (Q1)",
      "signal": "FCF MARGIN EXPANSION",
      "detail": "FCF margin: +34.5% -> +49.5% (+15.0%)",
      "severity": "MEDIUM"
    },
    {
      "quarter": "2023-12 (Q4)",
      "signal": "YoY REVENUE GROWTH ACCELERATION",
      "detail": "YoY growth: +6.1% vs prior quarter YoY: +0.2% (accel: +6.0%)",
      "severity": "MEDIUM"
    },
    {
      "quarter": "2023-12 (Q4)",
      "signal": "INCREMENTAL MARGIN (YoY)",
      "detail": "YoY Incr OPM: +35.8% vs year-ago OPM: +25.5%",
      "severity": "MEDIUM"
    },
    {
      "quarter": "2023-09 (Q3)",
      "signal": "YoY REVENUE GROWTH DECELERATION",
      "detail": "YoY growth: +0.2% vs prior quarter YoY: +5.3% (decel: -5.2%)",
      "severity": "WARNING"
    },
    {
      "quarter": "2023-06 (Q2)",
      "signal": "OPERATING LEVERAGE",
      "detail": "Rev growth +1.8% vs OpEx growth +0.2% (leverage: 7.5x)",
      "severity": "MEDIUM"
    },
    {
      "quarter": "2023-06 (Q2)",
      "signal": "INCREMENTAL MARGIN (YoY)",
      "detail": "YoY Incr OPM: +57.1% vs year-ago OPM: +27.2%",
      "severity": "HIGH"
    },
    {
      "quarter": "2023-03 (Q1)",
      "signal": "FCF MARGIN EXPANSION",
      "detail": "FCF margin: +36.0% -> +48.2% (+12.2%)",
      "severity": "MEDIUM"
    },
    {
      "quarter": "2022-12 (Q4)",
      "signal": "YoY REVENUE GROWTH DECELERATION",
      "detail": "YoY growth: +4.2% vs prior quarter YoY: +13.0% (decel: -8.8%)",
      "severity": "WARNING"
    },
    {
      "quarter": "2022-06 (Q2)",
      "signal": "FCF MARGIN EXPANSION",
      "detail": "FCF margin: +38.6% -> +45.0% (+6.5%)",
      "severity": "MEDIUM"
    },
    {
      "quarter": "2022-06 (Q2)",
      "signal": "YoY REVENUE GROWTH DECELERATION",
      "detail": "YoY growth: +13.4% vs prior quarter YoY: +20.8% (decel: -7.4%)",
      "severity": "WARNING"
    },
    {
      "quarter": "2022-03 (Q1)",
      "signal": "INCREMENTAL MARGIN (YoY)",
      "detail": "YoY Incr OPM: +47.4% vs year-ago OPM: +23.9%",
      "severity": "HIGH"
    },
    {
      "quarter": "2021-12 (Q4)",
      "signal": "INCREMENTAL MARGIN (YoY)",
      "detail": "YoY Incr OPM: +45.6% vs year-ago OPM: +20.2%",
      "severity": "HIGH"
    },
    {
      "quarter": "2021-09 (Q3)",
      "signal": "FCF MARGIN EXPANSION",
      "detail": "FCF margin: +37.3% -> +53.8% (+16.6%)",
      "severity": "MEDIUM"
    },
    {
      "quarter": "2021-06 (Q2)",
      "signal": "OPERATING LEVERAGE",
      "detail": "Rev growth +9.3% vs OpEx growth +2.3% (leverage: 4.1x)",
      "severity": "MEDIUM"
    },
    {
      "quarter": "2021-03 (Q1)",
      "signal": "FCF MARGIN EXPANSION",
      "detail": "FCF margin: +21.9% -> +50.6% (+28.7%)",
      "severity": "MEDIUM"
    }
  ],
  "data_quality": {
    "n_quarters": 20,
    "coverage": {
      "revenue": [
        20,
        20
      ],
      "gross_profit": [
        20,
        20
      ],
      "op_income": [
        20,
        20
      ],
      "fcf": [
        20,
        20
      ]
    },
    "gaps": [],
    "warnings": []
  },
  "market_cap": null,
  "source": "SEC EDGAR",
  "last_updated": "2026-02-02T21:51:18.943895"
}