{
  "ticker": "AAWH",
  "name": "ASCEND WELLNESS HOLDINGS, INC.",
  "quarters": [
    {
      "date": "2020-12-31T00:00:00",
      "quarter_label": "2020-12 (Q4)",
      "revenue": 54283000,
      "gross_profit": 22892000,
      "operating_income": 4449000,
      "net_income": -7503000,
      "opex": 18443000,
      "cogs": 31391000,
      "rd": null,
      "sga": null,
      "fcf": -8690000,
      "ocf": -336000,
      "capex": -8354000,
      "gross_margin": 0.4217158226332369,
      "op_margin": 0.08195936112595104,
      "fcf_margin": -0.16008695171600684
    },
    {
      "date": "2021-03-31T00:00:00",
      "quarter_label": "2021-03 (Q1)",
      "revenue": 66137000,
      "gross_profit": 29667000,
      "operating_income": -31990000,
      "net_income": -48223000,
      "opex": 61657000,
      "cogs": 36470000,
      "rd": null,
      "sga": null,
      "fcf": -31180000,
      "ocf": -7829000,
      "capex": -23351000,
      "gross_margin": 0.4485688797496107,
      "op_margin": -0.4836929404115699,
      "fcf_margin": -0.47144563557464053,
      "op_leverage_ratio": 0.09319834069300151,
      "fcf_margin_change": -0.3113586838586337
    },
    {
      "date": "2021-06-30T00:00:00",
      "quarter_label": "2021-06 (Q2)",
      "revenue": 83367000,
      "gross_profit": 34516000,
      "operating_income": 3904000,
      "net_income": -44897000,
      "opex": 30612000,
      "cogs": 48851000,
      "rd": null,
      "sga": null,
      "fcf": -36921000,
      "ocf": -4226000,
      "capex": -32695000,
      "gross_margin": 0.414024734007461,
      "op_margin": 0.04682908105125529,
      "fcf_margin": -0.4428730792759725,
      "op_leverage_ratio": Infinity,
      "fcf_margin_change": 0.028572556298668006
    },
    {
      "date": "2021-09-30T00:00:00",
      "quarter_label": "2021-09 (Q3)",
      "revenue": 94382000,
      "gross_profit": 40954000,
      "operating_income": 11613000,
      "net_income": -13026000,
      "opex": 29341000,
      "cogs": 53428000,
      "rd": null,
      "sga": null,
      "fcf": -25111000,
      "ocf": -10239000,
      "capex": -14872000,
      "gross_margin": 0.4339174842660677,
      "op_margin": 0.12304252929584031,
      "fcf_margin": -0.2660570871564493,
      "op_leverage_ratio": Infinity,
      "fcf_margin_change": 0.1768159921195232
    },
    {
      "date": "2021-12-31T00:00:00",
      "quarter_label": "2021-12 (Q4)",
      "revenue": 88495000,
      "gross_profit": 30835000,
      "operating_income": -731000,
      "net_income": -16511000,
      "opex": 31566000,
      "cogs": 57660000,
      "rd": null,
      "sga": null,
      "fcf": -36954000,
      "ocf": -19444000,
      "capex": -17510000,
      "gross_margin": 0.3484377648454715,
      "op_margin": -0.008260353692299,
      "fcf_margin": -0.4175829142889429,
      "incr_op_margin_yoy": -0.1514088623874664,
      "rev_growth_yoy": 0.630252565259842,
      "fcf_margin_change": -0.15152582713249357
    },
    {
      "date": "2022-03-31T00:00:00",
      "quarter_label": "2022-03 (Q1)",
      "revenue": 85090000,
      "gross_profit": 23447000,
      "operating_income": -14780000,
      "net_income": null,
      "opex": 38227000,
      "cogs": 61643000,
      "rd": null,
      "sga": null,
      "fcf": -20459000,
      "ocf": -10245000,
      "capex": -10214000,
      "gross_margin": 0.27555529439417087,
      "op_margin": -0.17369843694911272,
      "fcf_margin": -0.2404395346104125,
      "incr_op_margin_yoy": 0.9080356671767003,
      "rev_growth_yoy": 0.28657181305471974,
      "rev_growth_yoy_accel": -0.34368075220512223,
      "fcf_margin_change": 0.1771433796785304
    },
    {
      "date": "2022-06-30T00:00:00",
      "quarter_label": "2022-06 (Q2)",
      "revenue": 97499000,
      "gross_profit": 32968000,
      "operating_income": -605000,
      "net_income": null,
      "opex": 33573000,
      "cogs": 64531000,
      "rd": null,
      "sga": null,
      "fcf": -32488000,
      "ocf": -10260000,
      "capex": -22228000,
      "gross_margin": 0.3381368014030913,
      "op_margin": -0.006205191848121519,
      "fcf_margin": -0.33321367398639984,
      "incr_op_margin_yoy": -0.3190631191621851,
      "rev_growth_yoy": 0.16951551573164442,
      "rev_growth_yoy_accel": -0.11705629732307532,
      "op_leverage_ratio": Infinity,
      "fcf_margin_change": -0.09277413937598733
    },
    {
      "date": "2022-09-30T00:00:00",
      "quarter_label": "2022-09 (Q3)",
      "revenue": 111238000,
      "gross_profit": 36636000,
      "operating_income": 2477000,
      "net_income": null,
      "opex": 34159000,
      "cogs": 74602000,
      "rd": null,
      "sga": null,
      "fcf": -32297000,
      "ocf": -1780000,
      "capex": -30517000,
      "gross_margin": 0.32934788471565474,
      "op_margin": 0.02226757043456373,
      "fcf_margin": -0.2903414300868408,
      "incr_op_margin_yoy": -0.5420028476506882,
      "rev_growth_yoy": 0.17859337585556567,
      "rev_growth_yoy_accel": 0.009077860123921255,
      "op_leverage_ratio": 8.073233183068965,
      "fcf_margin_change": 0.042872243899559015
    },
    {
      "date": "2022-12-31T00:00:00",
      "quarter_label": "2022-12 (Q4)",
      "revenue": 112099000,
      "gross_profit": 41512000,
      "operating_income": 5382000,
      "net_income": null,
      "opex": 36130000,
      "cogs": 70587000,
      "rd": null,
      "sga": null,
      "fcf": -34754000,
      "ocf": -16071000,
      "capex": -18683000,
      "gross_margin": 0.3703155246701576,
      "op_margin": 0.04801113301635162,
      "fcf_margin": -0.31002952747125306,
      "incr_op_margin_yoy": 0.2589815285544823,
      "rev_growth_yoy": 0.2667269337250692,
      "rev_growth_yoy_accel": 0.08813355786950355,
      "fcf_margin_change": -0.01968809738441224
    },
    {
      "date": "2023-03-31T00:00:00",
      "quarter_label": "2023-03 (Q1)",
      "revenue": 114176000,
      "gross_profit": 35704000,
      "operating_income": 255000,
      "net_income": null,
      "opex": 35449000,
      "cogs": 78472000,
      "rd": null,
      "sga": null,
      "fcf": 5778000,
      "ocf": 5778000,
      "capex": null,
      "gross_margin": 0.312710201793722,
      "op_margin": 0.002233394058295964,
      "fcf_margin": 0.05060608183856502,
      "incr_op_margin_yoy": 0.5169153544660662,
      "rev_growth_yoy": 0.3418263015630509,
      "rev_growth_yoy_accel": 0.07509936783798166,
      "op_leverage_ratio": Infinity,
      "fcf_margin_change": 0.3606356093098181
    },
    {
      "date": "2023-06-30T00:00:00",
      "quarter_label": "2023-06 (Q2)",
      "revenue": 122988000,
      "gross_profit": 28319000,
      "operating_income": -7985000,
      "net_income": null,
      "opex": 36304000,
      "cogs": 94669000,
      "rd": null,
      "sga": null,
      "fcf": 25397000,
      "ocf": 25397000,
      "capex": null,
      "gross_margin": 0.23025823657592612,
      "op_margin": -0.06492503333658568,
      "fcf_margin": 0.20649982112075974,
      "incr_op_margin_yoy": -0.289536662874181,
      "rev_growth_yoy": 0.2614283223417676,
      "rev_growth_yoy_accel": -0.08039797922128328,
      "op_leverage_ratio": 3.1999083389059346,
      "fcf_margin_change": 0.15589373928219472
    },
    {
      "date": "2023-09-30T00:00:00",
      "quarter_label": "2023-09 (Q3)",
      "revenue": 141268000,
      "gross_profit": 43556000,
      "operating_income": 3547000,
      "net_income": null,
      "opex": 40009000,
      "cogs": 97712000,
      "rd": null,
      "sga": null,
      "fcf": 27491000,
      "ocf": 27491000,
      "capex": null,
      "gross_margin": 0.3083217713848855,
      "op_margin": 0.02510830478239941,
      "fcf_margin": 0.19460174986550385,
      "incr_op_margin_yoy": 0.03563103563103563,
      "rev_growth_yoy": 0.26996170373433537,
      "rev_growth_yoy_accel": 0.008533381392567763,
      "op_leverage_ratio": 1.4563968080973593,
      "fcf_margin_change": -0.011898071255255882
    },
    {
      "date": "2023-12-31T00:00:00",
      "quarter_label": "2023-12 (Q4)",
      "revenue": 140158000,
      "gross_profit": 47541000,
      "operating_income": 564000,
      "net_income": null,
      "opex": 46977000,
      "cogs": 92617000,
      "rd": null,
      "sga": null,
      "fcf": 16668000,
      "ocf": 16668000,
      "capex": null,
      "gross_margin": 0.33919576477974855,
      "op_margin": 0.004024030023259464,
      "fcf_margin": 0.11892292983632757,
      "incr_op_margin_yoy": -0.1717096118892334,
      "rev_growth_yoy": 0.2503055335016369,
      "rev_growth_yoy_accel": -0.019656170232698444,
      "fcf_margin_change": -0.07567882002917628
    },
    {
      "date": "2024-03-31T00:00:00",
      "quarter_label": "2024-03 (Q1)",
      "revenue": 142410000,
      "gross_profit": 52037000,
      "operating_income": 2575000,
      "net_income": null,
      "opex": 49462000,
      "cogs": 90373000,
      "rd": null,
      "sga": null,
      "fcf": -3281000,
      "ocf": 3900000,
      "capex": -7181000,
      "gross_margin": 0.36540271048381434,
      "op_margin": 0.018081595393581913,
      "fcf_margin": -0.023039112421880486,
      "incr_op_margin_yoy": 0.08217043281150387,
      "rev_growth_yoy": 0.24728489349775784,
      "rev_growth_yoy_accel": -0.0030206400038790826,
      "op_leverage_ratio": 0.303745169686766,
      "fcf_margin_change": -0.14196204225820805
    },
    {
      "date": "2024-06-30T00:00:00",
      "quarter_label": "2024-06 (Q2)",
      "revenue": 141536000,
      "gross_profit": 41573000,
      "operating_income": -1522000,
      "net_income": null,
      "opex": 43095000,
      "cogs": 99963000,
      "rd": null,
      "sga": null,
      "fcf": 26897000,
      "ocf": 32254000,
      "capex": -5357000,
      "gross_margin": 0.2937273909111463,
      "op_margin": -0.010753447886050193,
      "fcf_margin": 0.19003645715577663,
      "incr_op_margin_yoy": 0.3484472719430666,
      "rev_growth_yoy": 0.15081146128077536,
      "rev_growth_yoy_accel": -0.09647343221698249,
      "fcf_margin_change": 0.2130755695776571
    },
    {
      "date": "2024-09-30T00:00:00",
      "quarter_label": "2024-09 (Q3)",
      "revenue": 141647000,
      "gross_profit": 43729000,
      "operating_income": -2417000,
      "net_income": null,
      "opex": 46146000,
      "cogs": 97918000,
      "rd": null,
      "sga": null,
      "fcf": -3000000,
      "ocf": 1972000,
      "capex": -4972000,
      "gross_margin": 0.3087181514610264,
      "op_margin": -0.01706354529216997,
      "fcf_margin": -0.021179410788791857,
      "rev_growth_yoy": 0.0026828439561684173,
      "rev_growth_yoy_accel": -0.14812861732460694,
      "fcf_margin_change": -0.21121586794456848
    },
    {
      "date": "2024-12-31T00:00:00",
      "quarter_label": "2024-12 (Q4)",
      "revenue": 136006000,
      "gross_profit": 46871000,
      "operating_income": 6098000,
      "net_income": null,
      "opex": 40773000,
      "cogs": 89135000,
      "rd": null,
      "sga": null,
      "fcf": 30142000,
      "ocf": 35166000,
      "capex": -5024000,
      "gross_margin": 0.34462450186021204,
      "op_margin": 0.044836257223946005,
      "fcf_margin": 0.22162257547461142,
      "incr_op_margin_yoy": -1.3328516377649327,
      "rev_growth_yoy": -0.029623710383995205,
      "rev_growth_yoy_accel": -0.03230655434016362,
      "fcf_margin_change": 0.24280198626340327
    },
    {
      "date": "2025-03-31T00:00:00",
      "quarter_label": "2025-03 (Q1)",
      "revenue": 127997000,
      "gross_profit": 39561000,
      "operating_income": 2486000,
      "net_income": null,
      "opex": 37075000,
      "cogs": 88436000,
      "rd": null,
      "sga": null,
      "fcf": -484000,
      "ocf": 5939000,
      "capex": -6423000,
      "gross_margin": 0.3090775565052306,
      "op_margin": 0.019422330210864317,
      "fcf_margin": -0.0037813386251240263,
      "incr_op_margin_yoy": 0.006174980920002775,
      "rev_growth_yoy": -0.10120778035250333,
      "rev_growth_yoy_accel": -0.07158406996850812,
      "fcf_margin_change": -0.22540391409973545
    },
    {
      "date": "2025-06-30T00:00:00",
      "quarter_label": "2025-06 (Q2)",
      "revenue": 127304000,
      "gross_profit": 41392000,
      "operating_income": -1002000,
      "net_income": null,
      "opex": 42394000,
      "cogs": 85912000,
      "rd": null,
      "sga": null,
      "fcf": 11558000,
      "ocf": 17801000,
      "capex": -6243000,
      "gross_margin": 0.3251429648714887,
      "op_margin": -0.007870923144598755,
      "fcf_margin": 0.09079054860805631,
      "incr_op_margin_yoy": -0.03653738055087127,
      "rev_growth_yoy": -0.10055392267691612,
      "rev_growth_yoy_accel": 0.000653857675587205,
      "fcf_margin_change": 0.09457188723318034
    },
    {
      "date": "2025-09-30T00:00:00",
      "quarter_label": "2025-09 (Q3)",
      "revenue": 124734000,
      "gross_profit": 43601000,
      "operating_income": -1325000,
      "net_income": null,
      "opex": 44926000,
      "cogs": 81133000,
      "rd": null,
      "sga": null,
      "fcf": -8452000,
      "ocf": -2003000,
      "capex": -6449000,
      "gross_margin": 0.3495518463289881,
      "op_margin": -0.010622604903234082,
      "fcf_margin": -0.06776019369217695,
      "incr_op_margin_yoy": -0.06456571867794005,
      "rev_growth_yoy": -0.11940245822361222,
      "rev_growth_yoy_accel": -0.01884853554669609,
      "fcf_margin_change": -0.15855074230023325
    }
  ],
  "signals": [
    {
      "quarter": "2025-06 (Q2)",
      "signal": "FCF TURNED POSITIVE",
      "detail": "FCF margin: -0.4% -> +9.1%",
      "severity": "HIGH"
    },
    {
      "quarter": "2025-03 (Q1)",
      "signal": "YoY REVENUE GROWTH DECELERATION",
      "detail": "YoY growth: -10.1% vs prior quarter YoY: -3.0% (decel: -7.2%)",
      "severity": "WARNING"
    },
    {
      "quarter": "2024-12 (Q4)",
      "signal": "FCF TURNED POSITIVE",
      "detail": "FCF margin: -2.1% -> +22.2%",
      "severity": "HIGH"
    },
    {
      "quarter": "2024-12 (Q4)",
      "signal": "OP MARGIN TURNED POSITIVE (QoQ)",
      "detail": "Op margin: -1.7% -> +4.5%",
      "severity": "HIGH"
    },
    {
      "quarter": "2024-09 (Q3)",
      "signal": "YoY REVENUE GROWTH DECELERATION",
      "detail": "YoY growth: +0.3% vs prior quarter YoY: +15.1% (decel: -14.8%)",
      "severity": "WARNING"
    },
    {
      "quarter": "2024-06 (Q2)",
      "signal": "FCF TURNED POSITIVE",
      "detail": "FCF margin: -2.3% -> +19.0%",
      "severity": "HIGH"
    },
    {
      "quarter": "2024-06 (Q2)",
      "signal": "YoY REVENUE GROWTH DECELERATION",
      "detail": "YoY growth: +15.1% vs prior quarter YoY: +24.7% (decel: -9.6%)",
      "severity": "WARNING"
    },
    {
      "quarter": "2023-09 (Q3)",
      "signal": "GROSS MARGIN INFLECTION",
      "detail": "GM: +31.3% -> +23.0% -> +30.8% (reversal +7.8%)",
      "severity": "HIGH"
    },
    {
      "quarter": "2023-09 (Q3)",
      "signal": "OP MARGIN TURNED POSITIVE (QoQ)",
      "detail": "Op margin: -6.5% -> +2.5%",
      "severity": "HIGH"
    },
    {
      "quarter": "2023-06 (Q2)",
      "signal": "FCF MARGIN EXPANSION",
      "detail": "FCF margin: +5.1% -> +20.6% (+15.6%)",
      "severity": "MEDIUM"
    },
    {
      "quarter": "2023-06 (Q2)",
      "signal": "OPERATING LEVERAGE",
      "detail": "Rev growth +7.7% vs OpEx growth +2.4% (leverage: 3.2x)",
      "severity": "MEDIUM"
    },
    {
      "quarter": "2023-06 (Q2)",
      "signal": "YoY REVENUE GROWTH DECELERATION",
      "detail": "YoY growth: +26.1% vs prior quarter YoY: +34.2% (decel: -8.0%)",
      "severity": "WARNING"
    },
    {
      "quarter": "2023-03 (Q1)",
      "signal": "FCF TURNED POSITIVE",
      "detail": "FCF margin: -31.0% -> +5.1%",
      "severity": "HIGH"
    },
    {
      "quarter": "2023-03 (Q1)",
      "signal": "YoY REVENUE GROWTH ACCELERATION",
      "detail": "YoY growth: +34.2% vs prior quarter YoY: +26.7% (accel: +7.5%)",
      "severity": "MEDIUM"
    },
    {
      "quarter": "2023-03 (Q1)",
      "signal": "OP MARGIN TURNED POSITIVE (YoY)",
      "detail": "Op margin: -17.4% (year-ago) -> +0.2%",
      "severity": "HIGH"
    },
    {
      "quarter": "2022-12 (Q4)",
      "signal": "GROSS MARGIN INFLECTION",
      "detail": "GM: +33.8% -> +32.9% -> +37.0% (reversal +4.1%)",
      "severity": "MEDIUM"
    },
    {
      "quarter": "2022-12 (Q4)",
      "signal": "YoY REVENUE GROWTH ACCELERATION",
      "detail": "YoY growth: +26.7% vs prior quarter YoY: +17.9% (accel: +8.8%)",
      "severity": "MEDIUM"
    },
    {
      "quarter": "2022-12 (Q4)",
      "signal": "OP MARGIN TURNED POSITIVE (YoY)",
      "detail": "Op margin: -0.8% (year-ago) -> +4.8%",
      "severity": "HIGH"
    },
    {
      "quarter": "2022-09 (Q3)",
      "signal": "OPERATING LEVERAGE",
      "detail": "Rev growth +14.1% vs OpEx growth +1.7% (leverage: 8.1x)",
      "severity": "MEDIUM"
    },
    {
      "quarter": "2022-09 (Q3)",
      "signal": "OP MARGIN TURNED POSITIVE (QoQ)",
      "detail": "Op margin: -0.6% -> +2.2%",
      "severity": "HIGH"
    },
    {
      "quarter": "2022-06 (Q2)",
      "signal": "GROSS MARGIN INFLECTION",
      "detail": "GM: +34.8% -> +27.6% -> +33.8% (reversal +6.3%)",
      "severity": "HIGH"
    },
    {
      "quarter": "2022-06 (Q2)",
      "signal": "YoY REVENUE GROWTH DECELERATION",
      "detail": "YoY growth: +17.0% vs prior quarter YoY: +28.7% (decel: -11.7%)",
      "severity": "WARNING"
    },
    {
      "quarter": "2022-03 (Q1)",
      "signal": "FCF MARGIN EXPANSION",
      "detail": "FCF margin: -41.8% -> -24.0% (+17.7%)",
      "severity": "MEDIUM"
    },
    {
      "quarter": "2022-03 (Q1)",
      "signal": "YoY REVENUE GROWTH DECELERATION",
      "detail": "YoY growth: +28.7% vs prior quarter YoY: +63.0% (decel: -34.4%)",
      "severity": "WARNING"
    },
    {
      "quarter": "2021-09 (Q3)",
      "signal": "FCF MARGIN EXPANSION",
      "detail": "FCF margin: -44.3% -> -26.6% (+17.7%)",
      "severity": "MEDIUM"
    },
    {
      "quarter": "2021-06 (Q2)",
      "signal": "OP MARGIN TURNED POSITIVE (QoQ)",
      "detail": "Op margin: -48.4% -> +4.7%",
      "severity": "HIGH"
    }
  ],
  "data_quality": {
    "n_quarters": 20,
    "coverage": {
      "revenue": [
        20,
        20
      ],
      "gross_profit": [
        20,
        20
      ],
      "op_income": [
        20,
        20
      ],
      "fcf": [
        20,
        20
      ]
    },
    "gaps": [],
    "warnings": []
  },
  "market_cap": null,
  "source": "SEC EDGAR",
  "last_updated": "2026-02-02T23:16:08.195806",
  "sector": "Healthcare",
  "industry": "Drug Manufacturers - Specialty & Generic"
}