{
  "ticker": "ABCL",
  "name": "AbCellera Biologics Inc.",
  "quarters": [
    {
      "date": "2020-12-31T00:00:00",
      "quarter_label": "2020-12 (Q4)",
      "revenue": 207908000,
      "gross_profit": null,
      "operating_income": 160775000,
      "net_income": 117001000,
      "opex": 47133000,
      "cogs": null,
      "rd": 8636000,
      "sga": null,
      "fcf": -224000,
      "ocf": 1278000,
      "capex": -1502000,
      "gross_margin": null,
      "op_margin": 0.7732987667622218,
      "fcf_margin": -0.0010773996190622775
    },
    {
      "date": "2021-03-31T00:00:00",
      "quarter_label": "2021-03 (Q1)",
      "revenue": 202741000,
      "gross_profit": null,
      "operating_income": 158074000,
      "net_income": 117221000,
      "opex": 44667000,
      "cogs": null,
      "rd": 12352000,
      "sga": null,
      "fcf": 105901000,
      "ocf": 109545000,
      "capex": -3644000,
      "gross_margin": null,
      "op_margin": 0.7796844249559783,
      "fcf_margin": 0.522346244716165,
      "fcf_margin_change": 0.5234236443352273
    },
    {
      "date": "2021-06-30T00:00:00",
      "quarter_label": "2021-06 (Q2)",
      "revenue": 27643000,
      "gross_profit": null,
      "operating_income": -7033000,
      "net_income": -2323000,
      "opex": 34676000,
      "cogs": null,
      "rd": 15046000,
      "sga": null,
      "fcf": 120879000,
      "ocf": 157683000,
      "capex": -36804000,
      "gross_margin": null,
      "op_margin": -0.25442245776507616,
      "fcf_margin": 4.3728611221647435,
      "fcf_margin_change": 3.8505148774485787
    },
    {
      "date": "2021-09-30T00:00:00",
      "quarter_label": "2021-09 (Q3)",
      "revenue": 5508000,
      "gross_profit": null,
      "operating_income": -28096000,
      "net_income": -21380000,
      "opex": 33604000,
      "cogs": null,
      "rd": 17450000,
      "sga": null,
      "fcf": -14506000,
      "ocf": -5932000,
      "capex": -8574000,
      "gross_margin": null,
      "op_margin": -5.100944081336238,
      "fcf_margin": -2.6336238198983297,
      "fcf_margin_change": -7.006484942063073
    },
    {
      "date": "2021-12-31T00:00:00",
      "quarter_label": "2021-12 (Q4)",
      "revenue": 139331000,
      "gross_profit": null,
      "operating_income": 81553000,
      "net_income": 59948000,
      "opex": 57778000,
      "cogs": null,
      "rd": 17209000,
      "sga": null,
      "fcf": -26142000,
      "ocf": -16712000,
      "capex": -9430000,
      "gross_margin": null,
      "op_margin": 0.5853184144232081,
      "fcf_margin": -0.1876251516173716,
      "incr_op_margin_yoy": 1.155226971141928,
      "rev_growth_yoy": -0.3298430074840795,
      "op_leverage_ratio": 33.77375030183914,
      "fcf_margin_change": 2.445998668280958
    },
    {
      "date": "2022-03-31T00:00:00",
      "quarter_label": "2022-03 (Q1)",
      "revenue": 316581000,
      "gross_profit": null,
      "operating_income": 224950000,
      "net_income": 168573000,
      "opex": 91631000,
      "cogs": null,
      "rd": 26366000,
      "sga": null,
      "fcf": 85724000,
      "ocf": 100219000,
      "capex": -14495000,
      "gross_margin": null,
      "op_margin": 0.7105606464064489,
      "fcf_margin": 0.2707806217050297,
      "incr_op_margin_yoy": 0.5874560787069572,
      "rev_growth_yoy": 0.5615045797347354,
      "rev_growth_yoy_accel": 0.891347587218815,
      "op_leverage_ratio": 2.171220011327988,
      "fcf_margin_change": 0.4584057733224013
    },
    {
      "date": "2022-06-30T00:00:00",
      "quarter_label": "2022-06 (Q2)",
      "revenue": 45917000,
      "gross_profit": null,
      "operating_income": -8396000,
      "net_income": -6785000,
      "opex": 54313000,
      "cogs": null,
      "rd": 26685000,
      "sga": null,
      "fcf": 241693000,
      "ocf": 273015000,
      "capex": -31322000,
      "gross_margin": null,
      "op_margin": -0.18285166713853257,
      "fcf_margin": 5.263693185530413,
      "incr_op_margin_yoy": -0.07458684469738426,
      "rev_growth_yoy": 0.6610715190102376,
      "rev_growth_yoy_accel": 0.0995669392755022,
      "fcf_margin_change": 4.992912563825383
    },
    {
      "date": "2022-09-30T00:00:00",
      "quarter_label": "2022-09 (Q3)",
      "revenue": 101383000,
      "gross_profit": null,
      "operating_income": 37735000,
      "net_income": 26624000,
      "opex": 63648000,
      "cogs": null,
      "rd": 26582000,
      "sga": null,
      "fcf": -139299000,
      "ocf": -126786000,
      "capex": -12513000,
      "gross_margin": null,
      "op_margin": 0.3722024402513242,
      "fcf_margin": -1.373987749425446,
      "incr_op_margin_yoy": 0.6866336375488918,
      "rev_growth_yoy": 17.406499636891795,
      "rev_growth_yoy_accel": 16.745428117881556,
      "op_leverage_ratio": 7.028178957633193,
      "fcf_margin_change": -6.637680934955859
    },
    {
      "date": "2022-12-31T00:00:00",
      "quarter_label": "2022-12 (Q4)",
      "revenue": 21545000,
      "gross_profit": null,
      "operating_income": -37778000,
      "net_income": -29893000,
      "opex": 59323000,
      "cogs": null,
      "rd": 28245000,
      "sga": null,
      "fcf": 18582000,
      "ocf": 30912000,
      "capex": -12330000,
      "gross_margin": null,
      "op_margin": -1.753446275237874,
      "fcf_margin": 0.8624738918542585,
      "incr_op_margin_yoy": 1.0131170088125923,
      "rev_growth_yoy": -0.8453682238697777,
      "rev_growth_yoy_accel": -18.25186786076157,
      "fcf_margin_change": 2.2364616412797043
    },
    {
      "date": "2023-03-31T00:00:00",
      "quarter_label": "2023-03 (Q1)",
      "revenue": 12192000,
      "gross_profit": null,
      "operating_income": -64874000,
      "net_income": -40110000,
      "opex": 77066000,
      "cogs": null,
      "rd": 52647000,
      "sga": null,
      "fcf": -59047000,
      "ocf": -44063000,
      "capex": -14984000,
      "gross_margin": null,
      "op_margin": -5.321030183727034,
      "fcf_margin": -4.8430938320209975,
      "incr_op_margin_yoy": 0.9521500448439333,
      "rev_growth_yoy": -0.9614885290020564,
      "rev_growth_yoy_accel": -0.11612030513227867,
      "fcf_margin_change": -5.705567723875256
    },
    {
      "date": "2023-06-30T00:00:00",
      "quarter_label": "2023-06 (Q2)",
      "revenue": 10056000,
      "gross_profit": null,
      "operating_income": -51389000,
      "net_income": -30528000,
      "opex": 61445000,
      "cogs": null,
      "rd": 36473000,
      "sga": null,
      "fcf": -7298000,
      "ocf": 19903000,
      "capex": -27201000,
      "gross_margin": null,
      "op_margin": -5.110282418456642,
      "fcf_margin": -0.7257358790771679,
      "incr_op_margin_yoy": 1.1988790050472657,
      "rev_growth_yoy": -0.7809961452185465,
      "rev_growth_yoy_accel": 0.18049238378350985,
      "fcf_margin_change": 4.11735795294383
    },
    {
      "date": "2023-09-30T00:00:00",
      "quarter_label": "2023-09 (Q3)",
      "revenue": 6599000,
      "gross_profit": null,
      "operating_income": -54890000,
      "net_income": -28610000,
      "opex": 61489000,
      "cogs": null,
      "rd": 37917000,
      "sga": null,
      "fcf": -20437000,
      "ocf": -106000,
      "capex": -20331000,
      "gross_margin": null,
      "op_margin": -8.317926958630096,
      "fcf_margin": -3.096984391574481,
      "incr_op_margin_yoy": 0.9772218939905469,
      "rev_growth_yoy": -0.934910192044031,
      "rev_growth_yoy_accel": -0.15391404682548449,
      "fcf_margin_change": -2.371248512497313
    },
    {
      "date": "2023-12-31T00:00:00",
      "quarter_label": "2023-12 (Q4)",
      "revenue": 9179000,
      "gross_profit": null,
      "operating_income": -66053000,
      "net_income": -47150000,
      "opex": 75232000,
      "cogs": null,
      "rd": 48622000,
      "sga": null,
      "fcf": -34042000,
      "ocf": -19611000,
      "capex": -14431000,
      "gross_margin": null,
      "op_margin": -7.196099793005774,
      "fcf_margin": -3.708682863056978,
      "incr_op_margin_yoy": 2.2865114022319264,
      "rev_growth_yoy": -0.573961475980506,
      "rev_growth_yoy_accel": 0.3609487160635251,
      "op_leverage_ratio": 1.7492724698585207,
      "fcf_margin_change": -0.6116984714824971
    },
    {
      "date": "2024-03-31T00:00:00",
      "quarter_label": "2024-03 (Q1)",
      "revenue": 9954000,
      "gross_profit": null,
      "operating_income": -54894000,
      "net_income": -40610000,
      "opex": 64848000,
      "cogs": null,
      "rd": 39287000,
      "sga": null,
      "fcf": -65848000,
      "ocf": -41708000,
      "capex": -24140000,
      "gross_margin": null,
      "op_margin": -5.514767932489452,
      "fcf_margin": -6.615230058268033,
      "incr_op_margin_yoy": -4.459338695263628,
      "rev_growth_yoy": -0.18356299212598426,
      "rev_growth_yoy_accel": 0.3903984838545217,
      "op_leverage_ratio": Infinity,
      "fcf_margin_change": -2.9065471952110546
    },
    {
      "date": "2024-06-30T00:00:00",
      "quarter_label": "2024-06 (Q2)",
      "revenue": 7323000,
      "gross_profit": null,
      "operating_income": -93454000,
      "net_income": -36930000,
      "opex": 100777000,
      "cogs": null,
      "rd": 40927000,
      "sga": null,
      "fcf": -50076000,
      "ocf": -29966000,
      "capex": -20110000,
      "gross_margin": null,
      "op_margin": -12.761709681824389,
      "fcf_margin": -6.8381810733306025,
      "incr_op_margin_yoy": 15.391511159897549,
      "rev_growth_yoy": -0.2717780429594272,
      "rev_growth_yoy_accel": -0.08821505083344294,
      "fcf_margin_change": -0.22295101506256998
    },
    {
      "date": "2024-09-30T00:00:00",
      "quarter_label": "2024-09 (Q3)",
      "revenue": 6507000,
      "gross_profit": null,
      "operating_income": -93663000,
      "net_income": -51107000,
      "opex": 100170000,
      "cogs": null,
      "rd": 40969000,
      "sga": null,
      "fcf": -47398000,
      "ocf": -28882000,
      "capex": -18516000,
      "gross_margin": null,
      "op_margin": -14.394190871369295,
      "fcf_margin": -7.284155524819425,
      "rev_growth_yoy": -0.013941506288831642,
      "rev_growth_yoy_accel": 0.2578365366705956,
      "fcf_margin_change": -0.44597445148882287
    },
    {
      "date": "2024-12-31T00:00:00",
      "quarter_label": "2024-12 (Q4)",
      "revenue": 5050000,
      "gross_profit": null,
      "operating_income": -72755000,
      "net_income": -34210000,
      "opex": 77805000,
      "cogs": null,
      "rd": 46076000,
      "sga": null,
      "fcf": -23630000,
      "ocf": -8000000,
      "capex": -15630000,
      "gross_margin": null,
      "op_margin": -14.406930693069308,
      "fcf_margin": -4.679207920792079,
      "incr_op_margin_yoy": 1.6231533058852021,
      "rev_growth_yoy": -0.4498311362893561,
      "rev_growth_yoy_accel": -0.4358896300005245,
      "fcf_margin_change": 2.6049476040273465
    },
    {
      "date": "2025-03-31T00:00:00",
      "quarter_label": "2025-03 (Q1)",
      "revenue": 4235000,
      "gross_profit": null,
      "operating_income": -62660000,
      "net_income": -45621000,
      "opex": 66895000,
      "cogs": null,
      "rd": 42496000,
      "sga": null,
      "fcf": -22190000,
      "ocf": -11554000,
      "capex": -10636000,
      "gross_margin": null,
      "op_margin": -14.795749704840613,
      "fcf_margin": -5.239669421487603,
      "incr_op_margin_yoy": 1.3579297079909074,
      "rev_growth_yoy": -0.5745428973277075,
      "rev_growth_yoy_accel": -0.12471176103835135,
      "fcf_margin_change": -0.5604615006955243
    },
    {
      "date": "2025-06-30T00:00:00",
      "quarter_label": "2025-06 (Q2)",
      "revenue": 17084000,
      "gross_profit": null,
      "operating_income": -49585000,
      "net_income": -34727000,
      "opex": 66669000,
      "cogs": null,
      "rd": 39213000,
      "sga": null,
      "fcf": -45769000,
      "ocf": -32404000,
      "capex": -13365000,
      "gross_margin": null,
      "op_margin": -2.9024233200655583,
      "fcf_margin": -2.6790564270662607,
      "incr_op_margin_yoy": 4.494314107161151,
      "rev_growth_yoy": 1.33292366516455,
      "rev_growth_yoy_accel": 1.9074665624922575,
      "op_leverage_ratio": Infinity,
      "fcf_margin_change": 2.5606129944213425
    },
    {
      "date": "2025-09-30T00:00:00",
      "quarter_label": "2025-09 (Q3)",
      "revenue": 8955000,
      "gross_profit": null,
      "operating_income": -76278000,
      "net_income": -57119000,
      "opex": 85233000,
      "cogs": null,
      "rd": 55028000,
      "sga": null,
      "fcf": -61522000,
      "ocf": -52594000,
      "capex": -8928000,
      "gross_margin": null,
      "op_margin": -8.517922948073702,
      "fcf_margin": -6.8701284198771635,
      "incr_op_margin_yoy": 7.10171568627451,
      "rev_growth_yoy": 0.37621023513139695,
      "rev_growth_yoy_accel": -0.956713430033153,
      "fcf_margin_change": -4.191071992810903
    }
  ],
  "signals": [
    {
      "quarter": "2025-09 (Q3)",
      "signal": "YoY REVENUE GROWTH DECELERATION",
      "detail": "YoY growth: +37.6% vs prior quarter YoY: +133.3% (decel: -95.7%)",
      "severity": "WARNING"
    },
    {
      "quarter": "2025-06 (Q2)",
      "signal": "FCF MARGIN EXPANSION",
      "detail": "FCF margin: -524.0% -> -267.9% (+256.1%)",
      "severity": "MEDIUM"
    },
    {
      "quarter": "2025-06 (Q2)",
      "signal": "YoY REVENUE GROWTH ACCELERATION",
      "detail": "YoY growth: +133.3% vs prior quarter YoY: -57.5% (accel: +190.7%)",
      "severity": "HIGH"
    },
    {
      "quarter": "2025-03 (Q1)",
      "signal": "YoY REVENUE GROWTH DECELERATION",
      "detail": "YoY growth: -57.5% vs prior quarter YoY: -45.0% (decel: -12.5%)",
      "severity": "WARNING"
    },
    {
      "quarter": "2024-12 (Q4)",
      "signal": "FCF MARGIN EXPANSION",
      "detail": "FCF margin: -728.4% -> -467.9% (+260.5%)",
      "severity": "MEDIUM"
    },
    {
      "quarter": "2024-12 (Q4)",
      "signal": "YoY REVENUE GROWTH DECELERATION",
      "detail": "YoY growth: -45.0% vs prior quarter YoY: -1.4% (decel: -43.6%)",
      "severity": "WARNING"
    },
    {
      "quarter": "2024-09 (Q3)",
      "signal": "YoY REVENUE GROWTH ACCELERATION",
      "detail": "YoY growth: -1.4% vs prior quarter YoY: -27.2% (accel: +25.8%)",
      "severity": "HIGH"
    },
    {
      "quarter": "2024-06 (Q2)",
      "signal": "YoY REVENUE GROWTH DECELERATION",
      "detail": "YoY growth: -27.2% vs prior quarter YoY: -18.4% (decel: -8.8%)",
      "severity": "WARNING"
    },
    {
      "quarter": "2024-03 (Q1)",
      "signal": "YoY REVENUE GROWTH ACCELERATION",
      "detail": "YoY growth: -18.4% vs prior quarter YoY: -57.4% (accel: +39.0%)",
      "severity": "HIGH"
    },
    {
      "quarter": "2023-12 (Q4)",
      "signal": "OPERATING LEVERAGE",
      "detail": "Rev growth +39.1% vs OpEx growth +22.4% (leverage: 1.7x)",
      "severity": "MEDIUM"
    },
    {
      "quarter": "2023-12 (Q4)",
      "signal": "YoY REVENUE GROWTH ACCELERATION",
      "detail": "YoY growth: -57.4% vs prior quarter YoY: -93.5% (accel: +36.1%)",
      "severity": "HIGH"
    },
    {
      "quarter": "2023-09 (Q3)",
      "signal": "YoY REVENUE GROWTH DECELERATION",
      "detail": "YoY growth: -93.5% vs prior quarter YoY: -78.1% (decel: -15.4%)",
      "severity": "WARNING"
    },
    {
      "quarter": "2023-06 (Q2)",
      "signal": "FCF MARGIN EXPANSION",
      "detail": "FCF margin: -484.3% -> -72.6% (+411.7%)",
      "severity": "MEDIUM"
    },
    {
      "quarter": "2023-06 (Q2)",
      "signal": "YoY REVENUE GROWTH ACCELERATION",
      "detail": "YoY growth: -78.1% vs prior quarter YoY: -96.1% (accel: +18.0%)",
      "severity": "HIGH"
    },
    {
      "quarter": "2023-03 (Q1)",
      "signal": "YoY REVENUE GROWTH DECELERATION",
      "detail": "YoY growth: -96.1% vs prior quarter YoY: -84.5% (decel: -11.6%)",
      "severity": "WARNING"
    },
    {
      "quarter": "2022-12 (Q4)",
      "signal": "FCF TURNED POSITIVE",
      "detail": "FCF margin: -137.4% -> +86.2%",
      "severity": "HIGH"
    },
    {
      "quarter": "2022-12 (Q4)",
      "signal": "YoY REVENUE GROWTH DECELERATION",
      "detail": "YoY growth: -84.5% vs prior quarter YoY: +1740.6% (decel: -1825.2%)",
      "severity": "WARNING"
    },
    {
      "quarter": "2022-09 (Q3)",
      "signal": "OPERATING LEVERAGE",
      "detail": "Rev growth +120.8% vs OpEx growth +17.2% (leverage: 7.0x)",
      "severity": "MEDIUM"
    },
    {
      "quarter": "2022-09 (Q3)",
      "signal": "YoY REVENUE GROWTH ACCELERATION",
      "detail": "YoY growth: +1740.6% vs prior quarter YoY: +66.1% (accel: +1674.5%)",
      "severity": "HIGH"
    },
    {
      "quarter": "2022-09 (Q3)",
      "signal": "OP MARGIN TURNED POSITIVE (YoY)",
      "detail": "Op margin: -510.1% (year-ago) -> +37.2%",
      "severity": "HIGH"
    },
    {
      "quarter": "2022-09 (Q3)",
      "signal": "OP MARGIN TURNED POSITIVE (QoQ)",
      "detail": "Op margin: -18.3% -> +37.2%",
      "severity": "HIGH"
    },
    {
      "quarter": "2022-06 (Q2)",
      "signal": "FCF MARGIN EXPANSION",
      "detail": "FCF margin: +27.1% -> +526.4% (+499.3%)",
      "severity": "MEDIUM"
    },
    {
      "quarter": "2022-06 (Q2)",
      "signal": "YoY REVENUE GROWTH ACCELERATION",
      "detail": "YoY growth: +66.1% vs prior quarter YoY: +56.2% (accel: +10.0%)",
      "severity": "MEDIUM"
    },
    {
      "quarter": "2022-03 (Q1)",
      "signal": "FCF TURNED POSITIVE",
      "detail": "FCF margin: -18.8% -> +27.1%",
      "severity": "HIGH"
    },
    {
      "quarter": "2022-03 (Q1)",
      "signal": "OPERATING LEVERAGE",
      "detail": "Rev growth +127.2% vs OpEx growth +58.6% (leverage: 2.2x)",
      "severity": "MEDIUM"
    },
    {
      "quarter": "2022-03 (Q1)",
      "signal": "YoY REVENUE GROWTH ACCELERATION",
      "detail": "YoY growth: +56.2% vs prior quarter YoY: -33.0% (accel: +89.1%)",
      "severity": "HIGH"
    },
    {
      "quarter": "2021-12 (Q4)",
      "signal": "FCF MARGIN EXPANSION",
      "detail": "FCF margin: -263.4% -> -18.8% (+244.6%)",
      "severity": "MEDIUM"
    },
    {
      "quarter": "2021-12 (Q4)",
      "signal": "OPERATING LEVERAGE",
      "detail": "Rev growth +2429.6% vs OpEx growth +71.9% (leverage: 33.8x)",
      "severity": "MEDIUM"
    },
    {
      "quarter": "2021-12 (Q4)",
      "signal": "INCREMENTAL MARGIN (YoY)",
      "detail": "YoY Incr OPM: +115.5% vs year-ago OPM: +77.3%",
      "severity": "HIGH"
    },
    {
      "quarter": "2021-12 (Q4)",
      "signal": "OP MARGIN TURNED POSITIVE (QoQ)",
      "detail": "Op margin: -510.1% -> +58.5%",
      "severity": "HIGH"
    },
    {
      "quarter": "2021-06 (Q2)",
      "signal": "FCF MARGIN EXPANSION",
      "detail": "FCF margin: +52.2% -> +437.3% (+385.1%)",
      "severity": "MEDIUM"
    },
    {
      "quarter": "2021-03 (Q1)",
      "signal": "FCF TURNED POSITIVE",
      "detail": "FCF margin: -0.1% -> +52.2%",
      "severity": "HIGH"
    }
  ],
  "data_quality": {
    "n_quarters": 20,
    "coverage": {
      "revenue": [
        20,
        20
      ],
      "gross_profit": [
        0,
        20
      ],
      "op_income": [
        20,
        20
      ],
      "fcf": [
        20,
        20
      ]
    },
    "gaps": [],
    "warnings": [
      "gross_profit: no data"
    ]
  },
  "market_cap": null,
  "source": "SEC EDGAR",
  "last_updated": "2026-02-02T21:56:00.302993"
}