{
  "ticker": "ABG",
  "name": "ASBURY AUTOMOTIVE GROUP, INC.",
  "quarters": [
    {
      "date": "2020-12-31T00:00:00",
      "quarter_label": "2020-12 (Q4)",
      "revenue": 2234000000,
      "gross_profit": 372300000,
      "operating_income": 134500000,
      "net_income": 89100000,
      "opex": 237800000,
      "cogs": 1861700000,
      "rd": null,
      "sga": 228500000,
      "fcf": 27300000,
      "ocf": 27300000,
      "capex": null,
      "gross_margin": 0.16665174574753805,
      "op_margin": 0.060205908683974935,
      "fcf_margin": 0.012220232766338407
    },
    {
      "date": "2021-03-31T00:00:00",
      "quarter_label": "2021-03 (Q1)",
      "revenue": 2192900000,
      "gross_profit": 382700000,
      "operating_income": 136300000,
      "net_income": 92800000,
      "opex": 246400000,
      "cogs": 1810200000,
      "rd": null,
      "sga": 239800000,
      "fcf": 210800000,
      "ocf": 210800000,
      "capex": null,
      "gross_margin": 0.17451776186784623,
      "op_margin": 0.062155137033152445,
      "fcf_margin": 0.0961284144283825,
      "fcf_margin_change": 0.0839081816620441
    },
    {
      "date": "2021-06-30T00:00:00",
      "quarter_label": "2021-06 (Q2)",
      "revenue": 2584000000,
      "gross_profit": 497200000,
      "operating_income": 218400000,
      "net_income": 152100000,
      "opex": 278800000,
      "cogs": 2086800000,
      "rd": null,
      "sga": 269700000,
      "fcf": 376500000,
      "ocf": 376500000,
      "capex": null,
      "gross_margin": 0.19241486068111455,
      "op_margin": 0.08452012383900928,
      "fcf_margin": 0.14570433436532507,
      "op_leverage_ratio": 1.3563278571866895,
      "fcf_margin_change": 0.04957591993694256
    },
    {
      "date": "2021-09-30T00:00:00",
      "quarter_label": "2021-09 (Q3)",
      "revenue": 2406000000,
      "gross_profit": 480000000,
      "operating_income": 201000000,
      "net_income": 147000000,
      "opex": 279000000,
      "cogs": 1926000000,
      "rd": null,
      "sga": 268700000,
      "fcf": 371300000,
      "ocf": 371300000,
      "capex": null,
      "gross_margin": 0.19950124688279303,
      "op_margin": 0.08354114713216958,
      "fcf_margin": 0.15432252701579385,
      "fcf_margin_change": 0.008618192650468787
    },
    {
      "date": "2021-12-31T00:00:00",
      "quarter_label": "2021-12 (Q4)",
      "revenue": 2654800000,
      "gross_profit": 542300000,
      "operating_income": 236100000,
      "net_income": 140500000,
      "opex": 306200000,
      "cogs": 2112500000,
      "rd": null,
      "sga": 295700000,
      "fcf": 205100000,
      "ocf": 205100000,
      "capex": null,
      "gross_margin": 0.20427150821154136,
      "op_margin": 0.08893325297574205,
      "fcf_margin": 0.07725629049269248,
      "incr_op_margin_yoy": 0.2414448669201521,
      "rev_growth_yoy": 0.1883616830796777,
      "op_leverage_ratio": 1.0606938536012909,
      "fcf_margin_change": -0.07706623652310138
    },
    {
      "date": "2022-03-31T00:00:00",
      "quarter_label": "2022-03 (Q1)",
      "revenue": 3911800000,
      "gross_profit": 792000000,
      "operating_income": 320800000,
      "net_income": 237700000,
      "opex": 471200000,
      "cogs": 3119800000,
      "rd": null,
      "sga": 455500000,
      "fcf": 409000000,
      "ocf": 409000000,
      "capex": null,
      "gross_margin": 0.20246433866762104,
      "op_margin": 0.0820082826320364,
      "fcf_margin": 0.10455544762002147,
      "incr_op_margin_yoy": 0.10733608703240445,
      "rev_growth_yoy": 0.7838478726800128,
      "rev_growth_yoy_accel": 0.5954861896003351,
      "op_leverage_ratio": 0.8786677989781801,
      "fcf_margin_change": 0.027299157127329
    },
    {
      "date": "2022-06-30T00:00:00",
      "quarter_label": "2022-06 (Q2)",
      "revenue": 3950200000,
      "gross_profit": 802700000,
      "operating_income": 335500000,
      "net_income": 201400000,
      "opex": 467200000,
      "cogs": 3147500000,
      "rd": null,
      "sga": 448300000,
      "fcf": 87600000,
      "ocf": 87600000,
      "capex": null,
      "gross_margin": 0.20320490101767,
      "op_margin": 0.0849324084856463,
      "fcf_margin": 0.022176092349754442,
      "incr_op_margin_yoy": 0.08571219440784658,
      "rev_growth_yoy": 0.5287151702786378,
      "rev_growth_yoy_accel": -0.255132702401375,
      "fcf_margin_change": -0.08237935527026703
    },
    {
      "date": "2022-09-30T00:00:00",
      "quarter_label": "2022-09 (Q3)",
      "revenue": 3865900000,
      "gross_profit": 767800000,
      "operating_income": 313600000,
      "net_income": 205000000,
      "opex": 454200000,
      "cogs": 3098100000,
      "rd": null,
      "sga": 438200000,
      "fcf": 167800000,
      "ocf": 167800000,
      "capex": null,
      "gross_margin": 0.19860834475801237,
      "op_margin": 0.08111953232106366,
      "fcf_margin": 0.043405157919242605,
      "incr_op_margin_yoy": 0.07712857045003083,
      "rev_growth_yoy": 0.6067747298420615,
      "rev_growth_yoy_accel": 0.0780595595634237,
      "fcf_margin_change": 0.021229065569488163
    },
    {
      "date": "2022-12-31T00:00:00",
      "quarter_label": "2022-12 (Q4)",
      "revenue": 3705900000,
      "gross_profit": 738100000,
      "operating_income": 302600000,
      "net_income": 353200000,
      "opex": 435500000,
      "cogs": 2967900000,
      "rd": null,
      "sga": 421500000,
      "fcf": 31600000,
      "ocf": 31600000,
      "capex": null,
      "gross_margin": 0.199168892846542,
      "op_margin": 0.08165357942739955,
      "fcf_margin": 0.008526943522491164,
      "incr_op_margin_yoy": 0.06326705356293406,
      "rev_growth_yoy": 0.39592436341720655,
      "rev_growth_yoy_accel": -0.21085036642485494,
      "fcf_margin_change": -0.03487821439675144
    },
    {
      "date": "2023-03-31T00:00:00",
      "quarter_label": "2023-03 (Q1)",
      "revenue": 3582300000,
      "gross_profit": 696200000,
      "operating_income": 276500000,
      "net_income": 181400000,
      "opex": 419700000,
      "cogs": 2886100000,
      "rd": null,
      "sga": 403000000,
      "fcf": 171700000,
      "ocf": 171700000,
      "capex": null,
      "gross_margin": 0.1943444155989169,
      "op_margin": 0.07718504871172152,
      "fcf_margin": 0.04793010077324624,
      "incr_op_margin_yoy": 0.13444613050075874,
      "rev_growth_yoy": -0.08423232271588527,
      "rev_growth_yoy_accel": -0.4801566861330918,
      "fcf_margin_change": 0.03940315725075508
    },
    {
      "date": "2023-06-30T00:00:00",
      "quarter_label": "2023-06 (Q2)",
      "revenue": 3742500000,
      "gross_profit": 713100000,
      "operating_income": 287700000,
      "net_income": 196400000,
      "opex": 425400000,
      "cogs": 3029400000,
      "rd": null,
      "sga": 408600000,
      "fcf": 50000000,
      "ocf": 50000000,
      "capex": null,
      "gross_margin": 0.19054108216432866,
      "op_margin": 0.07687374749498999,
      "fcf_margin": 0.013360053440213761,
      "incr_op_margin_yoy": 0.2301396244583534,
      "rev_growth_yoy": -0.05257961622196344,
      "rev_growth_yoy_accel": 0.03165270649392182,
      "op_leverage_ratio": 3.292794837776965,
      "fcf_margin_change": -0.03457004733303248
    },
    {
      "date": "2023-09-30T00:00:00",
      "quarter_label": "2023-09 (Q3)",
      "revenue": 3666200000,
      "gross_profit": 673500000,
      "operating_income": 264700000,
      "net_income": 169200000,
      "opex": 408800000,
      "cogs": 2992700000,
      "rd": null,
      "sga": 391700000,
      "fcf": 18100000,
      "ocf": 18100000,
      "capex": null,
      "gross_margin": 0.18370519884348918,
      "op_margin": 0.07220009819431564,
      "fcf_margin": 0.004936991980797556,
      "incr_op_margin_yoy": 0.24486730095142714,
      "rev_growth_yoy": -0.05165679401950387,
      "rev_growth_yoy_accel": 0.0009228222024595736,
      "fcf_margin_change": -0.008423061459416206
    },
    {
      "date": "2023-12-31T00:00:00",
      "quarter_label": "2023-12 (Q4)",
      "revenue": 3811700000,
      "gross_profit": 673000000,
      "operating_income": 124500000,
      "net_income": 55500000,
      "opex": 548500000,
      "cogs": 3138700000,
      "rd": null,
      "sga": 414100000,
      "fcf": 73200000,
      "ocf": 73200000,
      "capex": null,
      "gross_margin": 0.17656163916362777,
      "op_margin": 0.032662591494608706,
      "fcf_margin": 0.019204029698035,
      "incr_op_margin_yoy": -1.6833648393194707,
      "rev_growth_yoy": 0.02854907040125206,
      "rev_growth_yoy_accel": 0.08020586442075593,
      "op_leverage_ratio": 0.11613451785579633,
      "fcf_margin_change": 0.014267037717237443
    },
    {
      "date": "2024-03-31T00:00:00",
      "quarter_label": "2024-03 (Q1)",
      "revenue": 4201200000,
      "gross_profit": 750000000,
      "operating_income": 262800000,
      "net_income": 147100000,
      "opex": 487200000,
      "cogs": 3451200000,
      "rd": null,
      "sga": 468600000,
      "fcf": 177100000,
      "ocf": 177100000,
      "capex": null,
      "gross_margin": 0.17852042273636104,
      "op_margin": 0.06255355612682091,
      "fcf_margin": 0.04215462248881272,
      "incr_op_margin_yoy": -0.022136047826789466,
      "rev_growth_yoy": 0.17276609999162548,
      "rev_growth_yoy_accel": 0.1442170295903734,
      "op_leverage_ratio": Infinity,
      "fcf_margin_change": 0.022950592790777723
    },
    {
      "date": "2024-06-30T00:00:00",
      "quarter_label": "2024-06 (Q2)",
      "revenue": 4246200000,
      "gross_profit": 730700000,
      "operating_income": 100500000,
      "net_income": 28100000,
      "opex": 630200000,
      "cogs": 3515500000,
      "rd": null,
      "sga": 476500000,
      "fcf": -154400000,
      "ocf": -154400000,
      "capex": null,
      "gross_margin": 0.1720832744571617,
      "op_margin": 0.023668220997597852,
      "fcf_margin": -0.03636192360227969,
      "incr_op_margin_yoy": -0.3716497915425849,
      "rev_growth_yoy": 0.13458917835671344,
      "rev_growth_yoy_accel": -0.03817692163491204,
      "op_leverage_ratio": 0.03649306991209304,
      "fcf_margin_change": -0.0785165460910924
    },
    {
      "date": "2024-09-30T00:00:00",
      "quarter_label": "2024-09 (Q3)",
      "revenue": 4236700000,
      "gross_profit": 718000000,
      "operating_income": 232700000,
      "net_income": 126300000,
      "opex": 485300000,
      "cogs": 3518600000,
      "rd": null,
      "sga": 466500000,
      "fcf": 404300000,
      "ocf": 404300000,
      "capex": null,
      "gross_margin": 0.16947152264734344,
      "op_margin": 0.05492482356551089,
      "fcf_margin": 0.09542804541270328,
      "incr_op_margin_yoy": -0.056091148115687994,
      "rev_growth_yoy": 0.15561071409088428,
      "rev_growth_yoy_accel": 0.021021535734170843,
      "fcf_margin_change": 0.13178996901498297
    },
    {
      "date": "2024-12-31T00:00:00",
      "quarter_label": "2024-12 (Q4)",
      "revenue": 4504500000,
      "gross_profit": 749800000,
      "operating_income": 239600000,
      "net_income": 128800000,
      "opex": 510200000,
      "cogs": 3754700000,
      "rd": null,
      "sga": 476900000,
      "fcf": 244200000,
      "ocf": 244200000,
      "capex": null,
      "gross_margin": 0.16645576645576646,
      "op_margin": 0.053191253191253195,
      "fcf_margin": 0.054212454212454214,
      "incr_op_margin_yoy": 0.16613741339491916,
      "rev_growth_yoy": 0.18175617178686676,
      "rev_growth_yoy_accel": 0.026145457695982477,
      "op_leverage_ratio": 1.2319520487596287,
      "fcf_margin_change": -0.04121559120024906
    },
    {
      "date": "2025-03-31T00:00:00",
      "quarter_label": "2025-03 (Q1)",
      "revenue": 4148500000,
      "gross_profit": 724200000,
      "operating_income": 234300000,
      "net_income": 132100000,
      "opex": 489900000,
      "cogs": 3424300000,
      "rd": null,
      "sga": 456400000,
      "fcf": 225000000,
      "ocf": 225000000,
      "capex": null,
      "gross_margin": 0.17456912136916958,
      "op_margin": 0.05647824514884898,
      "fcf_margin": 0.05423647101361938,
      "incr_op_margin_yoy": 0.540796963946869,
      "rev_growth_yoy": -0.012544035037608302,
      "rev_growth_yoy_accel": -0.19430020682447507,
      "fcf_margin_change": 2.4016801165163693e-05
    },
    {
      "date": "2025-06-30T00:00:00",
      "quarter_label": "2025-06 (Q2)",
      "revenue": 4373100000,
      "gross_profit": 751900000,
      "operating_income": 257400000,
      "net_income": 152800000,
      "opex": 494500000,
      "cogs": 3621200000,
      "rd": null,
      "sga": 475500000,
      "fcf": 91400000,
      "ocf": 91400000,
      "capex": null,
      "gross_margin": 0.17193752715465002,
      "op_margin": 0.05885984770528915,
      "fcf_margin": 0.02090050536232878,
      "incr_op_margin_yoy": 1.2364066193853427,
      "rev_growth_yoy": 0.029885544722339976,
      "rev_growth_yoy_accel": 0.04242957975994828,
      "op_leverage_ratio": 5.765915391105219,
      "fcf_margin_change": -0.0333359656512906
    },
    {
      "date": "2025-09-30T00:00:00",
      "quarter_label": "2025-09 (Q3)",
      "revenue": 4800900000,
      "gross_profit": 802500000,
      "operating_income": 242600000,
      "net_income": 147100000,
      "opex": 559900000,
      "cogs": 3998300000,
      "rd": null,
      "sga": 527100000,
      "fcf": 306900000,
      "ocf": 306900000,
      "capex": null,
      "gross_margin": 0.1671561582203337,
      "op_margin": 0.05053219188068904,
      "fcf_margin": 0.06392551396613134,
      "incr_op_margin_yoy": 0.017546969159872385,
      "rev_growth_yoy": 0.13316968395213255,
      "rev_growth_yoy_accel": 0.10328413922979257,
      "op_leverage_ratio": 0.7396732609852688,
      "fcf_margin_change": 0.04302500860380257
    }
  ],
  "signals": [
    {
      "quarter": "2025-09 (Q3)",
      "signal": "YoY REVENUE GROWTH ACCELERATION",
      "detail": "YoY growth: +13.3% vs prior quarter YoY: +3.0% (accel: +10.3%)",
      "severity": "MEDIUM"
    },
    {
      "quarter": "2025-06 (Q2)",
      "signal": "OPERATING LEVERAGE",
      "detail": "Rev growth +5.4% vs OpEx growth +0.9% (leverage: 5.8x)",
      "severity": "MEDIUM"
    },
    {
      "quarter": "2025-06 (Q2)",
      "signal": "INCREMENTAL MARGIN (YoY)",
      "detail": "YoY Incr OPM: +123.6% vs year-ago OPM: +2.4%",
      "severity": "HIGH"
    },
    {
      "quarter": "2025-03 (Q1)",
      "signal": "YoY REVENUE GROWTH DECELERATION",
      "detail": "YoY growth: -1.3% vs prior quarter YoY: +18.2% (decel: -19.4%)",
      "severity": "WARNING"
    },
    {
      "quarter": "2025-03 (Q1)",
      "signal": "INCREMENTAL MARGIN (YoY)",
      "detail": "YoY Incr OPM: +54.1% vs year-ago OPM: +6.3%",
      "severity": "HIGH"
    },
    {
      "quarter": "2024-12 (Q4)",
      "signal": "INCREMENTAL MARGIN (YoY)",
      "detail": "YoY Incr OPM: +16.6% vs year-ago OPM: +3.3%",
      "severity": "MEDIUM"
    },
    {
      "quarter": "2024-09 (Q3)",
      "signal": "FCF TURNED POSITIVE",
      "detail": "FCF margin: -3.6% -> +9.5%",
      "severity": "HIGH"
    },
    {
      "quarter": "2024-03 (Q1)",
      "signal": "YoY REVENUE GROWTH ACCELERATION",
      "detail": "YoY growth: +17.3% vs prior quarter YoY: +2.9% (accel: +14.4%)",
      "severity": "MEDIUM"
    },
    {
      "quarter": "2023-12 (Q4)",
      "signal": "YoY REVENUE GROWTH ACCELERATION",
      "detail": "YoY growth: +2.9% vs prior quarter YoY: -5.2% (accel: +8.0%)",
      "severity": "MEDIUM"
    },
    {
      "quarter": "2023-09 (Q3)",
      "signal": "INCREMENTAL MARGIN (YoY)",
      "detail": "YoY Incr OPM: +24.5% vs year-ago OPM: +8.1%",
      "severity": "MEDIUM"
    },
    {
      "quarter": "2023-06 (Q2)",
      "signal": "OPERATING LEVERAGE",
      "detail": "Rev growth +4.5% vs OpEx growth +1.4% (leverage: 3.3x)",
      "severity": "MEDIUM"
    },
    {
      "quarter": "2023-06 (Q2)",
      "signal": "INCREMENTAL MARGIN (YoY)",
      "detail": "YoY Incr OPM: +23.0% vs year-ago OPM: +8.5%",
      "severity": "MEDIUM"
    },
    {
      "quarter": "2023-03 (Q1)",
      "signal": "YoY REVENUE GROWTH DECELERATION",
      "detail": "YoY growth: -8.4% vs prior quarter YoY: +39.6% (decel: -48.0%)",
      "severity": "WARNING"
    },
    {
      "quarter": "2022-12 (Q4)",
      "signal": "YoY REVENUE GROWTH DECELERATION",
      "detail": "YoY growth: +39.6% vs prior quarter YoY: +60.7% (decel: -21.1%)",
      "severity": "WARNING"
    },
    {
      "quarter": "2022-09 (Q3)",
      "signal": "YoY REVENUE GROWTH ACCELERATION",
      "detail": "YoY growth: +60.7% vs prior quarter YoY: +52.9% (accel: +7.8%)",
      "severity": "MEDIUM"
    },
    {
      "quarter": "2022-06 (Q2)",
      "signal": "YoY REVENUE GROWTH DECELERATION",
      "detail": "YoY growth: +52.9% vs prior quarter YoY: +78.4% (decel: -25.5%)",
      "severity": "WARNING"
    },
    {
      "quarter": "2022-03 (Q1)",
      "signal": "YoY REVENUE GROWTH ACCELERATION",
      "detail": "YoY growth: +78.4% vs prior quarter YoY: +18.8% (accel: +59.5%)",
      "severity": "HIGH"
    },
    {
      "quarter": "2021-12 (Q4)",
      "signal": "INCREMENTAL MARGIN (YoY)",
      "detail": "YoY Incr OPM: +24.1% vs year-ago OPM: +6.0%",
      "severity": "MEDIUM"
    },
    {
      "quarter": "2021-03 (Q1)",
      "signal": "FCF MARGIN EXPANSION",
      "detail": "FCF margin: +1.2% -> +9.6% (+8.4%)",
      "severity": "MEDIUM"
    }
  ],
  "data_quality": {
    "n_quarters": 20,
    "coverage": {
      "revenue": [
        20,
        20
      ],
      "gross_profit": [
        20,
        20
      ],
      "op_income": [
        20,
        20
      ],
      "fcf": [
        20,
        20
      ]
    },
    "gaps": [],
    "warnings": []
  },
  "market_cap": null,
  "source": "SEC EDGAR",
  "last_updated": "2026-02-02T21:06:35.229250"
}