{
  "ticker": "ABTC",
  "name": "American Bitcoin Corp.",
  "quarters": [
    {
      "date": "2020-09-30T00:00:00",
      "quarter_label": "2020-09 (Q3)",
      "revenue": 3714004,
      "gross_profit": 1974067,
      "operating_income": -5523470,
      "net_income": -4741876,
      "opex": 7497537,
      "cogs": 1739937,
      "rd": 1758826,
      "sga": null,
      "fcf": null,
      "ocf": null,
      "capex": null,
      "gross_margin": 0.5315198906624764,
      "op_margin": -1.4872008753894719,
      "fcf_margin": null
    },
    {
      "date": "2021-03-31T00:00:00",
      "quarter_label": "2021-03 (Q1)",
      "revenue": 4014024,
      "gross_profit": 2559857,
      "operating_income": -3506003,
      "net_income": -6457703,
      "opex": 6065860,
      "cogs": 1454167,
      "rd": 1424100,
      "sga": null,
      "fcf": -1373818,
      "ocf": -1373818,
      "capex": null,
      "gross_margin": 0.6377283743196354,
      "op_margin": -0.8734384747076749,
      "fcf_margin": -0.34225455552831774,
      "op_leverage_ratio": Infinity
    },
    {
      "date": "2021-06-30T00:00:00",
      "quarter_label": "2021-06 (Q2)",
      "revenue": 4906887,
      "gross_profit": 2992507,
      "operating_income": -6051007,
      "net_income": -6105251,
      "opex": 9043514,
      "cogs": 1914380,
      "rd": 1527258,
      "sga": null,
      "fcf": -2341380,
      "ocf": -2341380,
      "capex": null,
      "gross_margin": 0.6098585518680173,
      "op_margin": -1.233166160133706,
      "fcf_margin": -0.4771619970054334,
      "op_leverage_ratio": 0.45313020462520875,
      "fcf_margin_change": -0.13490744147711564
    },
    {
      "date": "2021-09-30T00:00:00",
      "quarter_label": "2021-09 (Q3)",
      "revenue": 5135502,
      "gross_profit": 3164120,
      "operating_income": -3720713,
      "net_income": -1553447,
      "opex": 6884833,
      "cogs": 1971382,
      "rd": 1566478,
      "sga": null,
      "fcf": -1362346,
      "ocf": -1362346,
      "capex": null,
      "gross_margin": 0.6161267194521587,
      "op_margin": -0.7245081396132257,
      "fcf_margin": -0.2652800057326431,
      "incr_op_margin_yoy": 1.2682093115853839,
      "rev_growth_yoy": 0.38274002935914986,
      "op_leverage_ratio": Infinity,
      "fcf_margin_change": 0.21188199127279028
    },
    {
      "date": "2021-12-31T00:00:00",
      "quarter_label": "2021-12 (Q4)",
      "revenue": 6628560,
      "gross_profit": 3849002,
      "operating_income": -20077597,
      "net_income": -17212310,
      "opex": 23926599,
      "cogs": 2779558,
      "rd": 1754130,
      "sga": null,
      "fcf": -3090360,
      "ocf": -3090360,
      "capex": null,
      "gross_margin": 0.5806694063265626,
      "op_margin": -3.0289530456086995,
      "fcf_margin": -0.4662189072739781,
      "op_leverage_ratio": 0.11745529198126795,
      "fcf_margin_change": -0.20093890154133498
    },
    {
      "date": "2022-03-31T00:00:00",
      "quarter_label": "2022-03 (Q1)",
      "revenue": 6950841,
      "gross_profit": 4747170,
      "operating_income": -20636648,
      "net_income": -21952893,
      "opex": 25383818,
      "cogs": 2203671,
      "rd": 2105361,
      "sga": null,
      "fcf": -3585394,
      "ocf": -3585394,
      "capex": null,
      "gross_margin": 0.6829633996807005,
      "op_margin": -2.96894260708884,
      "fcf_margin": -0.5158216106511427,
      "incr_op_margin_yoy": -5.833065185879815,
      "rev_growth_yoy": 0.7316391232339418,
      "op_leverage_ratio": 0.7983101602656485,
      "fcf_margin_change": -0.04960270337716466
    },
    {
      "date": "2022-06-30T00:00:00",
      "quarter_label": "2022-06 (Q2)",
      "revenue": 6085881,
      "gross_profit": 4249904,
      "operating_income": -29220850,
      "net_income": -29565947,
      "opex": 33470754,
      "cogs": 1835977,
      "rd": 1761428,
      "sga": null,
      "fcf": -3602051,
      "ocf": -3602051,
      "capex": null,
      "gross_margin": 0.6983219027779215,
      "op_margin": -4.801416590301388,
      "fcf_margin": -0.5918701006477123,
      "incr_op_margin_yoy": -19.65221451508659,
      "rev_growth_yoy": 0.2402733138138294,
      "rev_growth_yoy_accel": -0.4913658094201123,
      "fcf_margin_change": -0.07604848999656955
    },
    {
      "date": "2022-09-30T00:00:00",
      "quarter_label": "2022-09 (Q3)",
      "revenue": 5412802,
      "gross_profit": 3360940,
      "operating_income": -837988,
      "net_income": -2304088,
      "opex": 4198928,
      "cogs": 2051862,
      "rd": 1374133,
      "sga": null,
      "fcf": -3263461,
      "ocf": -3263461,
      "capex": null,
      "gross_margin": 0.620924245889652,
      "op_margin": -0.15481593451968131,
      "fcf_margin": -0.6029152738267537,
      "rev_growth_yoy": 0.05399666868010177,
      "rev_growth_yoy_accel": -0.18627664513372763,
      "fcf_margin_change": -0.011045173179041412
    },
    {
      "date": "2022-12-31T00:00:00",
      "quarter_label": "2022-12 (Q4)",
      "revenue": -4804494,
      "gross_profit": -4125371,
      "operating_income": -4750192,
      "net_income": -25234682,
      "opex": 624821,
      "cogs": -679123,
      "rd": -549955,
      "sga": null,
      "fcf": -449823,
      "ocf": -449823,
      "capex": null,
      "gross_margin": 0.8586483821189078,
      "op_margin": 0.988697665144342,
      "fcf_margin": 0.09362546815543947,
      "incr_op_margin_yoy": -1.340622111992124,
      "rev_growth_yoy": -1.7248171548571636,
      "rev_growth_yoy_accel": -1.7788138235372652,
      "fcf_margin_change": 0.6965407419821932
    },
    {
      "date": "2023-03-31T00:00:00",
      "quarter_label": "2023-03 (Q1)",
      "revenue": 2602689,
      "gross_profit": 1551608,
      "operating_income": -1929058,
      "net_income": -2474628,
      "opex": 3480666,
      "cogs": 1051081,
      "rd": 845478,
      "sga": null,
      "fcf": 1765000,
      "ocf": 1807000,
      "capex": -42000,
      "gross_margin": 0.5961557450774948,
      "op_margin": -0.7411788346590776,
      "fcf_margin": 0.678144795632517,
      "incr_op_margin_yoy": -4.302423190357651,
      "rev_growth_yoy": -0.6255576843147469,
      "rev_growth_yoy_accel": 1.0992594705424166,
      "fcf_margin_change": 0.5845193274770775
    },
    {
      "date": "2023-06-30T00:00:00",
      "quarter_label": "2023-06 (Q2)",
      "revenue": 2287868,
      "gross_profit": 1324972,
      "operating_income": -1759076,
      "net_income": -3081951,
      "opex": 3084048,
      "cogs": 962896,
      "rd": 659287,
      "sga": null,
      "fcf": -631000,
      "ocf": 869000,
      "capex": -1500000,
      "gross_margin": 0.5791295651672211,
      "op_margin": -0.7688712810354443,
      "fcf_margin": -0.2758026249766158,
      "incr_op_margin_yoy": -7.2305634551540505,
      "rev_growth_yoy": -0.6240695472027796,
      "rev_growth_yoy_accel": 0.0014881371119672693,
      "fcf_margin_change": -0.9539474206091327
    },
    {
      "date": "2023-09-30T00:00:00",
      "quarter_label": "2023-09 (Q3)",
      "revenue": 2082553,
      "gross_profit": 1107842,
      "operating_income": -2577294,
      "net_income": -2594938,
      "opex": 3685136,
      "cogs": 974711,
      "rd": 649070,
      "sga": null,
      "fcf": 388000,
      "ocf": 388000,
      "capex": null,
      "gross_margin": 0.5319634122156796,
      "op_margin": -1.237564662219881,
      "fcf_margin": 0.18630978419276725,
      "incr_op_margin_yoy": 0.5222750611140489,
      "rev_growth_yoy": -0.6152541696518735,
      "rev_growth_yoy_accel": 0.008815377550906112,
      "fcf_margin_change": 0.462112409169383
    },
    {
      "date": "2023-12-31T00:00:00",
      "quarter_label": "2023-12 (Q4)",
      "revenue": -136665,
      "gross_profit": -549418,
      "operating_income": -633622,
      "net_income": -3426653,
      "opex": 84203,
      "cogs": 412753,
      "rd": 181775,
      "sga": null,
      "fcf": -405000,
      "ocf": -53000,
      "capex": -352000,
      "gross_margin": 4.020180733911389,
      "op_margin": 4.636315077013134,
      "fcf_margin": 2.963450773789924,
      "incr_op_margin_yoy": 0.8819024861450581,
      "fcf_margin_change": 2.777140989597157
    },
    {
      "date": "2024-03-31T00:00:00",
      "quarter_label": "2024-03 (Q1)",
      "revenue": 7490000,
      "gross_profit": 2653000,
      "operating_income": -1560000,
      "net_income": -11744000,
      "opex": 9050000,
      "cogs": 4837000,
      "rd": null,
      "sga": null,
      "fcf": -983000,
      "ocf": -983000,
      "capex": null,
      "gross_margin": 0.3542056074766355,
      "op_margin": -0.2082777036048064,
      "fcf_margin": -0.13124165554072095,
      "incr_op_margin_yoy": 0.07551350834845583,
      "rev_growth_yoy": 1.8777929287748172,
      "fcf_margin_change": -3.094692429330645
    },
    {
      "date": "2024-06-30T00:00:00",
      "quarter_label": "2024-06 (Q2)",
      "revenue": 5515000,
      "gross_profit": 1712000,
      "operating_income": -5866000,
      "net_income": -4009000,
      "opex": 7578000,
      "cogs": 3803000,
      "rd": null,
      "sga": null,
      "fcf": 201000,
      "ocf": 201000,
      "capex": null,
      "gross_margin": 0.31042611060743425,
      "op_margin": -1.0636446056210336,
      "fcf_margin": 0.03644605621033545,
      "incr_op_margin_yoy": -1.2726234935540288,
      "rev_growth_yoy": 1.4105411675848432,
      "rev_growth_yoy_accel": -0.467251761189974,
      "fcf_margin_change": 0.1676877117510564
    },
    {
      "date": "2024-09-30T00:00:00",
      "quarter_label": "2024-09 (Q3)",
      "revenue": 3689000,
      "gross_profit": 77000,
      "operating_income": -5445000,
      "net_income": -5948000,
      "opex": 5522000,
      "cogs": 3612000,
      "rd": null,
      "sga": null,
      "fcf": -79317000,
      "ocf": -76812000,
      "capex": -2505000,
      "gross_margin": 0.020872865275142316,
      "op_margin": -1.4760097587422065,
      "fcf_margin": -21.500948766603415,
      "incr_op_margin_yoy": -1.7851233187276019,
      "rev_growth_yoy": 0.7713834893997896,
      "rev_growth_yoy_accel": -0.6391576781850535,
      "fcf_margin_change": -21.53739482281375
    },
    {
      "date": "2024-12-31T00:00:00",
      "quarter_label": "2024-12 (Q4)",
      "revenue": 3845000,
      "gross_profit": 279000,
      "operating_income": -4876000,
      "net_income": 401000,
      "opex": 5155000,
      "cogs": 3566000,
      "rd": null,
      "sga": null,
      "fcf": 76703000,
      "ocf": 74198000,
      "capex": 2505000,
      "gross_margin": 0.07256176853055916,
      "op_margin": -1.2681404421326399,
      "fcf_margin": 19.948764629388815,
      "incr_op_margin_yoy": -1.0654783865543687,
      "op_leverage_ratio": Infinity,
      "fcf_margin_change": 41.449713395992234
    },
    {
      "date": "2025-03-31T00:00:00",
      "quarter_label": "2025-03 (Q1)",
      "revenue": 1558000,
      "gross_profit": -496000,
      "operating_income": -5466000,
      "net_income": -6280000,
      "opex": 4970000,
      "cogs": 2054000,
      "rd": null,
      "sga": null,
      "fcf": -3219000,
      "ocf": -3219000,
      "capex": null,
      "gross_margin": -0.31835686777920413,
      "op_margin": -3.508344030808729,
      "fcf_margin": -2.0661103979460846,
      "incr_op_margin_yoy": 0.6584625758597438,
      "rev_growth_yoy": -0.7919893190921228,
      "fcf_margin_change": -22.0148750273349
    },
    {
      "date": "2025-06-30T00:00:00",
      "quarter_label": "2025-06 (Q2)",
      "revenue": 1377000,
      "gross_profit": -231000,
      "operating_income": -2232000,
      "net_income": -5257000,
      "opex": 2001000,
      "cogs": 1608000,
      "rd": null,
      "sga": null,
      "fcf": -879000,
      "ocf": -879000,
      "capex": null,
      "gross_margin": -0.16775599128540306,
      "op_margin": -1.6209150326797386,
      "fcf_margin": -0.6383442265795207,
      "incr_op_margin_yoy": -0.8782020299661673,
      "rev_growth_yoy": -0.7503173164097915,
      "rev_growth_yoy_accel": 0.04167200268233129,
      "fcf_margin_change": 1.427766171366564
    },
    {
      "date": "2025-09-30T00:00:00",
      "quarter_label": "2025-09 (Q3)",
      "revenue": 64220000,
      "gross_profit": 35941000,
      "operating_income": 7199000,
      "net_income": 3475000,
      "opex": 28742000,
      "cogs": 28279000,
      "rd": null,
      "sga": null,
      "fcf": -38968000,
      "ocf": -38968000,
      "capex": null,
      "gross_margin": 0.5596543132980379,
      "op_margin": 0.1120990345686702,
      "fcf_margin": -0.6067891622547493,
      "incr_op_margin_yoy": 0.2088847037055393,
      "rev_growth_yoy": 16.4085117918135,
      "rev_growth_yoy_accel": 17.15882910822329,
      "op_leverage_ratio": 3.415013411553204,
      "fcf_margin_change": 0.0315550643247714
    }
  ],
  "signals": [
    {
      "quarter": "2025-09 (Q3)",
      "signal": "OPERATING LEVERAGE",
      "detail": "Rev growth +4563.8% vs OpEx growth +1336.4% (leverage: 3.4x)",
      "severity": "MEDIUM"
    },
    {
      "quarter": "2025-09 (Q3)",
      "signal": "YoY REVENUE GROWTH ACCELERATION",
      "detail": "YoY growth: +1640.9% vs prior quarter YoY: -75.0% (accel: +1715.9%)",
      "severity": "HIGH"
    },
    {
      "quarter": "2025-09 (Q3)",
      "signal": "OP MARGIN TURNED POSITIVE (YoY)",
      "detail": "Op margin: -147.6% (year-ago) -> +11.2%",
      "severity": "HIGH"
    },
    {
      "quarter": "2025-09 (Q3)",
      "signal": "OP MARGIN TURNED POSITIVE (QoQ)",
      "detail": "Op margin: -162.1% -> +11.2%",
      "severity": "HIGH"
    },
    {
      "quarter": "2025-06 (Q2)",
      "signal": "FCF MARGIN EXPANSION",
      "detail": "FCF margin: -206.6% -> -63.8% (+142.8%)",
      "severity": "MEDIUM"
    },
    {
      "quarter": "2025-06 (Q2)",
      "signal": "GROSS MARGIN INFLECTION",
      "detail": "GM: +7.3% -> -31.8% -> -16.8% (reversal +15.1%)",
      "severity": "HIGH"
    },
    {
      "quarter": "2024-12 (Q4)",
      "signal": "FCF TURNED POSITIVE",
      "detail": "FCF margin: -2150.1% -> +1994.9%",
      "severity": "HIGH"
    },
    {
      "quarter": "2024-12 (Q4)",
      "signal": "GROSS MARGIN INFLECTION",
      "detail": "GM: +31.0% -> +2.1% -> +7.3% (reversal +5.2%)",
      "severity": "HIGH"
    },
    {
      "quarter": "2024-09 (Q3)",
      "signal": "YoY REVENUE GROWTH DECELERATION",
      "detail": "YoY growth: +77.1% vs prior quarter YoY: +141.1% (decel: -63.9%)",
      "severity": "WARNING"
    },
    {
      "quarter": "2024-06 (Q2)",
      "signal": "FCF TURNED POSITIVE",
      "detail": "FCF margin: -13.1% -> +3.6%",
      "severity": "HIGH"
    },
    {
      "quarter": "2024-06 (Q2)",
      "signal": "YoY REVENUE GROWTH DECELERATION",
      "detail": "YoY growth: +141.1% vs prior quarter YoY: +187.8% (decel: -46.7%)",
      "severity": "WARNING"
    },
    {
      "quarter": "2023-12 (Q4)",
      "signal": "FCF MARGIN EXPANSION",
      "detail": "FCF margin: +18.6% -> +296.3% (+277.7%)",
      "severity": "MEDIUM"
    },
    {
      "quarter": "2023-12 (Q4)",
      "signal": "GROSS MARGIN INFLECTION",
      "detail": "GM: +57.9% -> +53.2% -> +402.0% (reversal +348.8%)",
      "severity": "HIGH"
    },
    {
      "quarter": "2023-12 (Q4)",
      "signal": "OP MARGIN TURNED POSITIVE (QoQ)",
      "detail": "Op margin: -123.8% -> +463.6%",
      "severity": "HIGH"
    },
    {
      "quarter": "2023-09 (Q3)",
      "signal": "FCF TURNED POSITIVE",
      "detail": "FCF margin: -27.6% -> +18.6%",
      "severity": "HIGH"
    },
    {
      "quarter": "2023-03 (Q1)",
      "signal": "FCF MARGIN EXPANSION",
      "detail": "FCF margin: +9.4% -> +67.8% (+58.5%)",
      "severity": "MEDIUM"
    },
    {
      "quarter": "2023-03 (Q1)",
      "signal": "YoY REVENUE GROWTH ACCELERATION",
      "detail": "YoY growth: -62.6% vs prior quarter YoY: -172.5% (accel: +109.9%)",
      "severity": "HIGH"
    },
    {
      "quarter": "2022-12 (Q4)",
      "signal": "FCF TURNED POSITIVE",
      "detail": "FCF margin: -60.3% -> +9.4%",
      "severity": "HIGH"
    },
    {
      "quarter": "2022-12 (Q4)",
      "signal": "GROSS MARGIN INFLECTION",
      "detail": "GM: +69.8% -> +62.1% -> +85.9% (reversal +23.8%)",
      "severity": "HIGH"
    },
    {
      "quarter": "2022-12 (Q4)",
      "signal": "YoY REVENUE GROWTH DECELERATION",
      "detail": "YoY growth: -172.5% vs prior quarter YoY: +5.4% (decel: -177.9%)",
      "severity": "WARNING"
    },
    {
      "quarter": "2022-12 (Q4)",
      "signal": "OP MARGIN TURNED POSITIVE (YoY)",
      "detail": "Op margin: -302.9% (year-ago) -> +98.9%",
      "severity": "HIGH"
    },
    {
      "quarter": "2022-12 (Q4)",
      "signal": "OP MARGIN TURNED POSITIVE (QoQ)",
      "detail": "Op margin: -15.5% -> +98.9%",
      "severity": "HIGH"
    },
    {
      "quarter": "2022-09 (Q3)",
      "signal": "YoY REVENUE GROWTH DECELERATION",
      "detail": "YoY growth: +5.4% vs prior quarter YoY: +24.0% (decel: -18.6%)",
      "severity": "WARNING"
    },
    {
      "quarter": "2022-06 (Q2)",
      "signal": "YoY REVENUE GROWTH DECELERATION",
      "detail": "YoY growth: +24.0% vs prior quarter YoY: +73.2% (decel: -49.1%)",
      "severity": "WARNING"
    },
    {
      "quarter": "2022-03 (Q1)",
      "signal": "GROSS MARGIN INFLECTION",
      "detail": "GM: +61.6% -> +58.1% -> +68.3% (reversal +10.2%)",
      "severity": "HIGH"
    },
    {
      "quarter": "2021-09 (Q3)",
      "signal": "FCF MARGIN EXPANSION",
      "detail": "FCF margin: -47.7% -> -26.5% (+21.2%)",
      "severity": "MEDIUM"
    }
  ],
  "data_quality": {
    "n_quarters": 20,
    "coverage": {
      "revenue": [
        20,
        20
      ],
      "gross_profit": [
        20,
        20
      ],
      "op_income": [
        20,
        20
      ],
      "fcf": [
        19,
        20
      ]
    },
    "gaps": [
      [
        "2020-09 (Q3)",
        "2021-03 (Q1)",
        182
      ]
    ],
    "warnings": [
      "gap: 1Q missing between 2020-09 (Q3) and 2021-03 (Q1)"
    ]
  },
  "market_cap": null,
  "source": "SEC EDGAR",
  "last_updated": "2026-02-02T21:49:01.405613"
}