{
  "ticker": "ABUS",
  "name": "Arbutus Biopharma Corporation",
  "quarters": [
    {
      "date": "2020-12-31T00:00:00",
      "quarter_label": "2020-12 (Q4)",
      "revenue": 2386000,
      "gross_profit": null,
      "operating_income": -16301000,
      "net_income": -17042000,
      "opex": 18687000,
      "cogs": null,
      "rd": 14535000,
      "sga": null,
      "fcf": -15165000,
      "ocf": -15013000,
      "capex": -152000,
      "gross_margin": null,
      "op_margin": -6.831936295054485,
      "fcf_margin": -6.355825649622799
    },
    {
      "date": "2021-03-31T00:00:00",
      "quarter_label": "2021-03 (Q1)",
      "revenue": 2113000,
      "gross_profit": null,
      "operating_income": -15676000,
      "net_income": -16381000,
      "opex": 17789000,
      "cogs": null,
      "rd": 13370000,
      "sga": null,
      "fcf": -17980000,
      "ocf": -17881000,
      "capex": -99000,
      "gross_margin": null,
      "op_margin": -7.418835778513961,
      "fcf_margin": -8.509228584950307,
      "fcf_margin_change": -2.1534029353275077
    },
    {
      "date": "2021-06-30T00:00:00",
      "quarter_label": "2021-06 (Q2)",
      "revenue": 2329000,
      "gross_profit": null,
      "operating_income": -18642000,
      "net_income": -19387000,
      "opex": 20971000,
      "cogs": null,
      "rd": 15396000,
      "sga": null,
      "fcf": -14641000,
      "ocf": -14009000,
      "capex": -632000,
      "gross_margin": null,
      "op_margin": -8.004293688278231,
      "fcf_margin": -6.286389008158007,
      "op_leverage_ratio": 0.5714860239343229,
      "fcf_margin_change": 2.2228395767922997
    },
    {
      "date": "2021-09-30T00:00:00",
      "quarter_label": "2021-09 (Q3)",
      "revenue": 3340000,
      "gross_profit": null,
      "operating_income": -18408000,
      "net_income": -19158000,
      "opex": 21748000,
      "cogs": null,
      "rd": 16299000,
      "sga": null,
      "fcf": -16056000,
      "ocf": -16036000,
      "capex": -20000,
      "gross_margin": null,
      "op_margin": -5.5113772455089824,
      "fcf_margin": -4.8071856287425145,
      "op_leverage_ratio": 11.716011478570517,
      "fcf_margin_change": 1.4792033794154928
    },
    {
      "date": "2021-12-31T00:00:00",
      "quarter_label": "2021-12 (Q4)",
      "revenue": 3206000,
      "gross_profit": null,
      "operating_income": -20796000,
      "net_income": -21321000,
      "opex": 24002000,
      "cogs": null,
      "rd": 20437000,
      "sga": null,
      "fcf": -19664000,
      "ocf": -19606000,
      "capex": -58000,
      "gross_margin": null,
      "op_margin": -6.4865876481597,
      "fcf_margin": -6.133499688084841,
      "rev_growth_yoy": 0.34367141659681477,
      "fcf_margin_change": -1.3263140593423266
    },
    {
      "date": "2022-03-31T00:00:00",
      "quarter_label": "2022-03 (Q1)",
      "revenue": 12581000,
      "gross_profit": null,
      "operating_income": -10974000,
      "net_income": -15765000,
      "opex": 23555000,
      "cogs": null,
      "rd": 18462000,
      "sga": null,
      "fcf": 20544000,
      "ocf": 20619000,
      "capex": -75000,
      "gross_margin": null,
      "op_margin": -0.8722677052698513,
      "fcf_margin": 1.6329385581432319,
      "incr_op_margin_yoy": 0.44917844860527323,
      "rev_growth_yoy": 4.954093705631803,
      "rev_growth_yoy_accel": 4.610422289034989,
      "op_leverage_ratio": Infinity,
      "fcf_margin_change": 7.766438246228073
    },
    {
      "date": "2022-06-30T00:00:00",
      "quarter_label": "2022-06 (Q2)",
      "revenue": 14241000,
      "gross_profit": null,
      "operating_income": -14109000,
      "net_income": -14192000,
      "opex": 28350000,
      "cogs": null,
      "rd": 22942000,
      "sga": null,
      "fcf": -20505000,
      "ocf": -20293000,
      "capex": -212000,
      "gross_margin": null,
      "op_margin": -0.9907309879924162,
      "fcf_margin": -1.4398567516326102,
      "incr_op_margin_yoy": 0.38054063129617194,
      "rev_growth_yoy": 5.114641477028767,
      "rev_growth_yoy_accel": 0.1605477713969643,
      "op_leverage_ratio": 0.6481677561518151,
      "fcf_margin_change": -3.072795309775842
    },
    {
      "date": "2022-09-30T00:00:00",
      "quarter_label": "2022-09 (Q3)",
      "revenue": 5952000,
      "gross_profit": null,
      "operating_income": -17811000,
      "net_income": -17567000,
      "opex": 23763000,
      "cogs": null,
      "rd": 20055000,
      "sga": null,
      "fcf": -18783000,
      "ocf": -18692000,
      "capex": -91000,
      "gross_margin": null,
      "op_margin": -2.9924395161290325,
      "fcf_margin": -3.1557459677419355,
      "incr_op_margin_yoy": 0.2285604900459418,
      "rev_growth_yoy": 0.7820359281437126,
      "rev_growth_yoy_accel": -4.332605548885055,
      "fcf_margin_change": -1.7158892161093253
    },
    {
      "date": "2022-12-31T00:00:00",
      "quarter_label": "2022-12 (Q4)",
      "revenue": 6245000,
      "gross_profit": null,
      "operating_income": -22562000,
      "net_income": -21932000,
      "opex": 28807000,
      "cogs": null,
      "rd": 22949000,
      "sga": null,
      "fcf": -17124000,
      "ocf": -16990000,
      "capex": -134000,
      "gross_margin": null,
      "op_margin": -3.6128102481985587,
      "fcf_margin": -2.742033626901521,
      "incr_op_margin_yoy": -0.5811122079631458,
      "rev_growth_yoy": 0.9479101684341859,
      "rev_growth_yoy_accel": 0.16587424029047326,
      "op_leverage_ratio": 0.2319160940178046,
      "fcf_margin_change": 0.4137123408404144
    },
    {
      "date": "2023-03-31T00:00:00",
      "quarter_label": "2023-03 (Q1)",
      "revenue": 6687000,
      "gross_profit": null,
      "operating_income": -17413000,
      "net_income": -16339000,
      "opex": 24100000,
      "cogs": null,
      "rd": 18275000,
      "sga": null,
      "fcf": -27418000,
      "ocf": -27301000,
      "capex": -117000,
      "gross_margin": null,
      "op_margin": -2.604007776282339,
      "fcf_margin": -4.1001944070584715,
      "incr_op_margin_yoy": 1.0924669155072955,
      "rev_growth_yoy": -0.46848422223988556,
      "rev_growth_yoy_accel": -1.4163943906740715,
      "op_leverage_ratio": Infinity,
      "fcf_margin_change": -1.3581607801569504
    },
    {
      "date": "2023-06-30T00:00:00",
      "quarter_label": "2023-06 (Q2)",
      "revenue": 4651000,
      "gross_profit": null,
      "operating_income": -18385000,
      "net_income": -17094000,
      "opex": 23036000,
      "cogs": null,
      "rd": 17692000,
      "sga": null,
      "fcf": -20418000,
      "ocf": -19559000,
      "capex": -859000,
      "gross_margin": null,
      "op_margin": -3.952913351967319,
      "fcf_margin": -4.390023650827779,
      "incr_op_margin_yoy": 0.445881126173097,
      "rev_growth_yoy": -0.6734077663085457,
      "rev_growth_yoy_accel": -0.20492354406866015,
      "fcf_margin_change": -0.2898292437693071
    },
    {
      "date": "2023-09-30T00:00:00",
      "quarter_label": "2023-09 (Q3)",
      "revenue": 4658000,
      "gross_profit": null,
      "operating_income": -21558000,
      "net_income": -20104000,
      "opex": 26216000,
      "cogs": null,
      "rd": 20169000,
      "sga": null,
      "fcf": -21816000,
      "ocf": -21784000,
      "capex": -32000,
      "gross_margin": null,
      "op_margin": -4.628166595105196,
      "fcf_margin": -4.6835551738943755,
      "incr_op_margin_yoy": 2.8956723338485317,
      "rev_growth_yoy": -0.21740591397849462,
      "rev_growth_yoy_accel": 0.4560018523300511,
      "fcf_margin_change": -0.2935315230665969
    },
    {
      "date": "2023-12-31T00:00:00",
      "quarter_label": "2023-12 (Q4)",
      "revenue": 2145000,
      "gross_profit": null,
      "operating_income": -20747000,
      "net_income": -19312000,
      "opex": 22892000,
      "cogs": null,
      "rd": 17564000,
      "sga": null,
      "fcf": -17292000,
      "ocf": -17292000,
      "capex": null,
      "gross_margin": null,
      "op_margin": -9.672261072261072,
      "fcf_margin": -8.061538461538461,
      "incr_op_margin_yoy": -0.4426829268292683,
      "rev_growth_yoy": -0.6565252201761409,
      "rev_growth_yoy_accel": -0.4391193061976463,
      "fcf_margin_change": -3.377983287644086
    },
    {
      "date": "2024-03-31T00:00:00",
      "quarter_label": "2024-03 (Q1)",
      "revenue": 1532000,
      "gross_profit": null,
      "operating_income": -19363000,
      "net_income": -17875000,
      "opex": 20895000,
      "cogs": null,
      "rd": 15403000,
      "sga": null,
      "fcf": -19390000,
      "ocf": -19295000,
      "capex": -95000,
      "gross_margin": null,
      "op_margin": -12.639033942558747,
      "fcf_margin": -12.656657963446476,
      "incr_op_margin_yoy": 0.37827352085354027,
      "rev_growth_yoy": -0.7708987587857036,
      "rev_growth_yoy_accel": -0.11437353860956267,
      "fcf_margin_change": -4.595119501908014
    },
    {
      "date": "2024-06-30T00:00:00",
      "quarter_label": "2024-06 (Q2)",
      "revenue": 1726000,
      "gross_profit": null,
      "operating_income": -21583000,
      "net_income": -19796000,
      "opex": 23309000,
      "cogs": null,
      "rd": 15551000,
      "sga": null,
      "fcf": -14505000,
      "ocf": -14504000,
      "capex": -1000,
      "gross_margin": null,
      "op_margin": -12.504634994206258,
      "fcf_margin": -8.403823870220162,
      "incr_op_margin_yoy": 1.0933333333333333,
      "rev_growth_yoy": -0.6288970113953989,
      "rev_growth_yoy_accel": 0.1420017473903047,
      "op_leverage_ratio": 1.096094691324108,
      "fcf_margin_change": 4.252834093226314
    },
    {
      "date": "2024-09-30T00:00:00",
      "quarter_label": "2024-09 (Q3)",
      "revenue": 1339000,
      "gross_profit": null,
      "operating_income": -21440000,
      "net_income": -19717000,
      "opex": 22779000,
      "cogs": null,
      "rd": 14273000,
      "sga": null,
      "fcf": -20736000,
      "ocf": -20736000,
      "capex": null,
      "gross_margin": null,
      "op_margin": -16.01194921583271,
      "fcf_margin": -15.486183719193427,
      "incr_op_margin_yoy": -0.03555287737270262,
      "rev_growth_yoy": -0.7125375697724345,
      "rev_growth_yoy_accel": -0.08364055837703566,
      "fcf_margin_change": -7.082359848973265
    },
    {
      "date": "2024-12-31T00:00:00",
      "quarter_label": "2024-12 (Q4)",
      "revenue": 1574000,
      "gross_profit": null,
      "operating_income": -13933000,
      "net_income": -12532000,
      "opex": 15507000,
      "cogs": null,
      "rd": 8810000,
      "sga": null,
      "fcf": -10401000,
      "ocf": -10315000,
      "capex": -86000,
      "gross_margin": null,
      "op_margin": -8.851969504447268,
      "fcf_margin": -6.608005082592122,
      "rev_growth_yoy": -0.2662004662004662,
      "rev_growth_yoy_accel": 0.4463371035719683,
      "op_leverage_ratio": Infinity,
      "fcf_margin_change": 8.878178636601305
    },
    {
      "date": "2025-03-31T00:00:00",
      "quarter_label": "2025-03 (Q1)",
      "revenue": 1764000,
      "gross_profit": null,
      "operating_income": -25699000,
      "net_income": -24526000,
      "opex": 27463000,
      "cogs": null,
      "rd": 8959000,
      "sga": null,
      "fcf": -13391000,
      "ocf": -13391000,
      "capex": null,
      "gross_margin": null,
      "op_margin": -14.56859410430839,
      "fcf_margin": -7.591269841269841,
      "rev_growth_yoy": 0.1514360313315927,
      "rev_growth_yoy_accel": 0.4176364975320589,
      "op_leverage_ratio": 0.1565635836270476,
      "fcf_margin_change": -0.983264758677719
    },
    {
      "date": "2025-06-30T00:00:00",
      "quarter_label": "2025-06 (Q2)",
      "revenue": 10739000,
      "gross_profit": null,
      "operating_income": 1488000,
      "net_income": 2523000,
      "opex": 9251000,
      "cogs": null,
      "rd": 5498000,
      "sga": null,
      "fcf": -15749000,
      "ocf": -15749000,
      "capex": null,
      "gross_margin": null,
      "op_margin": 0.13856038737312598,
      "fcf_margin": -1.4665238849054847,
      "incr_op_margin_yoy": 2.5597470320647955,
      "rev_growth_yoy": 5.221900347624565,
      "rev_growth_yoy_accel": 5.070464316292973,
      "op_leverage_ratio": Infinity,
      "fcf_margin_change": 6.1247459563643565
    },
    {
      "date": "2025-09-30T00:00:00",
      "quarter_label": "2025-09 (Q3)",
      "revenue": 529000,
      "gross_profit": null,
      "operating_income": -8659000,
      "net_income": -7742000,
      "opex": 9188000,
      "cogs": null,
      "rd": 5778000,
      "sga": null,
      "fcf": -5817000,
      "ocf": -5817000,
      "capex": null,
      "gross_margin": null,
      "op_margin": -16.368620037807183,
      "fcf_margin": -10.996219281663516,
      "rev_growth_yoy": -0.6049290515309933,
      "rev_growth_yoy_accel": -5.826829399155558,
      "fcf_margin_change": -9.529695396758031
    }
  ],
  "signals": [
    {
      "quarter": "2025-09 (Q3)",
      "signal": "YoY REVENUE GROWTH DECELERATION",
      "detail": "YoY growth: -60.5% vs prior quarter YoY: +522.2% (decel: -582.7%)",
      "severity": "WARNING"
    },
    {
      "quarter": "2025-06 (Q2)",
      "signal": "FCF MARGIN EXPANSION",
      "detail": "FCF margin: -759.1% -> -146.7% (+612.5%)",
      "severity": "MEDIUM"
    },
    {
      "quarter": "2025-06 (Q2)",
      "signal": "YoY REVENUE GROWTH ACCELERATION",
      "detail": "YoY growth: +522.2% vs prior quarter YoY: +15.1% (accel: +507.0%)",
      "severity": "HIGH"
    },
    {
      "quarter": "2025-06 (Q2)",
      "signal": "OP MARGIN TURNED POSITIVE (YoY)",
      "detail": "Op margin: -1250.5% (year-ago) -> +13.9%",
      "severity": "HIGH"
    },
    {
      "quarter": "2025-06 (Q2)",
      "signal": "OP MARGIN TURNED POSITIVE (QoQ)",
      "detail": "Op margin: -1456.9% -> +13.9%",
      "severity": "HIGH"
    },
    {
      "quarter": "2025-03 (Q1)",
      "signal": "YoY REVENUE GROWTH ACCELERATION",
      "detail": "YoY growth: +15.1% vs prior quarter YoY: -26.6% (accel: +41.8%)",
      "severity": "HIGH"
    },
    {
      "quarter": "2024-12 (Q4)",
      "signal": "FCF MARGIN EXPANSION",
      "detail": "FCF margin: -1548.6% -> -660.8% (+887.8%)",
      "severity": "MEDIUM"
    },
    {
      "quarter": "2024-12 (Q4)",
      "signal": "YoY REVENUE GROWTH ACCELERATION",
      "detail": "YoY growth: -26.6% vs prior quarter YoY: -71.3% (accel: +44.6%)",
      "severity": "HIGH"
    },
    {
      "quarter": "2024-09 (Q3)",
      "signal": "YoY REVENUE GROWTH DECELERATION",
      "detail": "YoY growth: -71.3% vs prior quarter YoY: -62.9% (decel: -8.4%)",
      "severity": "WARNING"
    },
    {
      "quarter": "2024-06 (Q2)",
      "signal": "FCF MARGIN EXPANSION",
      "detail": "FCF margin: -1265.7% -> -840.4% (+425.3%)",
      "severity": "MEDIUM"
    },
    {
      "quarter": "2024-06 (Q2)",
      "signal": "YoY REVENUE GROWTH ACCELERATION",
      "detail": "YoY growth: -62.9% vs prior quarter YoY: -77.1% (accel: +14.2%)",
      "severity": "MEDIUM"
    },
    {
      "quarter": "2024-03 (Q1)",
      "signal": "YoY REVENUE GROWTH DECELERATION",
      "detail": "YoY growth: -77.1% vs prior quarter YoY: -65.7% (decel: -11.4%)",
      "severity": "WARNING"
    },
    {
      "quarter": "2023-12 (Q4)",
      "signal": "YoY REVENUE GROWTH DECELERATION",
      "detail": "YoY growth: -65.7% vs prior quarter YoY: -21.7% (decel: -43.9%)",
      "severity": "WARNING"
    },
    {
      "quarter": "2023-09 (Q3)",
      "signal": "YoY REVENUE GROWTH ACCELERATION",
      "detail": "YoY growth: -21.7% vs prior quarter YoY: -67.3% (accel: +45.6%)",
      "severity": "HIGH"
    },
    {
      "quarter": "2023-06 (Q2)",
      "signal": "YoY REVENUE GROWTH DECELERATION",
      "detail": "YoY growth: -67.3% vs prior quarter YoY: -46.8% (decel: -20.5%)",
      "severity": "WARNING"
    },
    {
      "quarter": "2023-03 (Q1)",
      "signal": "YoY REVENUE GROWTH DECELERATION",
      "detail": "YoY growth: -46.8% vs prior quarter YoY: +94.8% (decel: -141.6%)",
      "severity": "WARNING"
    },
    {
      "quarter": "2022-12 (Q4)",
      "signal": "FCF MARGIN EXPANSION",
      "detail": "FCF margin: -315.6% -> -274.2% (+41.4%)",
      "severity": "MEDIUM"
    },
    {
      "quarter": "2022-12 (Q4)",
      "signal": "YoY REVENUE GROWTH ACCELERATION",
      "detail": "YoY growth: +94.8% vs prior quarter YoY: +78.2% (accel: +16.6%)",
      "severity": "HIGH"
    },
    {
      "quarter": "2022-09 (Q3)",
      "signal": "YoY REVENUE GROWTH DECELERATION",
      "detail": "YoY growth: +78.2% vs prior quarter YoY: +511.5% (decel: -433.3%)",
      "severity": "WARNING"
    },
    {
      "quarter": "2022-06 (Q2)",
      "signal": "YoY REVENUE GROWTH ACCELERATION",
      "detail": "YoY growth: +511.5% vs prior quarter YoY: +495.4% (accel: +16.1%)",
      "severity": "HIGH"
    },
    {
      "quarter": "2022-03 (Q1)",
      "signal": "FCF TURNED POSITIVE",
      "detail": "FCF margin: -613.3% -> +163.3%",
      "severity": "HIGH"
    },
    {
      "quarter": "2022-03 (Q1)",
      "signal": "YoY REVENUE GROWTH ACCELERATION",
      "detail": "YoY growth: +495.4% vs prior quarter YoY: +34.4% (accel: +461.0%)",
      "severity": "HIGH"
    },
    {
      "quarter": "2021-09 (Q3)",
      "signal": "FCF MARGIN EXPANSION",
      "detail": "FCF margin: -628.6% -> -480.7% (+147.9%)",
      "severity": "MEDIUM"
    },
    {
      "quarter": "2021-09 (Q3)",
      "signal": "OPERATING LEVERAGE",
      "detail": "Rev growth +43.4% vs OpEx growth +3.7% (leverage: 11.7x)",
      "severity": "MEDIUM"
    },
    {
      "quarter": "2021-06 (Q2)",
      "signal": "FCF MARGIN EXPANSION",
      "detail": "FCF margin: -850.9% -> -628.6% (+222.3%)",
      "severity": "MEDIUM"
    }
  ],
  "data_quality": {
    "n_quarters": 20,
    "coverage": {
      "revenue": [
        20,
        20
      ],
      "gross_profit": [
        0,
        20
      ],
      "op_income": [
        20,
        20
      ],
      "fcf": [
        20,
        20
      ]
    },
    "gaps": [],
    "warnings": [
      "gross_profit: no data"
    ]
  },
  "market_cap": null,
  "source": "SEC EDGAR",
  "last_updated": "2026-02-02T22:09:08.296051"
}