{
  "ticker": "ACEL",
  "name": "Accel Entertainment, Inc.",
  "quarters": [
    {
      "date": "2020-12-31T00:00:00",
      "quarter_label": "2020-12 (Q4)",
      "revenue": 74413000,
      "gross_profit": 25122000,
      "operating_income": -11966000,
      "net_income": -1887000,
      "opex": 86379000,
      "cogs": 49291000,
      "rd": null,
      "sga": null,
      "fcf": -15928000,
      "ocf": -7823000,
      "capex": -8105000,
      "gross_margin": 0.33760230067326946,
      "op_margin": -0.16080523564430946,
      "fcf_margin": -0.21404862053673418
    },
    {
      "date": "2021-03-31T00:00:00",
      "quarter_label": "2021-03 (Q1)",
      "revenue": 147069000,
      "gross_profit": 48178000,
      "operating_income": 9555000,
      "net_income": 1501000,
      "opex": 137514000,
      "cogs": 98891000,
      "rd": null,
      "sga": null,
      "fcf": 19542000,
      "ocf": 21586000,
      "capex": -2044000,
      "gross_margin": 0.3275877309290197,
      "op_margin": 0.06496950411031556,
      "fcf_margin": 0.13287640495277728,
      "op_leverage_ratio": 1.6493490799056016,
      "fcf_margin_change": 0.34692502548951143
    },
    {
      "date": "2021-06-30T00:00:00",
      "quarter_label": "2021-06 (Q2)",
      "revenue": 201974000,
      "gross_profit": 66202000,
      "operating_income": 24927000,
      "net_income": 12445000,
      "opex": 177047000,
      "cogs": 135772000,
      "rd": null,
      "sga": null,
      "fcf": 23678000,
      "ocf": 32572000,
      "capex": -8894000,
      "gross_margin": 0.3277748621109648,
      "op_margin": 0.12341687543941299,
      "fcf_margin": 0.11723291116678385,
      "op_leverage_ratio": 1.2986074767111813,
      "fcf_margin_change": -0.01564349378599343
    },
    {
      "date": "2021-09-30T00:00:00",
      "quarter_label": "2021-09 (Q3)",
      "revenue": 193351000,
      "gross_profit": 63612000,
      "operating_income": 18647000,
      "net_income": 10807000,
      "opex": 174704000,
      "cogs": 129739000,
      "rd": null,
      "sga": null,
      "fcf": 18275000,
      "ocf": 26104000,
      "capex": -7829000,
      "gross_margin": 0.3289975226401725,
      "op_margin": 0.09644118727081835,
      "fcf_margin": 0.0945172251501156,
      "fcf_margin_change": -0.02271568601666825
    },
    {
      "date": "2021-12-31T00:00:00",
      "quarter_label": "2021-12 (Q4)",
      "revenue": 192313000,
      "gross_profit": 62683000,
      "operating_income": 17063000,
      "net_income": 6806000,
      "opex": 175250000,
      "cogs": 129630000,
      "rd": null,
      "sga": null,
      "fcf": 19507000,
      "ocf": 30493000,
      "capex": -10986000,
      "gross_margin": 0.32594260398413005,
      "op_margin": 0.08872515118582727,
      "fcf_margin": 0.10143360043262806,
      "incr_op_margin_yoy": 0.24621713316369806,
      "rev_growth_yoy": 1.5844005751683174,
      "fcf_margin_change": 0.00691637528251246
    },
    {
      "date": "2022-03-31T00:00:00",
      "quarter_label": "2022-03 (Q1)",
      "revenue": 196891000,
      "gross_profit": 64271000,
      "operating_income": 21207000,
      "net_income": 15788000,
      "opex": 175684000,
      "cogs": 132620000,
      "rd": null,
      "sga": null,
      "fcf": 15309000,
      "ocf": 22061000,
      "capex": -6752000,
      "gross_margin": 0.3264293441548877,
      "op_margin": 0.10770934171699062,
      "fcf_margin": 0.07775368097068937,
      "incr_op_margin_yoy": 0.2338725864076111,
      "rev_growth_yoy": 0.3387661573819092,
      "rev_growth_yoy_accel": -1.2456344177864083,
      "op_leverage_ratio": 9.612479856846273,
      "fcf_margin_change": -0.02367991946193869
    },
    {
      "date": "2022-06-30T00:00:00",
      "quarter_label": "2022-06 (Q2)",
      "revenue": 227869000,
      "gross_profit": 227104000,
      "operating_income": 27315000,
      "net_income": 22464000,
      "opex": 200554000,
      "cogs": 765000,
      "rd": null,
      "sga": null,
      "fcf": 12681000,
      "ocf": 19150000,
      "capex": -6469000,
      "gross_margin": 0.9966428079291172,
      "op_margin": 0.11987150511916934,
      "fcf_margin": 0.055650395622046,
      "incr_op_margin_yoy": 0.09221857501448157,
      "rev_growth_yoy": 0.1282095715290087,
      "rev_growth_yoy_accel": -0.2105565858529005,
      "op_leverage_ratio": 1.1114346607274252,
      "fcf_margin_change": -0.022103285348643364
    },
    {
      "date": "2022-09-30T00:00:00",
      "quarter_label": "2022-09 (Q3)",
      "revenue": 266967000,
      "gross_profit": 265311000,
      "operating_income": 23239000,
      "net_income": 22444000,
      "opex": 243728000,
      "cogs": 1656000,
      "rd": null,
      "sga": null,
      "fcf": 17282000,
      "ocf": 37039000,
      "capex": -19757000,
      "gross_margin": 0.993796986144355,
      "op_margin": 0.08704821195128987,
      "fcf_margin": 0.06473459266501103,
      "incr_op_margin_yoy": 0.06237774396870246,
      "rev_growth_yoy": 0.3807376222517598,
      "rev_growth_yoy_accel": 0.2525280507227511,
      "op_leverage_ratio": 0.797036732590233,
      "fcf_margin_change": 0.009084197042965023
    },
    {
      "date": "2022-12-31T00:00:00",
      "quarter_label": "2022-12 (Q4)",
      "revenue": 278070000,
      "gross_profit": 275716000,
      "operating_income": 25094000,
      "net_income": 13406000,
      "opex": 252976000,
      "cogs": 2354000,
      "rd": null,
      "sga": null,
      "fcf": 15348000,
      "ocf": 29749000,
      "capex": -14401000,
      "gross_margin": 0.9915345057000036,
      "op_margin": 0.09024346387600245,
      "fcf_margin": 0.055194735138634154,
      "incr_op_margin_yoy": 0.09364833191459589,
      "rev_growth_yoy": 0.44592409249504716,
      "rev_growth_yoy_accel": 0.06518647024328739,
      "op_leverage_ratio": 1.0960752273686016,
      "fcf_margin_change": -0.009539857526376871
    },
    {
      "date": "2023-03-31T00:00:00",
      "quarter_label": "2023-03 (Q1)",
      "revenue": 293208000,
      "gross_profit": 291800000,
      "operating_income": 27672000,
      "net_income": 9182000,
      "opex": 265536000,
      "cogs": 1408000,
      "rd": null,
      "sga": null,
      "fcf": 16522000,
      "ocf": 37983000,
      "capex": -21461000,
      "gross_margin": 0.995197948214237,
      "op_margin": 0.09437668822133093,
      "fcf_margin": 0.056349076423562794,
      "incr_op_margin_yoy": 0.06712210720848864,
      "rev_growth_yoy": 0.48918945000025393,
      "rev_growth_yoy_accel": 0.04326535750520677,
      "op_leverage_ratio": 1.096488411134162,
      "fcf_margin_change": 0.0011543412849286394
    },
    {
      "date": "2023-06-30T00:00:00",
      "quarter_label": "2023-06 (Q2)",
      "revenue": 292647000,
      "gross_profit": 290493000,
      "operating_income": 29164000,
      "net_income": 9983000,
      "opex": 263483000,
      "cogs": 2154000,
      "rd": null,
      "sga": null,
      "fcf": 5686000,
      "ocf": 25862000,
      "capex": -20176000,
      "gross_margin": 0.9926395965104716,
      "op_margin": 0.0996558994283215,
      "fcf_margin": 0.019429551644130984,
      "incr_op_margin_yoy": 0.028543641359720894,
      "rev_growth_yoy": 0.2842773698923504,
      "rev_growth_yoy_accel": -0.20491208010790352,
      "fcf_margin_change": -0.036919524779431806
    },
    {
      "date": "2023-09-30T00:00:00",
      "quarter_label": "2023-09 (Q3)",
      "revenue": 287497000,
      "gross_profit": 285432000,
      "operating_income": 25120000,
      "net_income": 10450000,
      "opex": 262377000,
      "cogs": 2065000,
      "rd": null,
      "sga": null,
      "fcf": 9581000,
      "ocf": 28162000,
      "capex": -18581000,
      "gross_margin": 0.9928173163546055,
      "op_margin": 0.08737482478078032,
      "fcf_margin": 0.03332556513633186,
      "incr_op_margin_yoy": 0.09162201656113006,
      "rev_growth_yoy": 0.07690089037221828,
      "rev_growth_yoy_accel": -0.20737647952013213,
      "fcf_margin_change": 0.013896013492200873
    },
    {
      "date": "2023-12-31T00:00:00",
      "quarter_label": "2023-12 (Q4)",
      "revenue": 297068000,
      "gross_profit": 295024000,
      "operating_income": 25451000,
      "net_income": 15988000,
      "opex": 271617000,
      "cogs": 2044000,
      "rd": null,
      "sga": null,
      "fcf": 18997000,
      "ocf": 40523000,
      "capex": -21526000,
      "gross_margin": 0.9931194204693875,
      "op_margin": 0.0856739871005965,
      "fcf_margin": 0.06394832159640217,
      "incr_op_margin_yoy": 0.01879145173176124,
      "rev_growth_yoy": 0.06832092638544252,
      "rev_growth_yoy_accel": -0.008579963986775768,
      "op_leverage_ratio": 0.9453177004354061,
      "fcf_margin_change": 0.03062275646007031
    },
    {
      "date": "2024-03-31T00:00:00",
      "quarter_label": "2024-03 (Q1)",
      "revenue": 301817000,
      "gross_profit": 300658000,
      "operating_income": 25559000,
      "net_income": 7416000,
      "opex": 276258000,
      "cogs": 1159000,
      "rd": null,
      "sga": null,
      "fcf": 8115000,
      "ocf": 28750000,
      "capex": -20635000,
      "gross_margin": 0.9961599247225968,
      "op_margin": 0.08468376532799676,
      "fcf_margin": 0.026887153473793723,
      "incr_op_margin_yoy": -0.24544081774886747,
      "rev_growth_yoy": 0.02936140896564896,
      "rev_growth_yoy_accel": -0.03895951741979356,
      "op_leverage_ratio": 0.9356031534710767,
      "fcf_margin_change": -0.03706116812260844
    },
    {
      "date": "2024-06-30T00:00:00",
      "quarter_label": "2024-06 (Q2)",
      "revenue": 309413000,
      "gross_profit": 306251000,
      "operating_income": 22683000,
      "net_income": 14586000,
      "opex": 286730000,
      "cogs": 3162000,
      "rd": null,
      "sga": null,
      "fcf": 11352000,
      "ocf": 28864000,
      "capex": -17512000,
      "gross_margin": 0.9897806491647086,
      "op_margin": 0.07330978336398276,
      "fcf_margin": 0.03668882690772527,
      "incr_op_margin_yoy": -0.3865561254920673,
      "rev_growth_yoy": 0.0572908657871087,
      "rev_growth_yoy_accel": 0.027929456821459742,
      "op_leverage_ratio": 0.6639364131558955,
      "fcf_margin_change": 0.009801673433931547
    },
    {
      "date": "2024-09-30T00:00:00",
      "quarter_label": "2024-09 (Q3)",
      "revenue": 302227000,
      "gross_profit": 301265000,
      "operating_income": 21845000,
      "net_income": 4895000,
      "opex": 280382000,
      "cogs": 962000,
      "rd": null,
      "sga": null,
      "fcf": 33111000,
      "ocf": 50052000,
      "capex": -16941000,
      "gross_margin": 0.9968169620847905,
      "op_margin": 0.07228010733653843,
      "fcf_margin": 0.10955672391943803,
      "incr_op_margin_yoy": -0.22233536999321113,
      "rev_growth_yoy": 0.051235317238092916,
      "rev_growth_yoy_accel": -0.006055548549015785,
      "fcf_margin_change": 0.07286789701171276
    },
    {
      "date": "2024-12-31T00:00:00",
      "quarter_label": "2024-12 (Q4)",
      "revenue": 317515000,
      "gross_profit": 315698000,
      "operating_income": 20797000,
      "net_income": 8355000,
      "opex": 296718000,
      "cogs": 1817000,
      "rd": null,
      "sga": null,
      "fcf": 2074000,
      "ocf": 13528000,
      "capex": -11454000,
      "gross_margin": 0.9942774357116987,
      "op_margin": 0.06549926775112987,
      "fcf_margin": 0.006531974867329103,
      "incr_op_margin_yoy": -0.22761285274123344,
      "rev_growth_yoy": 0.0688293589346547,
      "rev_growth_yoy_accel": 0.017594041696561778,
      "op_leverage_ratio": 0.8682040719294197,
      "fcf_margin_change": -0.10302474905210893
    },
    {
      "date": "2025-03-31T00:00:00",
      "quarter_label": "2025-03 (Q1)",
      "revenue": 323912000,
      "gross_profit": 321836000,
      "operating_income": 25952000,
      "net_income": 14639000,
      "opex": 297960000,
      "cogs": 2076000,
      "rd": null,
      "sga": null,
      "fcf": 17997000,
      "ocf": 44752000,
      "capex": -26755000,
      "gross_margin": 0.9935908518363012,
      "op_margin": 0.08012052656277013,
      "fcf_margin": 0.0555613870433945,
      "incr_op_margin_yoy": 0.01778682959945689,
      "rev_growth_yoy": 0.07320661195360102,
      "rev_growth_yoy_accel": 0.004377253018946328,
      "op_leverage_ratio": 4.813205462315638,
      "fcf_margin_change": 0.0490294121760654
    },
    {
      "date": "2025-06-30T00:00:00",
      "quarter_label": "2025-06 (Q2)",
      "revenue": 335909000,
      "gross_profit": 335023000,
      "operating_income": 26874000,
      "net_income": 7315000,
      "opex": 309035000,
      "cogs": 886000,
      "rd": null,
      "sga": null,
      "fcf": -6237000,
      "ocf": 19805000,
      "capex": -26042000,
      "gross_margin": 0.9973623808829177,
      "op_margin": 0.08000381055583507,
      "fcf_margin": -0.018567528705691123,
      "incr_op_margin_yoy": 0.1581748188405797,
      "rev_growth_yoy": 0.08563311819477527,
      "rev_growth_yoy_accel": 0.012426506241174251,
      "op_leverage_ratio": 0.9964599587202209,
      "fcf_margin_change": -0.07412891574908562
    },
    {
      "date": "2025-09-30T00:00:00",
      "quarter_label": "2025-09 (Q3)",
      "revenue": 329693000,
      "gross_profit": 328777000,
      "operating_income": 25361000,
      "net_income": 13364000,
      "opex": 304332000,
      "cogs": 916000,
      "rd": null,
      "sga": null,
      "fcf": 34221000,
      "ocf": 55238000,
      "capex": -21017000,
      "gross_margin": 0.9972216577240038,
      "op_margin": 0.07692307692307693,
      "fcf_margin": 0.10379656225640217,
      "incr_op_margin_yoy": 0.1280128158450448,
      "rev_growth_yoy": 0.09087871037332866,
      "rev_growth_yoy_accel": 0.005245592178553388,
      "fcf_margin_change": 0.1223640909620933
    }
  ],
  "signals": [
    {
      "quarter": "2025-09 (Q3)",
      "signal": "FCF TURNED POSITIVE",
      "detail": "FCF margin: -1.9% -> +10.4%",
      "severity": "HIGH"
    },
    {
      "quarter": "2025-03 (Q1)",
      "signal": "OPERATING LEVERAGE",
      "detail": "Rev growth +2.0% vs OpEx growth +0.4% (leverage: 4.8x)",
      "severity": "MEDIUM"
    },
    {
      "quarter": "2024-09 (Q3)",
      "signal": "FCF MARGIN EXPANSION",
      "detail": "FCF margin: +3.7% -> +11.0% (+7.3%)",
      "severity": "MEDIUM"
    },
    {
      "quarter": "2023-09 (Q3)",
      "signal": "YoY REVENUE GROWTH DECELERATION",
      "detail": "YoY growth: +7.7% vs prior quarter YoY: +28.4% (decel: -20.7%)",
      "severity": "WARNING"
    },
    {
      "quarter": "2023-06 (Q2)",
      "signal": "YoY REVENUE GROWTH DECELERATION",
      "detail": "YoY growth: +28.4% vs prior quarter YoY: +48.9% (decel: -20.5%)",
      "severity": "WARNING"
    },
    {
      "quarter": "2022-12 (Q4)",
      "signal": "YoY REVENUE GROWTH ACCELERATION",
      "detail": "YoY growth: +44.6% vs prior quarter YoY: +38.1% (accel: +6.5%)",
      "severity": "MEDIUM"
    },
    {
      "quarter": "2022-09 (Q3)",
      "signal": "YoY REVENUE GROWTH ACCELERATION",
      "detail": "YoY growth: +38.1% vs prior quarter YoY: +12.8% (accel: +25.3%)",
      "severity": "HIGH"
    },
    {
      "quarter": "2022-06 (Q2)",
      "signal": "YoY REVENUE GROWTH DECELERATION",
      "detail": "YoY growth: +12.8% vs prior quarter YoY: +33.9% (decel: -21.1%)",
      "severity": "WARNING"
    },
    {
      "quarter": "2022-03 (Q1)",
      "signal": "OPERATING LEVERAGE",
      "detail": "Rev growth +2.4% vs OpEx growth +0.2% (leverage: 9.6x)",
      "severity": "MEDIUM"
    },
    {
      "quarter": "2022-03 (Q1)",
      "signal": "YoY REVENUE GROWTH DECELERATION",
      "detail": "YoY growth: +33.9% vs prior quarter YoY: +158.4% (decel: -124.6%)",
      "severity": "WARNING"
    },
    {
      "quarter": "2022-03 (Q1)",
      "signal": "INCREMENTAL MARGIN (YoY)",
      "detail": "YoY Incr OPM: +23.4% vs year-ago OPM: +6.5%",
      "severity": "MEDIUM"
    },
    {
      "quarter": "2021-12 (Q4)",
      "signal": "OP MARGIN TURNED POSITIVE (YoY)",
      "detail": "Op margin: -16.1% (year-ago) -> +8.9%",
      "severity": "HIGH"
    },
    {
      "quarter": "2021-03 (Q1)",
      "signal": "FCF TURNED POSITIVE",
      "detail": "FCF margin: -21.4% -> +13.3%",
      "severity": "HIGH"
    },
    {
      "quarter": "2021-03 (Q1)",
      "signal": "OPERATING LEVERAGE",
      "detail": "Rev growth +97.6% vs OpEx growth +59.2% (leverage: 1.6x)",
      "severity": "MEDIUM"
    },
    {
      "quarter": "2021-03 (Q1)",
      "signal": "OP MARGIN TURNED POSITIVE (QoQ)",
      "detail": "Op margin: -16.1% -> +6.5%",
      "severity": "HIGH"
    }
  ],
  "data_quality": {
    "n_quarters": 20,
    "coverage": {
      "revenue": [
        20,
        20
      ],
      "gross_profit": [
        20,
        20
      ],
      "op_income": [
        20,
        20
      ],
      "fcf": [
        20,
        20
      ]
    },
    "gaps": [],
    "warnings": []
  },
  "market_cap": null,
  "source": "SEC EDGAR",
  "last_updated": "2026-02-02T22:03:03.719254",
  "sector": "Consumer Cyclical",
  "industry": "Gambling"
}