{
  "ticker": "ACGLO",
  "name": "Arch Capital Group Ltd.",
  "quarters": [
    {
      "date": "2020-12-31T00:00:00",
      "quarter_label": "2020-12 (Q4)",
      "revenue": 2386442000,
      "gross_profit": null,
      "operating_income": null,
      "net_income": 543544000,
      "opex": null,
      "cogs": null,
      "rd": null,
      "sga": null,
      "fcf": 555055000,
      "ocf": 555055000,
      "capex": null,
      "gross_margin": null,
      "op_margin": null,
      "fcf_margin": 0.232586838481723
    },
    {
      "date": "2021-03-31T00:00:00",
      "quarter_label": "2021-03 (Q1)",
      "revenue": 2265794000,
      "gross_profit": null,
      "operating_income": null,
      "net_income": 438156000,
      "opex": null,
      "cogs": null,
      "rd": null,
      "sga": null,
      "fcf": 762845000,
      "ocf": 762845000,
      "capex": null,
      "gross_margin": null,
      "op_margin": null,
      "fcf_margin": 0.336678886077022,
      "fcf_margin_change": 0.104092047595299
    },
    {
      "date": "2021-06-30T00:00:00",
      "quarter_label": "2021-06 (Q2)",
      "revenue": 2569996000,
      "gross_profit": null,
      "operating_income": null,
      "net_income": 675486000,
      "opex": null,
      "cogs": null,
      "rd": null,
      "sga": null,
      "fcf": 849727000,
      "ocf": 849727000,
      "capex": null,
      "gross_margin": null,
      "op_margin": null,
      "fcf_margin": 0.33063358853476815,
      "fcf_margin_change": -0.006045297542253858
    },
    {
      "date": "2021-09-30T00:00:00",
      "quarter_label": "2021-09 (Q3)",
      "revenue": 2101204000,
      "gross_profit": null,
      "operating_income": null,
      "net_income": 419942000,
      "opex": null,
      "cogs": null,
      "rd": null,
      "sga": null,
      "fcf": 1014979000,
      "ocf": 1014979000,
      "capex": null,
      "gross_margin": null,
      "op_margin": null,
      "fcf_margin": 0.48304638673827005,
      "fcf_margin_change": 0.1524127982035019
    },
    {
      "date": "2021-12-31T00:00:00",
      "quarter_label": "2021-12 (Q4)",
      "revenue": 2312986000,
      "gross_profit": null,
      "operating_income": null,
      "net_income": 623265000,
      "opex": null,
      "cogs": null,
      "rd": null,
      "sga": null,
      "fcf": 797449000,
      "ocf": 797449000,
      "capex": null,
      "gross_margin": null,
      "op_margin": null,
      "fcf_margin": 0.344770353127948,
      "rev_growth_yoy": -0.030780551130092412,
      "fcf_margin_change": -0.13827603361032204
    },
    {
      "date": "2022-03-31T00:00:00",
      "quarter_label": "2022-03 (Q1)",
      "revenue": 1941832000,
      "gross_profit": null,
      "operating_income": null,
      "net_income": 195800000,
      "opex": null,
      "cogs": null,
      "rd": null,
      "sga": null,
      "fcf": 552000000,
      "ocf": 552000000,
      "capex": null,
      "gross_margin": null,
      "op_margin": null,
      "fcf_margin": 0.2842676400430109,
      "rev_growth_yoy": -0.1429794588563656,
      "rev_growth_yoy_accel": -0.11219890772627318,
      "fcf_margin_change": -0.0605027130849371
    },
    {
      "date": "2022-06-30T00:00:00",
      "quarter_label": "2022-06 (Q2)",
      "revenue": 2214842000,
      "gross_profit": null,
      "operating_income": null,
      "net_income": 404344000,
      "opex": null,
      "cogs": null,
      "rd": null,
      "sga": null,
      "fcf": 902000000,
      "ocf": 902000000,
      "capex": null,
      "gross_margin": null,
      "op_margin": null,
      "fcf_margin": 0.40725252636531184,
      "rev_growth_yoy": -0.13819243298433148,
      "rev_growth_yoy_accel": 0.004787025872034112,
      "fcf_margin_change": 0.12298488632230092
    },
    {
      "date": "2022-09-30T00:00:00",
      "quarter_label": "2022-09 (Q3)",
      "revenue": 2386249000,
      "gross_profit": null,
      "operating_income": null,
      "net_income": 17101000,
      "opex": null,
      "cogs": null,
      "rd": null,
      "sga": null,
      "fcf": 1380000000,
      "ocf": 1380000000,
      "capex": null,
      "gross_margin": null,
      "op_margin": null,
      "fcf_margin": 0.5783134953644821,
      "rev_growth_yoy": 0.13565793706846171,
      "rev_growth_yoy_accel": 0.2738503700527932,
      "fcf_margin_change": 0.17106096899917023
    },
    {
      "date": "2022-12-31T00:00:00",
      "quarter_label": "2022-12 (Q4)",
      "revenue": 3071885000,
      "gross_profit": null,
      "operating_income": null,
      "net_income": 859688000,
      "opex": null,
      "cogs": null,
      "rd": null,
      "sga": null,
      "fcf": 982000000,
      "ocf": 982000000,
      "capex": null,
      "gross_margin": null,
      "op_margin": null,
      "fcf_margin": 0.31967342527470916,
      "rev_growth_yoy": 0.32810358558158154,
      "rev_growth_yoy_accel": 0.19244564851311982,
      "fcf_margin_change": -0.2586400700897729
    },
    {
      "date": "2023-03-31T00:00:00",
      "quarter_label": "2023-03 (Q1)",
      "revenue": 3168000000,
      "gross_profit": null,
      "operating_income": null,
      "net_income": 715000000,
      "opex": null,
      "cogs": null,
      "rd": null,
      "sga": null,
      "fcf": 963000000,
      "ocf": 963000000,
      "capex": null,
      "gross_margin": null,
      "op_margin": null,
      "fcf_margin": 0.3039772727272727,
      "rev_growth_yoy": 0.6314490645946714,
      "rev_growth_yoy_accel": 0.3033454790130899,
      "fcf_margin_change": -0.01569615254743645
    },
    {
      "date": "2023-06-30T00:00:00",
      "quarter_label": "2023-06 (Q2)",
      "revenue": 3162000000,
      "gross_profit": null,
      "operating_income": null,
      "net_income": 671000000,
      "opex": null,
      "cogs": null,
      "rd": null,
      "sga": null,
      "fcf": 1151000000,
      "ocf": 1151000000,
      "capex": null,
      "gross_margin": null,
      "op_margin": null,
      "fcf_margin": 0.3640101201771031,
      "rev_growth_yoy": 0.427641339653122,
      "rev_growth_yoy_accel": -0.20380772494154942,
      "fcf_margin_change": 0.060032847449830395
    },
    {
      "date": "2023-09-30T00:00:00",
      "quarter_label": "2023-09 (Q3)",
      "revenue": 3329000000,
      "gross_profit": null,
      "operating_income": null,
      "net_income": 723000000,
      "opex": null,
      "cogs": null,
      "rd": null,
      "sga": null,
      "fcf": 1970000000,
      "ocf": 1970000000,
      "capex": null,
      "gross_margin": null,
      "op_margin": null,
      "fcf_margin": 0.5917693000901172,
      "rev_growth_yoy": 0.39507654062924696,
      "rev_growth_yoy_accel": -0.032564799023875046,
      "fcf_margin_change": 0.2277591799130141
    },
    {
      "date": "2023-12-31T00:00:00",
      "quarter_label": "2023-12 (Q4)",
      "revenue": 3975000000,
      "gross_profit": null,
      "operating_income": null,
      "net_income": 2334000000,
      "opex": null,
      "cogs": null,
      "rd": null,
      "sga": null,
      "fcf": 1665000000,
      "ocf": 1665000000,
      "capex": null,
      "gross_margin": null,
      "op_margin": null,
      "fcf_margin": 0.4188679245283019,
      "rev_growth_yoy": 0.29399375302135333,
      "rev_growth_yoy_accel": -0.10108278760789363,
      "fcf_margin_change": -0.17290137556181528
    },
    {
      "date": "2024-03-31T00:00:00",
      "quarter_label": "2024-03 (Q1)",
      "revenue": 3941000000,
      "gross_profit": null,
      "operating_income": null,
      "net_income": 1120000000,
      "opex": null,
      "cogs": null,
      "rd": null,
      "sga": null,
      "fcf": 1564000000,
      "ocf": 1564000000,
      "capex": null,
      "gross_margin": null,
      "op_margin": null,
      "fcf_margin": 0.3968535904592743,
      "rev_growth_yoy": 0.24400252525252525,
      "rev_growth_yoy_accel": -0.049991227768828084,
      "fcf_margin_change": -0.022014334069027586
    },
    {
      "date": "2024-06-30T00:00:00",
      "quarter_label": "2024-06 (Q2)",
      "revenue": 4229000000,
      "gross_profit": null,
      "operating_income": null,
      "net_income": 1269000000,
      "opex": null,
      "cogs": null,
      "rd": null,
      "sga": null,
      "fcf": 1518000000,
      "ocf": 1518000000,
      "capex": null,
      "gross_margin": null,
      "op_margin": null,
      "fcf_margin": 0.3589501064081343,
      "rev_growth_yoy": 0.33744465528146744,
      "rev_growth_yoy_accel": 0.0934421300289422,
      "fcf_margin_change": -0.037903484051140024
    },
    {
      "date": "2024-09-30T00:00:00",
      "quarter_label": "2024-09 (Q3)",
      "revenue": 4722000000,
      "gross_profit": null,
      "operating_income": null,
      "net_income": 988000000,
      "opex": null,
      "cogs": null,
      "rd": null,
      "sga": null,
      "fcf": 2018000000,
      "ocf": 2018000000,
      "capex": null,
      "gross_margin": null,
      "op_margin": null,
      "fcf_margin": 0.42736128759000425,
      "rev_growth_yoy": 0.4184439771703214,
      "rev_growth_yoy_accel": 0.08099932188885395,
      "fcf_margin_change": 0.06841118118186995
    },
    {
      "date": "2024-12-31T00:00:00",
      "quarter_label": "2024-12 (Q4)",
      "revenue": 4548000000,
      "gross_profit": null,
      "operating_income": null,
      "net_income": 935000000,
      "opex": null,
      "cogs": null,
      "rd": null,
      "sga": null,
      "fcf": 1573000000,
      "ocf": 1573000000,
      "capex": null,
      "gross_margin": null,
      "op_margin": null,
      "fcf_margin": 0.34586631486367636,
      "rev_growth_yoy": 0.14415094339622642,
      "rev_growth_yoy_accel": -0.274293033774095,
      "fcf_margin_change": -0.08149497272632789
    },
    {
      "date": "2025-03-31T00:00:00",
      "quarter_label": "2025-03 (Q1)",
      "revenue": 4673000000,
      "gross_profit": null,
      "operating_income": null,
      "net_income": 574000000,
      "opex": null,
      "cogs": null,
      "rd": null,
      "sga": null,
      "fcf": 1458000000,
      "ocf": 1458000000,
      "capex": null,
      "gross_margin": null,
      "op_margin": null,
      "fcf_margin": 0.3120051358870105,
      "rev_growth_yoy": 0.18573965998477543,
      "rev_growth_yoy_accel": 0.04158871658854901,
      "fcf_margin_change": -0.03386117897666585
    },
    {
      "date": "2025-06-30T00:00:00",
      "quarter_label": "2025-06 (Q2)",
      "revenue": 5213000000,
      "gross_profit": null,
      "operating_income": null,
      "net_income": 1237000000,
      "opex": null,
      "cogs": null,
      "rd": null,
      "sga": null,
      "fcf": 1124000000,
      "ocf": 1124000000,
      "capex": null,
      "gross_margin": null,
      "op_margin": null,
      "fcf_margin": 0.2156148091310186,
      "rev_growth_yoy": 0.23267912035942304,
      "rev_growth_yoy_accel": 0.04693946037464761,
      "fcf_margin_change": -0.0963903267559919
    },
    {
      "date": "2025-09-30T00:00:00",
      "quarter_label": "2025-09 (Q3)",
      "revenue": 5109000000,
      "gross_profit": null,
      "operating_income": null,
      "net_income": 1350000000,
      "opex": null,
      "cogs": null,
      "rd": null,
      "sga": null,
      "fcf": 2186000000,
      "ocf": 2186000000,
      "capex": null,
      "gross_margin": null,
      "op_margin": null,
      "fcf_margin": 0.4278723820708554,
      "rev_growth_yoy": 0.08195679796696315,
      "rev_growth_yoy_accel": -0.1507223223924599,
      "fcf_margin_change": 0.21225757293983677
    }
  ],
  "signals": [
    {
      "quarter": "2025-09 (Q3)",
      "signal": "FCF MARGIN EXPANSION",
      "detail": "FCF margin: +21.6% -> +42.8% (+21.2%)",
      "severity": "MEDIUM"
    },
    {
      "quarter": "2025-09 (Q3)",
      "signal": "YoY REVENUE GROWTH DECELERATION",
      "detail": "YoY growth: +8.2% vs prior quarter YoY: +23.3% (decel: -15.1%)",
      "severity": "WARNING"
    },
    {
      "quarter": "2024-12 (Q4)",
      "signal": "YoY REVENUE GROWTH DECELERATION",
      "detail": "YoY growth: +14.4% vs prior quarter YoY: +41.8% (decel: -27.4%)",
      "severity": "WARNING"
    },
    {
      "quarter": "2024-09 (Q3)",
      "signal": "FCF MARGIN EXPANSION",
      "detail": "FCF margin: +35.9% -> +42.7% (+6.8%)",
      "severity": "MEDIUM"
    },
    {
      "quarter": "2024-09 (Q3)",
      "signal": "YoY REVENUE GROWTH ACCELERATION",
      "detail": "YoY growth: +41.8% vs prior quarter YoY: +33.7% (accel: +8.1%)",
      "severity": "MEDIUM"
    },
    {
      "quarter": "2024-06 (Q2)",
      "signal": "YoY REVENUE GROWTH ACCELERATION",
      "detail": "YoY growth: +33.7% vs prior quarter YoY: +24.4% (accel: +9.3%)",
      "severity": "MEDIUM"
    },
    {
      "quarter": "2023-12 (Q4)",
      "signal": "YoY REVENUE GROWTH DECELERATION",
      "detail": "YoY growth: +29.4% vs prior quarter YoY: +39.5% (decel: -10.1%)",
      "severity": "WARNING"
    },
    {
      "quarter": "2023-09 (Q3)",
      "signal": "FCF MARGIN EXPANSION",
      "detail": "FCF margin: +36.4% -> +59.2% (+22.8%)",
      "severity": "MEDIUM"
    },
    {
      "quarter": "2023-06 (Q2)",
      "signal": "FCF MARGIN EXPANSION",
      "detail": "FCF margin: +30.4% -> +36.4% (+6.0%)",
      "severity": "MEDIUM"
    },
    {
      "quarter": "2023-06 (Q2)",
      "signal": "YoY REVENUE GROWTH DECELERATION",
      "detail": "YoY growth: +42.8% vs prior quarter YoY: +63.1% (decel: -20.4%)",
      "severity": "WARNING"
    },
    {
      "quarter": "2023-03 (Q1)",
      "signal": "YoY REVENUE GROWTH ACCELERATION",
      "detail": "YoY growth: +63.1% vs prior quarter YoY: +32.8% (accel: +30.3%)",
      "severity": "HIGH"
    },
    {
      "quarter": "2022-12 (Q4)",
      "signal": "YoY REVENUE GROWTH ACCELERATION",
      "detail": "YoY growth: +32.8% vs prior quarter YoY: +13.6% (accel: +19.2%)",
      "severity": "HIGH"
    },
    {
      "quarter": "2022-09 (Q3)",
      "signal": "FCF MARGIN EXPANSION",
      "detail": "FCF margin: +40.7% -> +57.8% (+17.1%)",
      "severity": "MEDIUM"
    },
    {
      "quarter": "2022-09 (Q3)",
      "signal": "YoY REVENUE GROWTH ACCELERATION",
      "detail": "YoY growth: +13.6% vs prior quarter YoY: -13.8% (accel: +27.4%)",
      "severity": "HIGH"
    },
    {
      "quarter": "2022-06 (Q2)",
      "signal": "FCF MARGIN EXPANSION",
      "detail": "FCF margin: +28.4% -> +40.7% (+12.3%)",
      "severity": "MEDIUM"
    },
    {
      "quarter": "2022-03 (Q1)",
      "signal": "YoY REVENUE GROWTH DECELERATION",
      "detail": "YoY growth: -14.3% vs prior quarter YoY: -3.1% (decel: -11.2%)",
      "severity": "WARNING"
    },
    {
      "quarter": "2021-09 (Q3)",
      "signal": "FCF MARGIN EXPANSION",
      "detail": "FCF margin: +33.1% -> +48.3% (+15.2%)",
      "severity": "MEDIUM"
    },
    {
      "quarter": "2021-03 (Q1)",
      "signal": "FCF MARGIN EXPANSION",
      "detail": "FCF margin: +23.3% -> +33.7% (+10.4%)",
      "severity": "MEDIUM"
    }
  ],
  "data_quality": {
    "n_quarters": 20,
    "coverage": {
      "revenue": [
        20,
        20
      ],
      "gross_profit": [
        0,
        20
      ],
      "op_income": [
        0,
        20
      ],
      "fcf": [
        20,
        20
      ]
    },
    "gaps": [],
    "warnings": [
      "gross_profit: no data",
      "op_income: no data"
    ]
  },
  "market_cap": null,
  "source": "SEC EDGAR",
  "last_updated": "2026-02-03T00:54:18.748685"
}