{
  "ticker": "ACGP",
  "name": "Associated Capital Group, Inc.",
  "quarters": [
    {
      "date": "2020-09-30T00:00:00",
      "quarter_label": "2020-09 (Q3)",
      "revenue": 1945000,
      "gross_profit": null,
      "operating_income": -3552000,
      "net_income": 5815000,
      "opex": 5497000,
      "cogs": null,
      "rd": null,
      "sga": null,
      "fcf": -17236000,
      "ocf": -17236000,
      "capex": null,
      "gross_margin": null,
      "op_margin": -1.8262210796915168,
      "fcf_margin": -8.861696658097687
    },
    {
      "date": "2020-12-31T00:00:00",
      "quarter_label": "2020-12 (Q4)",
      "revenue": 12009000,
      "gross_profit": null,
      "operating_income": -4616000,
      "net_income": 51119000,
      "opex": 16625000,
      "cogs": null,
      "rd": null,
      "sga": null,
      "fcf": null,
      "ocf": null,
      "capex": null,
      "gross_margin": null,
      "op_margin": -0.38437838287950704,
      "fcf_margin": null,
      "op_leverage_ratio": 2.55599289593956
    },
    {
      "date": "2021-03-31T00:00:00",
      "quarter_label": "2021-03 (Q1)",
      "revenue": 2325000,
      "gross_profit": null,
      "operating_income": -6365000,
      "net_income": 18555000,
      "opex": 8690000,
      "cogs": null,
      "rd": null,
      "sga": null,
      "fcf": 243568000,
      "ocf": 243568000,
      "capex": null,
      "gross_margin": null,
      "op_margin": -2.7376344086021507,
      "fcf_margin": 104.76043010752689
    },
    {
      "date": "2021-06-30T00:00:00",
      "quarter_label": "2021-06 (Q2)",
      "revenue": 2489000,
      "gross_profit": null,
      "operating_income": -10411000,
      "net_income": 29716000,
      "opex": 12900000,
      "cogs": null,
      "rd": null,
      "sga": null,
      "fcf": -11907000,
      "ocf": -11907000,
      "capex": null,
      "gross_margin": null,
      "op_margin": -4.182804339092005,
      "fcf_margin": -4.783848935315388,
      "op_leverage_ratio": 0.14559906009756596,
      "fcf_margin_change": -109.54427904284228
    },
    {
      "date": "2021-09-30T00:00:00",
      "quarter_label": "2021-09 (Q3)",
      "revenue": 2112000,
      "gross_profit": null,
      "operating_income": -169000,
      "net_income": 1503000,
      "opex": 2281000,
      "cogs": null,
      "rd": null,
      "sga": null,
      "fcf": 256410000,
      "ocf": 256410000,
      "capex": null,
      "gross_margin": null,
      "op_margin": -0.08001893939393939,
      "fcf_margin": 121.40625,
      "rev_growth_yoy": 0.08586118251928021,
      "fcf_margin_change": 126.19009893531539
    },
    {
      "date": "2021-12-31T00:00:00",
      "quarter_label": "2021-12 (Q4)",
      "revenue": 13998000,
      "gross_profit": null,
      "operating_income": -2131000,
      "net_income": 9429000,
      "opex": 16129000,
      "cogs": null,
      "rd": null,
      "sga": null,
      "fcf": -249877000,
      "ocf": -249877000,
      "capex": null,
      "gross_margin": null,
      "op_margin": -0.15223603371910274,
      "fcf_margin": -17.850907272467495,
      "incr_op_margin_yoy": 1.2493715434891906,
      "rev_growth_yoy": 0.16562578066450162,
      "rev_growth_yoy_accel": 0.07976459814522141,
      "op_leverage_ratio": 0.9270006581193215,
      "fcf_margin_change": -139.2571572724675
    },
    {
      "date": "2022-03-31T00:00:00",
      "quarter_label": "2022-03 (Q1)",
      "revenue": 2582000,
      "gross_profit": null,
      "operating_income": -3306000,
      "net_income": -16186000,
      "opex": 5888000,
      "cogs": null,
      "rd": null,
      "sga": null,
      "fcf": 28558000,
      "ocf": 28558000,
      "capex": null,
      "gross_margin": null,
      "op_margin": -1.2804027885360185,
      "fcf_margin": 11.06041828040279,
      "rev_growth_yoy": 0.11053763440860215,
      "rev_growth_yoy_accel": -0.05508814625589947,
      "fcf_margin_change": 28.911325552870284
    },
    {
      "date": "2022-06-30T00:00:00",
      "quarter_label": "2022-06 (Q2)",
      "revenue": 2546000,
      "gross_profit": null,
      "operating_income": -2211000,
      "net_income": -29887000,
      "opex": 4757000,
      "cogs": null,
      "rd": null,
      "sga": null,
      "fcf": 714000,
      "ocf": 714000,
      "capex": null,
      "gross_margin": null,
      "op_margin": -0.868421052631579,
      "fcf_margin": 0.28043990573448546,
      "rev_growth_yoy": 0.022900763358778626,
      "rev_growth_yoy_accel": -0.08763687104982353,
      "fcf_margin_change": -10.779978374668303
    },
    {
      "date": "2022-09-30T00:00:00",
      "quarter_label": "2022-09 (Q3)",
      "revenue": 2562000,
      "gross_profit": null,
      "operating_income": -3129000,
      "net_income": -16498000,
      "opex": 5691000,
      "cogs": null,
      "rd": null,
      "sga": null,
      "fcf": -59830000,
      "ocf": -59830000,
      "capex": null,
      "gross_margin": null,
      "op_margin": -1.221311475409836,
      "fcf_margin": -23.352849336455893,
      "rev_growth_yoy": 0.21306818181818182,
      "rev_growth_yoy_accel": 0.1901674184594032,
      "fcf_margin_change": -23.63328924219038
    },
    {
      "date": "2022-12-31T00:00:00",
      "quarter_label": "2022-12 (Q4)",
      "revenue": 7538000,
      "gross_profit": null,
      "operating_income": -2616000,
      "net_income": 13664000,
      "opex": 10154000,
      "cogs": null,
      "rd": null,
      "sga": null,
      "fcf": -39994000,
      "ocf": -39994000,
      "capex": null,
      "gross_margin": null,
      "op_margin": -0.3470416556115681,
      "fcf_margin": -5.3056513664101885,
      "incr_op_margin_yoy": 0.07507739938080496,
      "rev_growth_yoy": -0.46149449921417346,
      "rev_growth_yoy_accel": -0.6745626810323553,
      "op_leverage_ratio": 2.476640354389277,
      "fcf_margin_change": 18.047197970045705
    },
    {
      "date": "2023-03-31T00:00:00",
      "quarter_label": "2023-03 (Q1)",
      "revenue": 2465000,
      "gross_profit": null,
      "operating_income": -5133000,
      "net_income": 17754000,
      "opex": 7598000,
      "cogs": null,
      "rd": null,
      "sga": null,
      "fcf": 183592000,
      "ocf": 183592000,
      "capex": null,
      "gross_margin": null,
      "op_margin": -2.0823529411764707,
      "fcf_margin": 74.47951318458418,
      "rev_growth_yoy": -0.0453137103020914,
      "rev_growth_yoy_accel": 0.41618078891208204,
      "fcf_margin_change": 79.78516455099437
    },
    {
      "date": "2023-06-30T00:00:00",
      "quarter_label": "2023-06 (Q2)",
      "revenue": 2382000,
      "gross_profit": null,
      "operating_income": -3471000,
      "net_income": 3371000,
      "opex": 5853000,
      "cogs": null,
      "rd": null,
      "sga": null,
      "fcf": -4189000,
      "ocf": -4189000,
      "capex": null,
      "gross_margin": null,
      "op_margin": -1.4571788413098237,
      "fcf_margin": -1.7586062132661628,
      "rev_growth_yoy": -0.06441476826394343,
      "rev_growth_yoy_accel": -0.019101057961852033,
      "fcf_margin_change": -76.23811939785034
    },
    {
      "date": "2023-09-30T00:00:00",
      "quarter_label": "2023-09 (Q3)",
      "revenue": 2200000,
      "gross_profit": null,
      "operating_income": -3521000,
      "net_income": -16000,
      "opex": 5721000,
      "cogs": null,
      "rd": null,
      "sga": null,
      "fcf": 15412000,
      "ocf": 15412000,
      "capex": null,
      "gross_margin": null,
      "op_margin": -1.6004545454545454,
      "fcf_margin": 7.005454545454546,
      "rev_growth_yoy": -0.141295862607338,
      "rev_growth_yoy_accel": -0.07688109434339457,
      "fcf_margin_change": 8.764060758720708
    },
    {
      "date": "2023-12-31T00:00:00",
      "quarter_label": "2023-12 (Q4)",
      "revenue": 5636000,
      "gross_profit": null,
      "operating_income": -4822000,
      "net_income": 16342000,
      "opex": 10458000,
      "cogs": null,
      "rd": null,
      "sga": null,
      "fcf": -49740000,
      "ocf": -49740000,
      "capex": null,
      "gross_margin": null,
      "op_margin": -0.8555713271823988,
      "fcf_margin": -8.82540809084457,
      "incr_op_margin_yoy": 1.159831756046267,
      "rev_growth_yoy": -0.2523215707084107,
      "rev_growth_yoy_accel": -0.1110257081010727,
      "op_leverage_ratio": 1.8862490644251253,
      "fcf_margin_change": -15.830862636299116
    },
    {
      "date": "2024-03-31T00:00:00",
      "quarter_label": "2024-03 (Q1)",
      "revenue": 3011000,
      "gross_profit": null,
      "operating_income": -4970000,
      "net_income": 13821000,
      "opex": 7981000,
      "cogs": null,
      "rd": null,
      "sga": null,
      "fcf": -1105000,
      "ocf": -1105000,
      "capex": null,
      "gross_margin": null,
      "op_margin": -1.650614413816008,
      "fcf_margin": -0.36698771172367983,
      "rev_growth_yoy": 0.22150101419878296,
      "rev_growth_yoy_accel": 0.47382258490719364,
      "fcf_margin_change": 8.458420379120891
    },
    {
      "date": "2024-06-30T00:00:00",
      "quarter_label": "2024-06 (Q2)",
      "revenue": 2595000,
      "gross_profit": null,
      "operating_income": -3674000,
      "net_income": 2985000,
      "opex": 6269000,
      "cogs": null,
      "rd": null,
      "sga": null,
      "fcf": 29728000,
      "ocf": 29728000,
      "capex": null,
      "gross_margin": null,
      "op_margin": -1.4157996146435452,
      "fcf_margin": 11.45587668593449,
      "rev_growth_yoy": 0.08942065491183879,
      "rev_growth_yoy_accel": -0.13208035928694417,
      "fcf_margin_change": 11.822864397658169
    },
    {
      "date": "2024-09-30T00:00:00",
      "quarter_label": "2024-09 (Q3)",
      "revenue": 2415000,
      "gross_profit": null,
      "operating_income": -6916000,
      "net_income": 23242000,
      "opex": 9331000,
      "cogs": null,
      "rd": null,
      "sga": null,
      "fcf": -74467000,
      "ocf": -74467000,
      "capex": null,
      "gross_margin": null,
      "op_margin": -2.863768115942029,
      "fcf_margin": -30.8351966873706,
      "rev_growth_yoy": 0.09772727272727273,
      "rev_growth_yoy_accel": 0.008306617815433945,
      "fcf_margin_change": -42.29107337330509
    },
    {
      "date": "2024-12-31T00:00:00",
      "quarter_label": "2024-12 (Q4)",
      "revenue": 5154000,
      "gross_profit": null,
      "operating_income": -3193000,
      "net_income": 4280000,
      "opex": 8347000,
      "cogs": null,
      "rd": null,
      "sga": null,
      "fcf": 72718000,
      "ocf": 72718000,
      "capex": null,
      "gross_margin": null,
      "op_margin": -0.6195188203337214,
      "fcf_margin": 14.109041521148622,
      "rev_growth_yoy": -0.08552164655784245,
      "rev_growth_yoy_accel": -0.18324891928511516,
      "op_leverage_ratio": Infinity,
      "fcf_margin_change": 44.944238208519224
    },
    {
      "date": "2025-03-31T00:00:00",
      "quarter_label": "2025-03 (Q1)",
      "revenue": 2129000,
      "gross_profit": null,
      "operating_income": -5288000,
      "net_income": 7669000,
      "opex": 7417000,
      "cogs": null,
      "rd": null,
      "sga": null,
      "fcf": -8141000,
      "ocf": -8141000,
      "capex": null,
      "gross_margin": null,
      "op_margin": -2.4837952090183184,
      "fcf_margin": -3.823860967590418,
      "rev_growth_yoy": -0.2929259382265028,
      "rev_growth_yoy_accel": -0.20740429166866037,
      "fcf_margin_change": -17.93290248873904
    },
    {
      "date": "2025-06-30T00:00:00",
      "quarter_label": "2025-06 (Q2)",
      "revenue": 2207000,
      "gross_profit": null,
      "operating_income": -7977000,
      "net_income": 18584000,
      "opex": 10184000,
      "cogs": null,
      "rd": null,
      "sga": null,
      "fcf": -41126000,
      "ocf": -41126000,
      "capex": null,
      "gross_margin": null,
      "op_margin": -3.6144086995922065,
      "fcf_margin": -18.6343452650657,
      "rev_growth_yoy": -0.14951830443159922,
      "rev_growth_yoy_accel": 0.1434076337949036,
      "op_leverage_ratio": 0.09820600878331363,
      "fcf_margin_change": -14.810484297475282
    }
  ],
  "signals": [
    {
      "quarter": "2025-06 (Q2)",
      "signal": "YoY REVENUE GROWTH ACCELERATION",
      "detail": "YoY growth: -15.0% vs prior quarter YoY: -29.3% (accel: +14.3%)",
      "severity": "MEDIUM"
    },
    {
      "quarter": "2025-03 (Q1)",
      "signal": "YoY REVENUE GROWTH DECELERATION",
      "detail": "YoY growth: -29.3% vs prior quarter YoY: -8.6% (decel: -20.7%)",
      "severity": "WARNING"
    },
    {
      "quarter": "2024-12 (Q4)",
      "signal": "FCF TURNED POSITIVE",
      "detail": "FCF margin: -3083.5% -> +1410.9%",
      "severity": "HIGH"
    },
    {
      "quarter": "2024-12 (Q4)",
      "signal": "YoY REVENUE GROWTH DECELERATION",
      "detail": "YoY growth: -8.6% vs prior quarter YoY: +9.8% (decel: -18.3%)",
      "severity": "WARNING"
    },
    {
      "quarter": "2024-06 (Q2)",
      "signal": "FCF TURNED POSITIVE",
      "detail": "FCF margin: -36.7% -> +1145.6%",
      "severity": "HIGH"
    },
    {
      "quarter": "2024-06 (Q2)",
      "signal": "YoY REVENUE GROWTH DECELERATION",
      "detail": "YoY growth: +8.9% vs prior quarter YoY: +22.2% (decel: -13.2%)",
      "severity": "WARNING"
    },
    {
      "quarter": "2024-03 (Q1)",
      "signal": "FCF MARGIN EXPANSION",
      "detail": "FCF margin: -882.5% -> -36.7% (+845.8%)",
      "severity": "MEDIUM"
    },
    {
      "quarter": "2024-03 (Q1)",
      "signal": "YoY REVENUE GROWTH ACCELERATION",
      "detail": "YoY growth: +22.2% vs prior quarter YoY: -25.2% (accel: +47.4%)",
      "severity": "HIGH"
    },
    {
      "quarter": "2023-12 (Q4)",
      "signal": "OPERATING LEVERAGE",
      "detail": "Rev growth +156.2% vs OpEx growth +82.8% (leverage: 1.9x)",
      "severity": "MEDIUM"
    },
    {
      "quarter": "2023-12 (Q4)",
      "signal": "YoY REVENUE GROWTH DECELERATION",
      "detail": "YoY growth: -25.2% vs prior quarter YoY: -14.1% (decel: -11.1%)",
      "severity": "WARNING"
    },
    {
      "quarter": "2023-09 (Q3)",
      "signal": "FCF TURNED POSITIVE",
      "detail": "FCF margin: -175.9% -> +700.5%",
      "severity": "HIGH"
    },
    {
      "quarter": "2023-09 (Q3)",
      "signal": "YoY REVENUE GROWTH DECELERATION",
      "detail": "YoY growth: -14.1% vs prior quarter YoY: -6.4% (decel: -7.7%)",
      "severity": "WARNING"
    },
    {
      "quarter": "2023-03 (Q1)",
      "signal": "FCF TURNED POSITIVE",
      "detail": "FCF margin: -530.6% -> +7448.0%",
      "severity": "HIGH"
    },
    {
      "quarter": "2023-03 (Q1)",
      "signal": "YoY REVENUE GROWTH ACCELERATION",
      "detail": "YoY growth: -4.5% vs prior quarter YoY: -46.1% (accel: +41.6%)",
      "severity": "HIGH"
    },
    {
      "quarter": "2022-12 (Q4)",
      "signal": "FCF MARGIN EXPANSION",
      "detail": "FCF margin: -2335.3% -> -530.6% (+1804.7%)",
      "severity": "MEDIUM"
    },
    {
      "quarter": "2022-12 (Q4)",
      "signal": "OPERATING LEVERAGE",
      "detail": "Rev growth +194.2% vs OpEx growth +78.4% (leverage: 2.5x)",
      "severity": "MEDIUM"
    },
    {
      "quarter": "2022-12 (Q4)",
      "signal": "YoY REVENUE GROWTH DECELERATION",
      "detail": "YoY growth: -46.1% vs prior quarter YoY: +21.3% (decel: -67.5%)",
      "severity": "WARNING"
    },
    {
      "quarter": "2022-09 (Q3)",
      "signal": "YoY REVENUE GROWTH ACCELERATION",
      "detail": "YoY growth: +21.3% vs prior quarter YoY: +2.3% (accel: +19.0%)",
      "severity": "HIGH"
    },
    {
      "quarter": "2022-06 (Q2)",
      "signal": "YoY REVENUE GROWTH DECELERATION",
      "detail": "YoY growth: +2.3% vs prior quarter YoY: +11.1% (decel: -8.8%)",
      "severity": "WARNING"
    },
    {
      "quarter": "2022-03 (Q1)",
      "signal": "FCF TURNED POSITIVE",
      "detail": "FCF margin: -1785.1% -> +1106.0%",
      "severity": "HIGH"
    },
    {
      "quarter": "2022-03 (Q1)",
      "signal": "YoY REVENUE GROWTH DECELERATION",
      "detail": "YoY growth: +11.1% vs prior quarter YoY: +16.6% (decel: -5.5%)",
      "severity": "WARNING"
    },
    {
      "quarter": "2021-12 (Q4)",
      "signal": "YoY REVENUE GROWTH ACCELERATION",
      "detail": "YoY growth: +16.6% vs prior quarter YoY: +8.6% (accel: +8.0%)",
      "severity": "MEDIUM"
    },
    {
      "quarter": "2021-09 (Q3)",
      "signal": "FCF TURNED POSITIVE",
      "detail": "FCF margin: -478.4% -> +12140.6%",
      "severity": "HIGH"
    },
    {
      "quarter": "2020-12 (Q4)",
      "signal": "OPERATING LEVERAGE",
      "detail": "Rev growth +517.4% vs OpEx growth +202.4% (leverage: 2.6x)",
      "severity": "MEDIUM"
    }
  ],
  "data_quality": {
    "n_quarters": 20,
    "coverage": {
      "revenue": [
        20,
        20
      ],
      "gross_profit": [
        0,
        20
      ],
      "op_income": [
        20,
        20
      ],
      "fcf": [
        19,
        20
      ]
    },
    "gaps": [],
    "warnings": [
      "gross_profit: no data"
    ]
  },
  "market_cap": null,
  "source": "SEC EDGAR",
  "last_updated": "2026-02-03T01:17:31.482335"
}