{
  "ticker": "ACH",
  "name": "Owens\u00a0& Minor,\u00a0Inc.",
  "quarters": [
    {
      "date": "2020-12-31T00:00:00",
      "quarter_label": "2020-12 (Q4)",
      "revenue": 2361837000,
      "gross_profit": 398529000,
      "operating_income": 95613000,
      "net_income": 50742000,
      "opex": 302916000,
      "cogs": 1963308000,
      "rd": null,
      "sga": 283016000,
      "fcf": 42281000,
      "ocf": 71027000,
      "capex": -28746000,
      "gross_margin": 0.16873687726968456,
      "op_margin": 0.04048247190640167,
      "fcf_margin": 0.01790174343106658
    },
    {
      "date": "2021-03-31T00:00:00",
      "quarter_label": "2021-03 (Q1)",
      "revenue": 2326534000,
      "gross_profit": 442751000,
      "operating_income": 146692000,
      "net_income": 69589000,
      "opex": 296059000,
      "cogs": 1883783000,
      "rd": null,
      "sga": 292701000,
      "fcf": 20375000,
      "ocf": 25423000,
      "capex": -5048000,
      "gross_margin": 0.19030497727520854,
      "op_margin": 0.06305173274923126,
      "fcf_margin": 0.008757662686210475,
      "fcf_margin_change": -0.009144080744856104
    },
    {
      "date": "2021-06-30T00:00:00",
      "quarter_label": "2021-06 (Q2)",
      "revenue": 2489460000,
      "gross_profit": 400068000,
      "operating_income": 96884000,
      "net_income": 65896000,
      "opex": 303184000,
      "cogs": 2089392000,
      "rd": null,
      "sga": 294096000,
      "fcf": -22599000,
      "ocf": -13017000,
      "capex": -9582000,
      "gross_margin": 0.1607047311465137,
      "op_margin": 0.03891767692591968,
      "fcf_margin": -0.009077872309657516,
      "op_leverage_ratio": 2.909875384931842,
      "fcf_margin_change": -0.017835534995867992
    },
    {
      "date": "2021-09-30T00:00:00",
      "quarter_label": "2021-09 (Q3)",
      "revenue": 2502175000,
      "gross_profit": 328839000,
      "operating_income": 62875000,
      "net_income": 44129000,
      "opex": 265964000,
      "cogs": 2173336000,
      "rd": null,
      "sga": 262457000,
      "fcf": 49614000,
      "ocf": 61430000,
      "capex": -11816000,
      "gross_margin": 0.13142126350075434,
      "op_margin": 0.025128138519488044,
      "fcf_margin": 0.019828349336077612,
      "fcf_margin_change": 0.028906221645735128
    },
    {
      "date": "2021-12-31T00:00:00",
      "quarter_label": "2021-12 (Q4)",
      "revenue": 2467146000,
      "gross_profit": 341571000,
      "operating_income": 62021000,
      "net_income": 41975000,
      "opex": 279550000,
      "cogs": 2125575000,
      "rd": null,
      "sga": 267616000,
      "fcf": 35802000,
      "ocf": 50341000,
      "capex": -14539000,
      "gross_margin": 0.13844782594949792,
      "op_margin": 0.02513876357540251,
      "fcf_margin": 0.014511504386039578,
      "incr_op_margin_yoy": -0.3189850819967904,
      "rev_growth_yoy": 0.04458775097519431,
      "fcf_margin_change": -0.005316844950038034
    },
    {
      "date": "2022-03-31T00:00:00",
      "quarter_label": "2022-03 (Q1)",
      "revenue": 2406952000,
      "gross_profit": 373448000,
      "operating_income": 61059000,
      "net_income": 39279000,
      "opex": 312389000,
      "cogs": 2033504000,
      "rd": null,
      "sga": 279740000,
      "fcf": 70090000,
      "ocf": 79699000,
      "capex": -9609000,
      "gross_margin": 0.15515390419086048,
      "op_margin": 0.025367768031934163,
      "fcf_margin": 0.02911981626555079,
      "incr_op_margin_yoy": -1.0648486657216045,
      "rev_growth_yoy": 0.034565581246609765,
      "rev_growth_yoy_accel": -0.010022169728584544,
      "fcf_margin_change": 0.014608311879511211
    },
    {
      "date": "2022-06-30T00:00:00",
      "quarter_label": "2022-06 (Q2)",
      "revenue": 2500015000,
      "gross_profit": 532505000,
      "operating_income": 75085000,
      "net_income": 28604000,
      "opex": 457420000,
      "cogs": 1967510000,
      "rd": null,
      "sga": 452813000,
      "fcf": 37198000,
      "ocf": 89825000,
      "capex": -52627000,
      "gross_margin": 0.21300072199566802,
      "op_margin": 0.030033819797081217,
      "fcf_margin": 0.014879110725335648,
      "incr_op_margin_yoy": -2.065277119848413,
      "rev_growth_yoy": 0.004239875314325195,
      "rev_growth_yoy_accel": -0.03032570593228457,
      "op_leverage_ratio": 0.08328072749521247,
      "fcf_margin_change": -0.014240705540215141
    },
    {
      "date": "2022-09-30T00:00:00",
      "quarter_label": "2022-09 (Q3)",
      "revenue": 2497401000,
      "gross_profit": 513279000,
      "operating_income": 60247000,
      "net_income": 12497000,
      "opex": 453032000,
      "cogs": 1984122000,
      "rd": null,
      "sga": 445259000,
      "fcf": 21482000,
      "ocf": 68521000,
      "capex": -47039000,
      "gross_margin": 0.20552526406452148,
      "op_margin": 0.02412387918480052,
      "fcf_margin": 0.008601742371369275,
      "incr_op_margin_yoy": 0.5504817762882279,
      "rev_growth_yoy": -0.0019079400921198557,
      "rev_growth_yoy_accel": -0.00614781540644505,
      "fcf_margin_change": -0.006277368353966374
    },
    {
      "date": "2022-12-31T00:00:00",
      "quarter_label": "2022-12 (Q4)",
      "revenue": 2551107000,
      "gross_profit": 407119000,
      "operating_income": -53479000,
      "net_income": -57992000,
      "opex": 460598000,
      "cogs": 2143988000,
      "rd": null,
      "sga": 455856000,
      "fcf": 38146000,
      "ocf": 86961000,
      "capex": -48815000,
      "gross_margin": 0.1595852310389176,
      "op_margin": -0.02096305643001254,
      "fcf_margin": 0.014952724444721448,
      "incr_op_margin_yoy": -1.3756386893915031,
      "rev_growth_yoy": 0.03403163006972429,
      "rev_growth_yoy_accel": 0.035939570161844146,
      "op_leverage_ratio": 1.2876477367631898,
      "fcf_margin_change": 0.006350982073352173
    },
    {
      "date": "2023-03-31T00:00:00",
      "quarter_label": "2023-03 (Q1)",
      "revenue": 2522849000,
      "gross_profit": 497307000,
      "operating_income": 9807000,
      "net_income": -24418000,
      "opex": 487500000,
      "cogs": 2025542000,
      "rd": null,
      "sga": 448722000,
      "fcf": 112248000,
      "ocf": 158398000,
      "capex": -46150000,
      "gross_margin": 0.19712119116126253,
      "op_margin": 0.003887271889835658,
      "fcf_margin": 0.04449255583667512,
      "incr_op_margin_yoy": -0.4422202472885407,
      "rev_growth_yoy": 0.04815093944540647,
      "rev_growth_yoy_accel": 0.014119309375682183,
      "fcf_margin_change": 0.029539831391953673
    },
    {
      "date": "2023-06-30T00:00:00",
      "quarter_label": "2023-06 (Q2)",
      "revenue": 2563226000,
      "gross_profit": 519432000,
      "operating_income": 10839000,
      "net_income": -28241000,
      "opex": 508593000,
      "cogs": 2043794000,
      "rd": null,
      "sga": 455030000,
      "fcf": 266512000,
      "ocf": 313112000,
      "capex": -46600000,
      "gross_margin": 0.2026477571622635,
      "op_margin": 0.004228655608206221,
      "fcf_margin": 0.10397522497040838,
      "incr_op_margin_yoy": -1.0163737324199902,
      "rev_growth_yoy": 0.025284248294510234,
      "rev_growth_yoy_accel": -0.022866691150896238,
      "op_leverage_ratio": 0.36989550838773066,
      "fcf_margin_change": 0.05948266913373326
    },
    {
      "date": "2023-09-30T00:00:00",
      "quarter_label": "2023-09 (Q3)",
      "revenue": 2591742000,
      "gross_profit": 538498000,
      "operating_income": 23841000,
      "net_income": -6426000,
      "opex": 514657000,
      "cogs": 2053244000,
      "rd": null,
      "sga": 452583000,
      "fcf": 109707000,
      "ocf": 157435000,
      "capex": -47728000,
      "gross_margin": 0.2077745392867037,
      "op_margin": 0.009198832291177132,
      "fcf_margin": 0.04232944482899918,
      "incr_op_margin_yoy": -0.385897965889698,
      "rev_growth_yoy": 0.037775671588183075,
      "rev_growth_yoy_accel": 0.012491423293672841,
      "op_leverage_ratio": 0.933067133891078,
      "fcf_margin_change": -0.0616457801414092
    },
    {
      "date": "2023-12-31T00:00:00",
      "quarter_label": "2023-12 (Q4)",
      "revenue": 2656150000,
      "gross_profit": 569923000,
      "operating_income": 60021000,
      "net_income": 17784000,
      "opex": 509902000,
      "cogs": 2086227000,
      "rd": null,
      "sga": 457225000,
      "fcf": 61373000,
      "ocf": 111765000,
      "capex": -50392000,
      "gross_margin": 0.21456732488752517,
      "op_margin": 0.022596991886753383,
      "fcf_margin": 0.023105999284678953,
      "incr_op_margin_yoy": 1.080509886427463,
      "rev_growth_yoy": 0.041175458340242096,
      "rev_growth_yoy_accel": 0.003399786752059021,
      "op_leverage_ratio": Infinity,
      "fcf_margin_change": -0.01922344554432023
    },
    {
      "date": "2024-03-31T00:00:00",
      "quarter_label": "2024-03 (Q1)",
      "revenue": 2612680000,
      "gross_profit": 535529000,
      "operating_income": 9696000,
      "net_income": -21886000,
      "opex": 525833000,
      "cogs": 2077151000,
      "rd": null,
      "sga": 477613000,
      "fcf": -98959000,
      "ocf": -52962000,
      "capex": -45997000,
      "gross_margin": 0.20497305448811182,
      "op_margin": 0.0037111318645988026,
      "fcf_margin": -0.037876433394062804,
      "incr_op_margin_yoy": -0.00123565361623493,
      "rev_growth_yoy": 0.03560696656835189,
      "rev_growth_yoy_accel": -0.005568491771890206,
      "fcf_margin_change": -0.06098243267874176
    },
    {
      "date": "2024-06-30T00:00:00",
      "quarter_label": "2024-06 (Q2)",
      "revenue": 2671006000,
      "gross_profit": 544153000,
      "operating_income": 20299000,
      "net_income": -31913000,
      "opex": 523854000,
      "cogs": 2126853000,
      "rd": null,
      "sga": 469313000,
      "fcf": 71767000,
      "ocf": 116149000,
      "capex": -44382000,
      "gross_margin": 0.20372586209091256,
      "op_margin": 0.007599758293317199,
      "fcf_margin": 0.026868902578279494,
      "incr_op_margin_yoy": 0.08777138615698646,
      "rev_growth_yoy": 0.042048574725755745,
      "rev_growth_yoy_accel": 0.006441608157403855,
      "op_leverage_ratio": Infinity,
      "fcf_margin_change": 0.0647453359723423
    },
    {
      "date": "2024-09-30T00:00:00",
      "quarter_label": "2024-09 (Q3)",
      "revenue": 2721125000,
      "gross_profit": 559706000,
      "operating_income": 24204000,
      "net_income": -12770000,
      "opex": 535502000,
      "cogs": 2161419000,
      "rd": null,
      "sga": 469798000,
      "fcf": -30345000,
      "ocf": 27307000,
      "capex": -57652000,
      "gross_margin": 0.20568919105149525,
      "op_margin": 0.008894850475446737,
      "fcf_margin": -0.01115163764986908,
      "incr_op_margin_yoy": 0.0028056236136122983,
      "rev_growth_yoy": 0.04992124987749552,
      "rev_growth_yoy_accel": 0.007872675151739776,
      "op_leverage_ratio": 0.8438911569567035,
      "fcf_margin_change": -0.038020540228148575
    },
    {
      "date": "2024-12-31T00:00:00",
      "quarter_label": "2024-12 (Q4)",
      "revenue": 2696073000,
      "gross_profit": 579766000,
      "operating_income": -261967000,
      "net_income": -296116000,
      "opex": 841733000,
      "cogs": 2116307000,
      "rd": null,
      "sga": 493067000,
      "fcf": 8167000,
      "ocf": 71001000,
      "capex": -62834000,
      "gross_margin": 0.21504091320969423,
      "op_margin": -0.09716613756378259,
      "fcf_margin": 0.0030292206479572326,
      "incr_op_margin_yoy": -8.065225559201464,
      "rev_growth_yoy": 0.015030401144513676,
      "rev_growth_yoy_accel": -0.034890848732981844,
      "fcf_margin_change": 0.014180858297826312
    },
    {
      "date": "2025-03-31T00:00:00",
      "quarter_label": "2025-03 (Q1)",
      "revenue": 2632048000,
      "gross_profit": 526013000,
      "operating_income": 124000,
      "net_income": -24982000,
      "opex": 525889000,
      "cogs": 2106035000,
      "rd": null,
      "sga": 462352000,
      "fcf": -35066000,
      "ocf": -35066000,
      "capex": null,
      "gross_margin": 0.19984931885740687,
      "op_margin": 4.7111602827911955e-05,
      "fcf_margin": -0.013322705360996456,
      "incr_op_margin_yoy": -0.49421726559273027,
      "rev_growth_yoy": 0.007413077759235727,
      "rev_growth_yoy_accel": -0.007617323385277949,
      "fcf_margin_change": -0.016351926008953688
    },
    {
      "date": "2025-06-30T00:00:00",
      "quarter_label": "2025-06 (Q2)",
      "revenue": 681917000,
      "gross_profit": 324602000,
      "operating_income": -39710000,
      "net_income": -869058000,
      "opex": 364312000,
      "cogs": 357315000,
      "rd": null,
      "sga": 267853000,
      "fcf": 37610000,
      "ocf": 37610000,
      "capex": null,
      "gross_margin": 0.47601394304585454,
      "op_margin": -0.05823289344597656,
      "fcf_margin": 0.055153339775955136,
      "incr_op_margin_yoy": 0.030169087456619587,
      "rev_growth_yoy": -0.7446965675105185,
      "rev_growth_yoy_accel": -0.7521096452697542,
      "fcf_margin_change": 0.06847604513695159
    },
    {
      "date": "2025-09-30T00:00:00",
      "quarter_label": "2025-09 (Q3)",
      "revenue": 697264000,
      "gross_profit": 322197000,
      "operating_income": 26470000,
      "net_income": -150276000,
      "opex": 295727000,
      "cogs": 375067000,
      "rd": null,
      "sga": 265838000,
      "fcf": -226767000,
      "ocf": -172520000,
      "capex": -54247000,
      "gross_margin": 0.462087530691388,
      "op_margin": 0.03796266550402717,
      "fcf_margin": -0.3252240184492531,
      "incr_op_margin_yoy": -0.0011196421098089247,
      "rev_growth_yoy": -0.743758923239469,
      "rev_growth_yoy_accel": 0.0009376442710494759,
      "op_leverage_ratio": Infinity,
      "fcf_margin_change": -0.38037735822520824
    }
  ],
  "signals": [
    {
      "quarter": "2025-09 (Q3)",
      "signal": "OP MARGIN TURNED POSITIVE (QoQ)",
      "detail": "Op margin: -5.8% -> +3.8%",
      "severity": "HIGH"
    },
    {
      "quarter": "2025-06 (Q2)",
      "signal": "FCF TURNED POSITIVE",
      "detail": "FCF margin: -1.3% -> +5.5%",
      "severity": "HIGH"
    },
    {
      "quarter": "2025-06 (Q2)",
      "signal": "GROSS MARGIN INFLECTION",
      "detail": "GM: +21.5% -> +20.0% -> +47.6% (reversal +27.6%)",
      "severity": "HIGH"
    },
    {
      "quarter": "2025-06 (Q2)",
      "signal": "YoY REVENUE GROWTH DECELERATION",
      "detail": "YoY growth: -74.5% vs prior quarter YoY: +0.7% (decel: -75.2%)",
      "severity": "WARNING"
    },
    {
      "quarter": "2025-03 (Q1)",
      "signal": "OP MARGIN TURNED POSITIVE (QoQ)",
      "detail": "Op margin: -9.7% -> +0.0%",
      "severity": "HIGH"
    },
    {
      "quarter": "2024-12 (Q4)",
      "signal": "FCF TURNED POSITIVE",
      "detail": "FCF margin: -1.1% -> +0.3%",
      "severity": "HIGH"
    },
    {
      "quarter": "2024-06 (Q2)",
      "signal": "FCF TURNED POSITIVE",
      "detail": "FCF margin: -3.8% -> +2.7%",
      "severity": "HIGH"
    },
    {
      "quarter": "2023-12 (Q4)",
      "signal": "OP MARGIN TURNED POSITIVE (YoY)",
      "detail": "Op margin: -2.1% (year-ago) -> +2.3%",
      "severity": "HIGH"
    },
    {
      "quarter": "2023-06 (Q2)",
      "signal": "FCF MARGIN EXPANSION",
      "detail": "FCF margin: +4.4% -> +10.4% (+5.9%)",
      "severity": "MEDIUM"
    },
    {
      "quarter": "2023-03 (Q1)",
      "signal": "GROSS MARGIN INFLECTION",
      "detail": "GM: +20.6% -> +16.0% -> +19.7% (reversal +3.8%)",
      "severity": "MEDIUM"
    },
    {
      "quarter": "2023-03 (Q1)",
      "signal": "OP MARGIN TURNED POSITIVE (QoQ)",
      "detail": "Op margin: -2.1% -> +0.4%",
      "severity": "HIGH"
    },
    {
      "quarter": "2022-09 (Q3)",
      "signal": "INCREMENTAL MARGIN (YoY)",
      "detail": "YoY Incr OPM: +55.0% vs year-ago OPM: +2.5%",
      "severity": "HIGH"
    },
    {
      "quarter": "2021-09 (Q3)",
      "signal": "FCF TURNED POSITIVE",
      "detail": "FCF margin: -0.9% -> +2.0%",
      "severity": "HIGH"
    },
    {
      "quarter": "2021-06 (Q2)",
      "signal": "OPERATING LEVERAGE",
      "detail": "Rev growth +7.0% vs OpEx growth +2.4% (leverage: 2.9x)",
      "severity": "MEDIUM"
    }
  ],
  "data_quality": {
    "n_quarters": 20,
    "coverage": {
      "revenue": [
        20,
        20
      ],
      "gross_profit": [
        20,
        20
      ],
      "op_income": [
        20,
        20
      ],
      "fcf": [
        20,
        20
      ]
    },
    "gaps": [],
    "warnings": []
  },
  "market_cap": null,
  "source": "SEC EDGAR",
  "last_updated": "2026-02-02T23:07:14.085150",
  "sector": "Healthcare",
  "industry": "Medical Distribution"
}