{
  "ticker": "ACHC",
  "name": "Acadia Healthcare Company, Inc",
  "quarters": [
    {
      "date": "2020-12-31T00:00:00",
      "quarter_label": "2020-12 (Q4)",
      "revenue": 541276000,
      "gross_profit": null,
      "operating_income": null,
      "net_income": -783672000,
      "opex": -325780000,
      "cogs": null,
      "rd": null,
      "sga": null,
      "fcf": 130407000,
      "ocf": 186567000,
      "capex": -56160000,
      "gross_margin": null,
      "op_margin": null,
      "fcf_margin": 0.2409251472446589
    },
    {
      "date": "2021-03-31T00:00:00",
      "quarter_label": "2021-03 (Q1)",
      "revenue": 551199000,
      "gross_profit": null,
      "operating_income": null,
      "net_income": 9717000,
      "opex": 521875000,
      "cogs": null,
      "rd": null,
      "sga": null,
      "fcf": 17355000,
      "ocf": 76037000,
      "capex": -58682000,
      "gross_margin": null,
      "op_margin": null,
      "fcf_margin": 0.03148590617907507,
      "op_leverage_ratio": Infinity,
      "fcf_margin_change": -0.20943924106558384
    },
    {
      "date": "2021-06-30T00:00:00",
      "quarter_label": "2021-06 (Q2)",
      "revenue": 582156000,
      "gross_profit": null,
      "operating_income": null,
      "net_income": 44514000,
      "opex": 517159000,
      "cogs": null,
      "rd": null,
      "sga": null,
      "fcf": 36206000,
      "ocf": 90477000,
      "capex": -54271000,
      "gross_margin": null,
      "op_margin": null,
      "fcf_margin": 0.06219295171740908,
      "op_leverage_ratio": Infinity,
      "fcf_margin_change": 0.03070704553833401
    },
    {
      "date": "2021-09-30T00:00:00",
      "quarter_label": "2021-09 (Q3)",
      "revenue": 587559000,
      "gross_profit": null,
      "operating_income": null,
      "net_income": 66126000,
      "opex": 502248000,
      "cogs": null,
      "rd": null,
      "sga": null,
      "fcf": 66446000,
      "ocf": 110117000,
      "capex": -43671000,
      "gross_margin": null,
      "op_margin": null,
      "fcf_margin": 0.11308821752368699,
      "fcf_margin_change": 0.05089526580627791
    },
    {
      "date": "2021-12-31T00:00:00",
      "quarter_label": "2021-12 (Q4)",
      "revenue": 593480000,
      "gross_profit": null,
      "operating_income": null,
      "net_income": 70278000,
      "opex": 497352000,
      "cogs": null,
      "rd": null,
      "sga": null,
      "fcf": 9659000,
      "ocf": 97846000,
      "capex": -88187000,
      "gross_margin": null,
      "op_margin": null,
      "fcf_margin": 0.016275190402372446,
      "rev_growth_yoy": 0.09644617533384077,
      "op_leverage_ratio": Infinity,
      "fcf_margin_change": -0.09681302712131454
    },
    {
      "date": "2022-03-31T00:00:00",
      "quarter_label": "2022-03 (Q1)",
      "revenue": 616653000,
      "gross_profit": null,
      "operating_income": null,
      "net_income": 60837000,
      "opex": 537341000,
      "cogs": null,
      "rd": null,
      "sga": null,
      "fcf": 26260000,
      "ocf": 76787000,
      "capex": -50527000,
      "gross_margin": null,
      "op_margin": null,
      "fcf_margin": 0.04258472755342146,
      "rev_growth_yoy": 0.1187484012126292,
      "rev_growth_yoy_accel": 0.022302225878788426,
      "op_leverage_ratio": 0.4856232805128103,
      "fcf_margin_change": 0.02630953715104901
    },
    {
      "date": "2022-06-30T00:00:00",
      "quarter_label": "2022-06 (Q2)",
      "revenue": 651719000,
      "gross_profit": null,
      "operating_income": null,
      "net_income": 80079000,
      "opex": 542062000,
      "cogs": null,
      "rd": null,
      "sga": null,
      "fcf": 67285000,
      "ocf": 149202000,
      "capex": -81917000,
      "gross_margin": null,
      "op_margin": null,
      "fcf_margin": 0.10324234831269305,
      "rev_growth_yoy": 0.1194920261922921,
      "rev_growth_yoy_accel": 0.0007436249796629046,
      "op_leverage_ratio": 6.472340526881585,
      "fcf_margin_change": 0.06065762075927159
    },
    {
      "date": "2022-09-30T00:00:00",
      "quarter_label": "2022-09 (Q3)",
      "revenue": 666732000,
      "gross_profit": null,
      "operating_income": null,
      "net_income": 71099000,
      "opex": 569630000,
      "cogs": null,
      "rd": null,
      "sga": null,
      "fcf": -35312000,
      "ocf": 41036000,
      "capex": -76348000,
      "gross_margin": null,
      "op_margin": null,
      "fcf_margin": -0.05296280964465482,
      "rev_growth_yoy": 0.1347490209493855,
      "rev_growth_yoy_accel": 0.015256994757093412,
      "op_leverage_ratio": 0.45295056443064285,
      "fcf_margin_change": -0.15620515795734788
    },
    {
      "date": "2022-12-31T00:00:00",
      "quarter_label": "2022-12 (Q4)",
      "revenue": 675295000,
      "gross_profit": null,
      "operating_income": null,
      "net_income": 61124000,
      "opex": 587223000,
      "cogs": null,
      "rd": null,
      "sga": null,
      "fcf": 26187000,
      "ocf": 113544000,
      "capex": -87357000,
      "gross_margin": null,
      "op_margin": null,
      "fcf_margin": 0.03877860786767265,
      "rev_growth_yoy": 0.13785637258205838,
      "rev_growth_yoy_accel": 0.0031073516326728667,
      "op_leverage_ratio": 0.4158412764868658,
      "fcf_margin_change": 0.09174141751232748
    },
    {
      "date": "2023-03-31T00:00:00",
      "quarter_label": "2023-03 (Q1)",
      "revenue": 704267000,
      "gross_profit": null,
      "operating_income": null,
      "net_income": 66015000,
      "opex": 618624000,
      "cogs": null,
      "rd": null,
      "sga": null,
      "fcf": -22117000,
      "ocf": 44408000,
      "capex": -66525000,
      "gross_margin": null,
      "op_margin": null,
      "fcf_margin": -0.031404282750718125,
      "rev_growth_yoy": 0.14207990555466365,
      "rev_growth_yoy_accel": 0.004223532972605276,
      "op_leverage_ratio": 0.8023142778968412,
      "fcf_margin_change": -0.07018289061839078
    },
    {
      "date": "2023-06-30T00:00:00",
      "quarter_label": "2023-06 (Q2)",
      "revenue": 731337000,
      "gross_profit": null,
      "operating_income": null,
      "net_income": 72299000,
      "opex": 634907000,
      "cogs": null,
      "rd": null,
      "sga": null,
      "fcf": 72936000,
      "ocf": 163770000,
      "capex": -90834000,
      "gross_margin": null,
      "op_margin": null,
      "fcf_margin": 0.09972967318760025,
      "rev_growth_yoy": 0.12216614829397332,
      "rev_growth_yoy_accel": -0.019913757260690335,
      "op_leverage_ratio": 1.4603039456514304,
      "fcf_margin_change": 0.13113395593831836
    },
    {
      "date": "2023-09-30T00:00:00",
      "quarter_label": "2023-09 (Q3)",
      "revenue": 750334000,
      "gross_profit": null,
      "operating_income": null,
      "net_income": -217710000,
      "opex": 1037732000,
      "cogs": null,
      "rd": null,
      "sga": null,
      "fcf": 9807000,
      "ocf": 137858000,
      "capex": -128051000,
      "gross_margin": null,
      "op_margin": null,
      "fcf_margin": 0.01307017941343455,
      "rev_growth_yoy": 0.1253907117102524,
      "rev_growth_yoy_accel": 0.0032245634162790804,
      "op_leverage_ratio": 0.040941257364414896,
      "fcf_margin_change": -0.0866594937741657
    },
    {
      "date": "2023-12-31T00:00:00",
      "quarter_label": "2023-12 (Q4)",
      "revenue": 742800000,
      "gross_profit": null,
      "operating_income": null,
      "net_income": 57729000,
      "opex": 662835000,
      "cogs": null,
      "rd": null,
      "sga": null,
      "fcf": -22419000,
      "ocf": 116304000,
      "capex": -138723000,
      "gross_margin": null,
      "op_margin": null,
      "fcf_margin": -0.03018174474959612,
      "rev_growth_yoy": 0.09996371955959987,
      "rev_growth_yoy_accel": -0.025426992150652528,
      "fcf_margin_change": -0.04325192416303067
    },
    {
      "date": "2024-03-31T00:00:00",
      "quarter_label": "2024-03 (Q1)",
      "revenue": 768051000,
      "gross_profit": null,
      "operating_income": null,
      "net_income": 76383000,
      "opex": 669207000,
      "cogs": null,
      "rd": null,
      "sga": null,
      "fcf": -463695000,
      "ocf": -321285000,
      "capex": -142410000,
      "gross_margin": null,
      "op_margin": null,
      "fcf_margin": -0.6037294398418855,
      "rev_growth_yoy": 0.0905679238129857,
      "rev_growth_yoy_accel": -0.009395795746614172,
      "op_leverage_ratio": 3.5361961934381743,
      "fcf_margin_change": -0.5735476950922894
    },
    {
      "date": "2024-06-30T00:00:00",
      "quarter_label": "2024-06 (Q2)",
      "revenue": 796040000,
      "gross_profit": null,
      "operating_income": null,
      "net_income": 78482000,
      "opex": 689580000,
      "cogs": null,
      "rd": null,
      "sga": null,
      "fcf": 16906000,
      "ocf": 171148000,
      "capex": -154242000,
      "gross_margin": null,
      "op_margin": null,
      "fcf_margin": 0.021237626249937188,
      "rev_growth_yoy": 0.08847220911836814,
      "rev_growth_yoy_accel": -0.0020957146946175564,
      "op_leverage_ratio": 1.1970238762995251,
      "fcf_margin_change": 0.6249670660918227
    },
    {
      "date": "2024-09-30T00:00:00",
      "quarter_label": "2024-09 (Q3)",
      "revenue": 815634000,
      "gross_profit": null,
      "operating_income": null,
      "net_income": 68132000,
      "opex": 717067000,
      "cogs": null,
      "rd": null,
      "sga": null,
      "fcf": -27110000,
      "ocf": 163129000,
      "capex": -190239000,
      "gross_margin": null,
      "op_margin": null,
      "fcf_margin": -0.033237947412687555,
      "rev_growth_yoy": 0.08702791023730765,
      "rev_growth_yoy_accel": -0.001444298881060499,
      "op_leverage_ratio": 0.6175121787910366,
      "fcf_margin_change": -0.054475573662624746
    },
    {
      "date": "2024-12-31T00:00:00",
      "quarter_label": "2024-12 (Q4)",
      "revenue": 774238000,
      "gross_profit": null,
      "operating_income": null,
      "net_income": 32615000,
      "opex": 736230000,
      "cogs": null,
      "rd": null,
      "sga": null,
      "fcf": -86793000,
      "ocf": 116701000,
      "capex": -203494000,
      "gross_margin": null,
      "op_margin": null,
      "fcf_margin": -0.11210118852342561,
      "rev_growth_yoy": 0.04232364028002154,
      "rev_growth_yoy_accel": -0.0447042699572861,
      "fcf_margin_change": -0.07886324111073806
    },
    {
      "date": "2025-03-31T00:00:00",
      "quarter_label": "2025-03 (Q1)",
      "revenue": 770505000,
      "gross_profit": null,
      "operating_income": null,
      "net_income": 8374000,
      "opex": 757037000,
      "cogs": null,
      "rd": null,
      "sga": null,
      "fcf": -163154000,
      "ocf": 11477000,
      "capex": -174631000,
      "gross_margin": null,
      "op_margin": null,
      "fcf_margin": -0.21174943705751423,
      "rev_growth_yoy": 0.0031951003253690184,
      "rev_growth_yoy_accel": -0.03912853995465253,
      "fcf_margin_change": -0.09964824853408862
    },
    {
      "date": "2025-06-30T00:00:00",
      "quarter_label": "2025-06 (Q2)",
      "revenue": 869232000,
      "gross_profit": null,
      "operating_income": null,
      "net_income": 30127000,
      "opex": 819229000,
      "cogs": null,
      "rd": null,
      "sga": null,
      "fcf": -34243000,
      "ocf": 133504000,
      "capex": -167747000,
      "gross_margin": null,
      "op_margin": null,
      "fcf_margin": -0.03939454599002338,
      "rev_growth_yoy": 0.09194512838550827,
      "rev_growth_yoy_accel": 0.08875002806013925,
      "op_leverage_ratio": 1.5597071456775664,
      "fcf_margin_change": 0.17235489106749086
    },
    {
      "date": "2025-09-30T00:00:00",
      "quarter_label": "2025-09 (Q3)",
      "revenue": 851573000,
      "gross_profit": null,
      "operating_income": null,
      "net_income": 36246000,
      "opex": 811588000,
      "cogs": null,
      "rd": null,
      "sga": null,
      "fcf": -63029000,
      "ocf": 73210000,
      "capex": -136239000,
      "gross_margin": null,
      "op_margin": null,
      "fcf_margin": -0.07401479379923975,
      "rev_growth_yoy": 0.0440626555538391,
      "rev_growth_yoy_accel": -0.047882472831669166,
      "fcf_margin_change": -0.034620247809216374
    }
  ],
  "signals": [
    {
      "quarter": "2025-06 (Q2)",
      "signal": "FCF MARGIN EXPANSION",
      "detail": "FCF margin: -21.2% -> -3.9% (+17.2%)",
      "severity": "MEDIUM"
    },
    {
      "quarter": "2025-06 (Q2)",
      "signal": "OPERATING LEVERAGE",
      "detail": "Rev growth +12.8% vs OpEx growth +8.2% (leverage: 1.6x)",
      "severity": "MEDIUM"
    },
    {
      "quarter": "2025-06 (Q2)",
      "signal": "YoY REVENUE GROWTH ACCELERATION",
      "detail": "YoY growth: +9.2% vs prior quarter YoY: +0.3% (accel: +8.9%)",
      "severity": "MEDIUM"
    },
    {
      "quarter": "2024-06 (Q2)",
      "signal": "FCF TURNED POSITIVE",
      "detail": "FCF margin: -60.4% -> +2.1%",
      "severity": "HIGH"
    },
    {
      "quarter": "2024-03 (Q1)",
      "signal": "OPERATING LEVERAGE",
      "detail": "Rev growth +3.4% vs OpEx growth +1.0% (leverage: 3.5x)",
      "severity": "MEDIUM"
    },
    {
      "quarter": "2023-06 (Q2)",
      "signal": "FCF TURNED POSITIVE",
      "detail": "FCF margin: -3.1% -> +10.0%",
      "severity": "HIGH"
    },
    {
      "quarter": "2022-12 (Q4)",
      "signal": "FCF TURNED POSITIVE",
      "detail": "FCF margin: -5.3% -> +3.9%",
      "severity": "HIGH"
    },
    {
      "quarter": "2022-06 (Q2)",
      "signal": "FCF MARGIN EXPANSION",
      "detail": "FCF margin: +4.3% -> +10.3% (+6.1%)",
      "severity": "MEDIUM"
    },
    {
      "quarter": "2022-06 (Q2)",
      "signal": "OPERATING LEVERAGE",
      "detail": "Rev growth +5.7% vs OpEx growth +0.9% (leverage: 6.5x)",
      "severity": "MEDIUM"
    },
    {
      "quarter": "2021-09 (Q3)",
      "signal": "FCF MARGIN EXPANSION",
      "detail": "FCF margin: +6.2% -> +11.3% (+5.1%)",
      "severity": "MEDIUM"
    }
  ],
  "data_quality": {
    "n_quarters": 20,
    "coverage": {
      "revenue": [
        20,
        20
      ],
      "gross_profit": [
        0,
        20
      ],
      "op_income": [
        0,
        20
      ],
      "fcf": [
        20,
        20
      ]
    },
    "gaps": [],
    "warnings": [
      "gross_profit: no data",
      "op_income: no data"
    ]
  },
  "market_cap": null,
  "source": "SEC EDGAR",
  "last_updated": "2026-02-02T21:55:53.168478",
  "sector": "Healthcare",
  "industry": "Medical Care Facilities"
}