{
  "ticker": "ACI",
  "name": "Albertsons Companies, Inc.",
  "quarters": [
    {
      "date": "2019-09-07T00:00:00",
      "quarter_label": "2019-09 (Q3)",
      "revenue": 14176700000,
      "gross_profit": 3941500000,
      "operating_income": 582400000,
      "net_income": 294800000,
      "opex": 3359100000,
      "cogs": 10235200000,
      "rd": null,
      "sga": 3794600000,
      "fcf": null,
      "ocf": null,
      "capex": null,
      "gross_margin": 0.2780266211459649,
      "op_margin": 0.04108149287210705,
      "fcf_margin": null
    },
    {
      "date": "2019-11-30T00:00:00",
      "quarter_label": "2019-11 (Q4)",
      "revenue": 14103200000,
      "gross_profit": 3995100000,
      "operating_income": 206600000,
      "net_income": 54800000,
      "opex": 3788500000,
      "cogs": 10108100000,
      "rd": null,
      "sga": 3807200000,
      "fcf": 302200000,
      "ocf": 302200000,
      "capex": null,
      "gross_margin": 0.283276135912417,
      "op_margin": 0.014649157637982869,
      "fcf_margin": 0.021427761075500595
    },
    {
      "date": "2020-02-29T00:00:00",
      "quarter_label": "2020-02 (Q1)",
      "revenue": 15436800000,
      "gross_profit": 4418000000,
      "operating_income": 326600000,
      "net_income": 67800000,
      "opex": 4091400000,
      "cogs": 11018800000,
      "rd": null,
      "sga": 4093500000,
      "fcf": 516900000,
      "ocf": 516900000,
      "capex": null,
      "gross_margin": 0.2861992122719735,
      "op_margin": 0.021157234660033167,
      "fcf_margin": 0.033484919154228854,
      "op_leverage_ratio": 1.1827036587216424,
      "fcf_margin_change": 0.012057158078728258
    },
    {
      "date": "2020-09-12T00:00:00",
      "quarter_label": "2020-09 (Q3)",
      "revenue": 15757600000,
      "gross_profit": 4574900000,
      "operating_income": 562000000,
      "net_income": 284500000,
      "opex": 4012900000,
      "cogs": 11182700000,
      "rd": null,
      "sga": 4031200000,
      "fcf": null,
      "ocf": null,
      "capex": null,
      "gross_margin": 0.2903297456465452,
      "op_margin": 0.03566532974564655,
      "fcf_margin": null,
      "incr_op_margin_yoy": -0.012904042001391612,
      "rev_growth_yoy": 0.11151396305205019,
      "op_leverage_ratio": Infinity
    },
    {
      "date": "2020-12-05T00:00:00",
      "quarter_label": "2020-12 (Q4)",
      "revenue": 15408900000,
      "gross_profit": 4508600000,
      "operating_income": 258500000,
      "net_income": 123700000,
      "opex": 4250100000,
      "cogs": 10900300000,
      "rd": null,
      "sga": 4309100000,
      "fcf": 275200000,
      "ocf": 275200000,
      "capex": null,
      "gross_margin": 0.29259713542173676,
      "op_margin": 0.016776019053923383,
      "fcf_margin": 0.017859808292610115,
      "incr_op_margin_yoy": 0.03974879375047867,
      "rev_growth_yoy": 0.09258182540132735,
      "rev_growth_yoy_accel": -0.01893213765072284
    },
    {
      "date": "2021-02-27T00:00:00",
      "quarter_label": "2021-02 (Q1)",
      "revenue": 15772300000,
      "gross_profit": 4559500000,
      "operating_income": -174800000,
      "net_income": -144200000,
      "opex": 4734300000,
      "cogs": 11212800000,
      "rd": null,
      "sga": 4726100000,
      "fcf": 906500000,
      "ocf": 906500000,
      "capex": null,
      "gross_margin": 0.28908275901422115,
      "op_margin": -0.011082720972844797,
      "fcf_margin": 0.05747417941581126,
      "incr_op_margin_yoy": -1.4944858420268257,
      "rev_growth_yoy": 0.02173377902155887,
      "rev_growth_yoy_accel": -0.07084804637976848,
      "op_leverage_ratio": 0.20700824801334863,
      "fcf_margin_change": 0.039614371123201146
    },
    {
      "date": "2021-09-11T00:00:00",
      "quarter_label": "2021-09 (Q3)",
      "revenue": 16505700000,
      "gross_profit": 4717000000,
      "operating_income": 485900000,
      "net_income": 295200000,
      "opex": 4231100000,
      "cogs": 11788700000,
      "rd": null,
      "sga": 4231300000,
      "fcf": null,
      "ocf": null,
      "capex": null,
      "gross_margin": 0.2857800638567283,
      "op_margin": 0.02943831524867167,
      "fcf_margin": null,
      "incr_op_margin_yoy": -0.10172436839994653,
      "rev_growth_yoy": 0.04747550388384018,
      "rev_growth_yoy_accel": 0.025741724862281306,
      "op_leverage_ratio": Infinity
    },
    {
      "date": "2021-12-04T00:00:00",
      "quarter_label": "2021-12 (Q4)",
      "revenue": 16728400000,
      "gross_profit": 4830100000,
      "operating_income": 599600000,
      "net_income": 424500000,
      "opex": 4230500000,
      "cogs": 11898300000,
      "rd": null,
      "sga": 4243900000,
      "fcf": 645100000,
      "ocf": 645100000,
      "capex": null,
      "gross_margin": 0.2887365199301786,
      "op_margin": 0.03584323665144305,
      "fcf_margin": 0.03856316204777504,
      "incr_op_margin_yoy": 0.25850701023114814,
      "rev_growth_yoy": 0.08563232936809247,
      "rev_growth_yoy_accel": 0.03815682548425229,
      "op_leverage_ratio": Infinity
    },
    {
      "date": "2022-02-26T00:00:00",
      "quarter_label": "2022-02 (Q1)",
      "revenue": 17383500000,
      "gross_profit": 4984300000,
      "operating_income": 664300000,
      "net_income": 455100000,
      "opex": 4320000000,
      "cogs": 12399200000,
      "rd": null,
      "sga": 4321700000,
      "fcf": 730600000,
      "ocf": 730600000,
      "capex": null,
      "gross_margin": 0.2867259182558173,
      "op_margin": 0.03821439871142175,
      "fcf_margin": 0.04202836022665171,
      "incr_op_margin_yoy": 0.520791956305859,
      "rev_growth_yoy": 0.10215377592361291,
      "rev_growth_yoy_accel": 0.016521446555520444,
      "op_leverage_ratio": 1.8510658086692702,
      "fcf_margin_change": 0.003465198178876673
    },
    {
      "date": "2022-09-10T00:00:00",
      "quarter_label": "2022-09 (Q3)",
      "revenue": 17919400000,
      "gross_profit": 5004600000,
      "operating_income": 531000000,
      "net_income": 342700000,
      "opex": 4473600000,
      "cogs": 12914800000,
      "rd": null,
      "sga": 4487600000,
      "fcf": null,
      "ocf": null,
      "capex": null,
      "gross_margin": 0.27928390459501995,
      "op_margin": 0.029632688594484192,
      "fcf_margin": null,
      "incr_op_margin_yoy": 0.0319021008700573,
      "rev_growth_yoy": 0.08564919997334254,
      "rev_growth_yoy_accel": -0.01650457595027037,
      "op_leverage_ratio": 0.8670398653895937
    },
    {
      "date": "2022-12-03T00:00:00",
      "quarter_label": "2022-12 (Q4)",
      "revenue": 18154900000,
      "gross_profit": 5121700000,
      "operating_income": 582400000,
      "net_income": 375500000,
      "opex": 4539300000,
      "cogs": 13033200000,
      "rd": null,
      "sga": 4532000000,
      "fcf": 419900000,
      "ocf": 419900000,
      "capex": null,
      "gross_margin": 0.28211116558064214,
      "op_margin": 0.03207949369040865,
      "fcf_margin": 0.023128742102683023,
      "incr_op_margin_yoy": -0.012057483350858746,
      "rev_growth_yoy": 0.08527414456851821,
      "rev_growth_yoy_accel": -0.000375055404824326,
      "op_leverage_ratio": 0.894868513974523
    },
    {
      "date": "2023-02-25T00:00:00",
      "quarter_label": "2023-02 (Q1)",
      "revenue": 18265100000,
      "gross_profit": 5084300000,
      "operating_income": 433600000,
      "net_income": 311100000,
      "opex": 4650700000,
      "cogs": 13180800000,
      "rd": null,
      "sga": 4712100000,
      "fcf": 781900000,
      "ocf": 781900000,
      "capex": null,
      "gross_margin": 0.278361465308156,
      "op_margin": 0.023739262308993654,
      "fcf_margin": 0.042808416050281684,
      "incr_op_margin_yoy": -0.26168330308529947,
      "rev_growth_yoy": 0.05071475824776368,
      "rev_growth_yoy_accel": -0.03455938632075453,
      "fcf_margin_change": 0.01967967394759866
    },
    {
      "date": "2023-09-09T00:00:00",
      "quarter_label": "2023-09 (Q3)",
      "revenue": 18290700000,
      "gross_profit": 5041500000,
      "operating_income": 454400000,
      "net_income": 266900000,
      "opex": 4587100000,
      "cogs": 13249200000,
      "rd": null,
      "sga": 4595500000,
      "fcf": null,
      "ocf": null,
      "capex": null,
      "gross_margin": 0.2756318784956289,
      "op_margin": 0.024843226339068488,
      "fcf_margin": null,
      "incr_op_margin_yoy": -0.20630218152437382,
      "rev_growth_yoy": 0.02072055984017322,
      "rev_growth_yoy_accel": -0.029994198407590465
    },
    {
      "date": "2023-12-02T00:00:00",
      "quarter_label": "2023-12 (Q4)",
      "revenue": 18557300000,
      "gross_profit": 5197300000,
      "operating_income": 566100000,
      "net_income": 361400000,
      "opex": 4631200000,
      "cogs": 13360000000,
      "rd": null,
      "sga": 4607300000,
      "fcf": 382900000,
      "ocf": 382900000,
      "capex": null,
      "gross_margin": 0.2800676822598115,
      "op_margin": 0.030505515349754545,
      "fcf_margin": 0.020633389555592678,
      "incr_op_margin_yoy": -0.040506958250497015,
      "rev_growth_yoy": 0.02216481500862026,
      "rev_growth_yoy_accel": 0.001444255168447043,
      "op_leverage_ratio": 1.5161055479578007
    },
    {
      "date": "2024-02-24T00:00:00",
      "quarter_label": "2024-02 (Q1)",
      "revenue": 18339500000,
      "gross_profit": 5144200000,
      "operating_income": 426200000,
      "net_income": 250500000,
      "opex": 4718000000,
      "cogs": 13195300000,
      "rd": null,
      "sga": 4717200000,
      "fcf": 928700000,
      "ocf": 928700000,
      "capex": null,
      "gross_margin": 0.28049837781837017,
      "op_margin": 0.0232394558194062,
      "fcf_margin": 0.0506393304070449,
      "incr_op_margin_yoy": -0.09946236559139784,
      "rev_growth_yoy": 0.004073342056709243,
      "rev_growth_yoy_accel": -0.01809147295191102,
      "fcf_margin_change": 0.030005940851452223
    },
    {
      "date": "2024-09-07T00:00:00",
      "quarter_label": "2024-09 (Q3)",
      "revenue": 18551500000,
      "gross_profit": 5121300000,
      "operating_income": 292000000,
      "net_income": 145500000,
      "opex": 4829300000,
      "cogs": 13430200000,
      "rd": null,
      "sga": 4785400000,
      "fcf": null,
      "ocf": null,
      "capex": null,
      "gross_margin": 0.27605853974072175,
      "op_margin": 0.01573996711856184,
      "fcf_margin": null,
      "incr_op_margin_yoy": -0.6226993865030674,
      "rev_growth_yoy": 0.014258612300240012,
      "rev_growth_yoy_accel": 0.010185270243530768,
      "op_leverage_ratio": 0.4900169942837409
    },
    {
      "date": "2024-11-30T00:00:00",
      "quarter_label": "2024-11 (Q4)",
      "revenue": 18774500000,
      "gross_profit": 5246400000,
      "operating_income": 518500000,
      "net_income": 400600000,
      "opex": 4727900000,
      "cogs": 13528100000,
      "rd": null,
      "sga": 4717700000,
      "fcf": 548000000,
      "ocf": 548000000,
      "capex": null,
      "gross_margin": 0.27944286132786494,
      "op_margin": 0.02761724679751791,
      "fcf_margin": 0.029188526991397908,
      "incr_op_margin_yoy": -0.21915285451197053,
      "rev_growth_yoy": 0.011704288878231208,
      "rev_growth_yoy_accel": -0.0025543234220088036,
      "op_leverage_ratio": Infinity
    },
    {
      "date": "2025-02-22T00:00:00",
      "quarter_label": "2025-02 (Q1)",
      "revenue": 18799500000,
      "gross_profit": 5149000000,
      "operating_income": 276000000,
      "net_income": 171800000,
      "opex": 4873000000,
      "cogs": 13650500000,
      "rd": null,
      "sga": 4836600000,
      "fcf": 758500000,
      "ocf": 758500000,
      "capex": null,
      "gross_margin": 0.2738902630389106,
      "op_margin": 0.014681241522380914,
      "fcf_margin": 0.04034681773451421,
      "incr_op_margin_yoy": -0.3265217391304348,
      "rev_growth_yoy": 0.025082472259330954,
      "rev_growth_yoy_accel": 0.013378183381099746,
      "fcf_margin_change": 0.011158290743116306
    },
    {
      "date": "2025-09-06T00:00:00",
      "quarter_label": "2025-09 (Q3)",
      "revenue": 18915800000,
      "gross_profit": 5106600000,
      "operating_income": 295300000,
      "net_income": 168500000,
      "opex": 4811300000,
      "cogs": 13809200000,
      "rd": null,
      "sga": 4806900000,
      "fcf": null,
      "ocf": null,
      "capex": null,
      "gross_margin": 0.2699647913384578,
      "op_margin": 0.015611287918036773,
      "fcf_margin": null,
      "incr_op_margin_yoy": 0.009058468295360967,
      "rev_growth_yoy": 0.01963722610031534,
      "rev_growth_yoy_accel": -0.005445246159015614
    },
    {
      "date": "2025-11-29T00:00:00",
      "quarter_label": "2025-11 (Q4)",
      "revenue": 19123700000,
      "gross_profit": 5248800000,
      "operating_income": 489700000,
      "net_income": 293300000,
      "opex": 4759100000,
      "cogs": 13874900000,
      "rd": null,
      "sga": 4760300000,
      "fcf": 367600000,
      "ocf": 367600000,
      "capex": null,
      "gross_margin": 0.2744657153165967,
      "op_margin": 0.02560696936262334,
      "fcf_margin": 0.019222221641209597,
      "incr_op_margin_yoy": -0.08247422680412371,
      "rev_growth_yoy": 0.0185996963967083,
      "rev_growth_yoy_accel": -0.0010375297036070395,
      "op_leverage_ratio": Infinity
    }
  ],
  "signals": [
    {
      "quarter": "2023-12 (Q4)",
      "signal": "OPERATING LEVERAGE",
      "detail": "Rev growth +1.5% vs OpEx growth +1.0% (leverage: 1.5x)",
      "severity": "MEDIUM"
    },
    {
      "quarter": "2022-02 (Q1)",
      "signal": "OPERATING LEVERAGE",
      "detail": "Rev growth +3.9% vs OpEx growth +2.1% (leverage: 1.9x)",
      "severity": "MEDIUM"
    },
    {
      "quarter": "2022-02 (Q1)",
      "signal": "OP MARGIN TURNED POSITIVE (YoY)",
      "detail": "Op margin: -1.1% (year-ago) -> +3.8%",
      "severity": "HIGH"
    },
    {
      "quarter": "2021-12 (Q4)",
      "signal": "INCREMENTAL MARGIN (YoY)",
      "detail": "YoY Incr OPM: +25.9% vs year-ago OPM: +1.7%",
      "severity": "HIGH"
    },
    {
      "quarter": "2021-09 (Q3)",
      "signal": "OP MARGIN TURNED POSITIVE (QoQ)",
      "detail": "Op margin: -1.1% -> +2.9%",
      "severity": "HIGH"
    },
    {
      "quarter": "2021-02 (Q1)",
      "signal": "YoY REVENUE GROWTH DECELERATION",
      "detail": "YoY growth: +2.2% vs prior quarter YoY: +9.3% (decel: -7.1%)",
      "severity": "WARNING"
    }
  ],
  "data_quality": {
    "n_quarters": 20,
    "coverage": {
      "revenue": [
        20,
        20
      ],
      "gross_profit": [
        20,
        20
      ],
      "op_income": [
        20,
        20
      ],
      "fcf": [
        13,
        20
      ]
    },
    "gaps": [
      [
        "2020-02 (Q1)",
        "2020-09 (Q3)",
        196
      ],
      [
        "2021-02 (Q1)",
        "2021-09 (Q3)",
        196
      ],
      [
        "2022-02 (Q1)",
        "2022-09 (Q3)",
        196
      ],
      [
        "2023-02 (Q1)",
        "2023-09 (Q3)",
        196
      ],
      [
        "2024-02 (Q1)",
        "2024-09 (Q3)",
        196
      ],
      [
        "2025-02 (Q1)",
        "2025-09 (Q3)",
        196
      ]
    ],
    "warnings": [
      "fcf: 13/20Q",
      "gap: 1Q missing between 2020-02 (Q1) and 2020-09 (Q3)",
      "gap: 1Q missing between 2021-02 (Q1) and 2021-09 (Q3)",
      "gap: 1Q missing between 2022-02 (Q1) and 2022-09 (Q3)",
      "gap: 1Q missing between 2023-02 (Q1) and 2023-09 (Q3)",
      "gap: 1Q missing between 2024-02 (Q1) and 2024-09 (Q3)",
      "gap: 1Q missing between 2025-02 (Q1) and 2025-09 (Q3)"
    ]
  },
  "market_cap": null,
  "source": "SEC EDGAR",
  "last_updated": "2026-02-02T20:41:34.913760",
  "sector": "Consumer Defensive",
  "industry": "Grocery Stores"
}