{
  "ticker": "ACIC",
  "name": "American Coastal Insurance Corporation",
  "quarters": [
    {
      "date": "2020-12-31T00:00:00",
      "quarter_label": "2020-12 (Q4)",
      "revenue": 241222000,
      "gross_profit": null,
      "operating_income": -45242000,
      "net_income": -33933000,
      "opex": 286464000,
      "cogs": null,
      "rd": null,
      "sga": null,
      "fcf": -176448000,
      "ocf": -175063000,
      "capex": -1385000,
      "gross_margin": null,
      "op_margin": -0.18755337407035844,
      "fcf_margin": -0.7314755702216216
    },
    {
      "date": "2021-03-31T00:00:00",
      "quarter_label": "2021-03 (Q1)",
      "revenue": 161789000,
      "gross_profit": null,
      "operating_income": -26292000,
      "net_income": -17771000,
      "opex": 188081000,
      "cogs": null,
      "rd": null,
      "sga": null,
      "fcf": -67509000,
      "ocf": -66652000,
      "capex": -857000,
      "gross_margin": null,
      "op_margin": -0.16250795789577782,
      "fcf_margin": -0.4172656979151858,
      "fcf_margin_change": 0.31420987230643577
    },
    {
      "date": "2021-06-30T00:00:00",
      "quarter_label": "2021-06 (Q2)",
      "revenue": 155454000,
      "gross_profit": null,
      "operating_income": -32788000,
      "net_income": -23510000,
      "opex": 188242000,
      "cogs": null,
      "rd": null,
      "sga": null,
      "fcf": 36777000,
      "ocf": 38391000,
      "capex": -1614000,
      "gross_margin": null,
      "op_margin": -0.2109176991264297,
      "fcf_margin": 0.23657802308078274,
      "fcf_margin_change": 0.6538437209959685
    },
    {
      "date": "2021-09-30T00:00:00",
      "quarter_label": "2021-09 (Q3)",
      "revenue": 162740000,
      "gross_profit": null,
      "operating_income": -18701000,
      "net_income": -14322000,
      "opex": 181441000,
      "cogs": null,
      "rd": null,
      "sga": null,
      "fcf": -82630000,
      "ocf": -81283000,
      "capex": -1347000,
      "gross_margin": null,
      "op_margin": -0.1149133587317193,
      "fcf_margin": -0.507742411208062,
      "op_leverage_ratio": Infinity,
      "fcf_margin_change": -0.7443204342888448
    },
    {
      "date": "2021-12-31T00:00:00",
      "quarter_label": "2021-12 (Q4)",
      "revenue": 154544000,
      "gross_profit": null,
      "operating_income": -6260000,
      "net_income": -2316000,
      "opex": 160804000,
      "cogs": null,
      "rd": null,
      "sga": null,
      "fcf": -187300000,
      "ocf": -185847000,
      "capex": -1453000,
      "gross_margin": null,
      "op_margin": -0.040506263588363185,
      "fcf_margin": -1.2119525830831348,
      "incr_op_margin_yoy": -0.44973349638893373,
      "rev_growth_yoy": -0.359328751108937,
      "fcf_margin_change": -0.7042101718750728
    },
    {
      "date": "2022-03-31T00:00:00",
      "quarter_label": "2022-03 (Q1)",
      "revenue": 102366000,
      "gross_profit": null,
      "operating_income": -45650000,
      "net_income": -33172000,
      "opex": 148016000,
      "cogs": null,
      "rd": null,
      "sga": null,
      "fcf": -22299000,
      "ocf": -20893000,
      "capex": -1406000,
      "gross_margin": null,
      "op_margin": -0.44594885020416936,
      "fcf_margin": -0.21783600023445285,
      "incr_op_margin_yoy": 0.32576611749659223,
      "rev_growth_yoy": -0.36728702198542545,
      "rev_growth_yoy_accel": -0.007958270876488482,
      "fcf_margin_change": 0.994116582848682
    },
    {
      "date": "2022-06-30T00:00:00",
      "quarter_label": "2022-06 (Q2)",
      "revenue": 115793000,
      "gross_profit": null,
      "operating_income": -33176000,
      "net_income": -69029000,
      "opex": 148969000,
      "cogs": null,
      "rd": null,
      "sga": null,
      "fcf": 28225000,
      "ocf": 29179000,
      "capex": -954000,
      "gross_margin": null,
      "op_margin": -0.28651127442936963,
      "fcf_margin": 0.24375394022091146,
      "incr_op_margin_yoy": 0.009782910163636822,
      "rev_growth_yoy": -0.25513013495953785,
      "rev_growth_yoy_accel": 0.11215688702588761,
      "op_leverage_ratio": 20.372251009120024,
      "fcf_margin_change": 0.4615899404553643
    },
    {
      "date": "2022-09-30T00:00:00",
      "quarter_label": "2022-09 (Q3)",
      "revenue": 123788000,
      "gross_profit": null,
      "operating_income": -70782000,
      "net_income": -70884000,
      "opex": 194570000,
      "cogs": null,
      "rd": null,
      "sga": null,
      "fcf": -106784000,
      "ocf": -106218000,
      "capex": -566000,
      "gross_margin": null,
      "op_margin": -0.5718001744918731,
      "fcf_margin": -0.8626361198177529,
      "incr_op_margin_yoy": 1.3370558636270282,
      "rev_growth_yoy": -0.23935111220351482,
      "rev_growth_yoy_accel": 0.015779022756023026,
      "op_leverage_ratio": 0.22555772108205546,
      "fcf_margin_change": -1.1063900600386645
    },
    {
      "date": "2022-12-31T00:00:00",
      "quarter_label": "2022-12 (Q4)",
      "revenue": 113475000,
      "gross_profit": null,
      "operating_income": -305268000,
      "net_income": -296770000,
      "opex": 418743000,
      "cogs": null,
      "rd": null,
      "sga": null,
      "fcf": -75302000,
      "ocf": -75181000,
      "capex": -121000,
      "gross_margin": null,
      "op_margin": -2.6901784534038335,
      "fcf_margin": -0.6635999118748623,
      "incr_op_margin_yoy": 7.280625289147532,
      "rev_growth_yoy": -0.26574308934672325,
      "rev_growth_yoy_accel": -0.026391977143208428,
      "fcf_margin_change": 0.19903620794289056
    },
    {
      "date": "2023-03-31T00:00:00",
      "quarter_label": "2023-03 (Q1)",
      "revenue": 90320000,
      "gross_profit": null,
      "operating_income": 33256000,
      "net_income": 260878000,
      "opex": 54345000,
      "cogs": null,
      "rd": null,
      "sga": null,
      "fcf": -104318000,
      "ocf": -104164000,
      "capex": -154000,
      "gross_margin": null,
      "op_margin": 0.36820194862710365,
      "fcf_margin": -1.1549822852081488,
      "incr_op_margin_yoy": -6.550390171011124,
      "rev_growth_yoy": -0.11767579078991071,
      "rev_growth_yoy_accel": 0.14806729855681255,
      "fcf_margin_change": -0.4913823733332865
    },
    {
      "date": "2023-06-30T00:00:00",
      "quarter_label": "2023-06 (Q2)",
      "revenue": 73542000,
      "gross_profit": null,
      "operating_income": 21592000,
      "net_income": 17779000,
      "opex": 51950000,
      "cogs": null,
      "rd": null,
      "sga": null,
      "fcf": -128778000,
      "ocf": -128659000,
      "capex": -119000,
      "gross_margin": null,
      "op_margin": 0.293600935519839,
      "fcf_margin": -1.751081014930244,
      "incr_op_margin_yoy": -1.2962533431161392,
      "rev_growth_yoy": -0.36488388762705865,
      "rev_growth_yoy_accel": -0.24720809683714795,
      "fcf_margin_change": -0.5960987297220952
    },
    {
      "date": "2023-09-30T00:00:00",
      "quarter_label": "2023-09 (Q3)",
      "revenue": 52532000,
      "gross_profit": null,
      "operating_income": 18294000,
      "net_income": 10568000,
      "opex": 34238000,
      "cogs": null,
      "rd": null,
      "sga": null,
      "fcf": 48011000,
      "ocf": 47934000,
      "capex": 77000,
      "gross_margin": null,
      "op_margin": 0.34824487931165765,
      "fcf_margin": 0.913938171019569,
      "incr_op_margin_yoy": -1.2500842034355002,
      "rev_growth_yoy": -0.5756293017093741,
      "rev_growth_yoy_accel": -0.21074541408231545,
      "fcf_margin_change": 2.665019185949813
    },
    {
      "date": "2023-12-31T00:00:00",
      "quarter_label": "2023-12 (Q4)",
      "revenue": 73394000,
      "gross_profit": null,
      "operating_income": 15003000,
      "net_income": 14284000,
      "opex": 58391000,
      "cogs": null,
      "rd": null,
      "sga": null,
      "fcf": 48886000,
      "ocf": 48886000,
      "capex": null,
      "gross_margin": null,
      "op_margin": 0.20441725481647002,
      "fcf_margin": 0.6660762460146606,
      "incr_op_margin_yoy": -7.9905940470547145,
      "rev_growth_yoy": -0.35321436439744436,
      "rev_growth_yoy_accel": 0.22241493731192974,
      "op_leverage_ratio": 0.5629493366372789,
      "fcf_margin_change": -0.24786192500490833
    },
    {
      "date": "2024-03-31T00:00:00",
      "quarter_label": "2024-03 (Q1)",
      "revenue": 73204000,
      "gross_profit": null,
      "operating_income": 30404000,
      "net_income": 23599000,
      "opex": 42800000,
      "cogs": null,
      "rd": null,
      "sga": null,
      "fcf": 124484000,
      "ocf": 124484000,
      "capex": null,
      "gross_margin": null,
      "op_margin": 0.4153324954920496,
      "fcf_margin": 1.7005081689525163,
      "incr_op_margin_yoy": 0.16662771675625146,
      "rev_growth_yoy": -0.18950398582816652,
      "rev_growth_yoy_accel": 0.16371037856927784,
      "fcf_margin_change": 1.0344319229378556
    },
    {
      "date": "2024-06-30T00:00:00",
      "quarter_label": "2024-06 (Q2)",
      "revenue": 68656000,
      "gross_profit": null,
      "operating_income": 24076000,
      "net_income": 19054000,
      "opex": 44580000,
      "cogs": null,
      "rd": null,
      "sga": null,
      "fcf": 126402000,
      "ocf": 126402000,
      "capex": null,
      "gross_margin": null,
      "op_margin": 0.3506758331391284,
      "fcf_margin": 1.8410918200885575,
      "incr_op_margin_yoy": -0.5083913221449038,
      "rev_growth_yoy": -0.06643822577574719,
      "rev_growth_yoy_accel": 0.12306576005241933,
      "fcf_margin_change": 0.1405836511360412
    },
    {
      "date": "2024-09-30T00:00:00",
      "quarter_label": "2024-09 (Q3)",
      "revenue": 82136000,
      "gross_profit": null,
      "operating_income": 36064000,
      "net_income": 28119000,
      "opex": 46072000,
      "cogs": null,
      "rd": null,
      "sga": null,
      "fcf": -8990000,
      "ocf": -8979000,
      "capex": -11000,
      "gross_margin": null,
      "op_margin": 0.4390766533554105,
      "fcf_margin": -0.10945261517483199,
      "incr_op_margin_yoy": 0.6002567220645859,
      "rev_growth_yoy": 0.5635422218838042,
      "rev_growth_yoy_accel": 0.6299804476595514,
      "op_leverage_ratio": 5.866548102737633,
      "fcf_margin_change": -1.9505444352633896
    },
    {
      "date": "2024-12-31T00:00:00",
      "quarter_label": "2024-12 (Q4)",
      "revenue": 79267000,
      "gross_profit": null,
      "operating_income": 8898000,
      "net_income": 4946000,
      "opex": 70369000,
      "cogs": null,
      "rd": null,
      "sga": null,
      "fcf": 1591000,
      "ocf": 1602000,
      "capex": -11000,
      "gross_margin": null,
      "op_margin": 0.11225352290360427,
      "fcf_margin": 0.020071404241361473,
      "incr_op_margin_yoy": -1.0395028094670526,
      "rev_growth_yoy": 0.08002016513611467,
      "rev_growth_yoy_accel": -0.48352205674768955,
      "fcf_margin_change": 0.12952401941619346
    },
    {
      "date": "2025-03-31T00:00:00",
      "quarter_label": "2025-03 (Q1)",
      "revenue": 72202000,
      "gross_profit": null,
      "operating_income": 25124000,
      "net_income": 21348000,
      "opex": 47078000,
      "cogs": null,
      "rd": null,
      "sga": null,
      "fcf": 26347000,
      "ocf": 26443000,
      "capex": -96000,
      "gross_margin": null,
      "op_margin": 0.34796820032686077,
      "fcf_margin": 0.3649067892856154,
      "incr_op_margin_yoy": 5.269461077844311,
      "rev_growth_yoy": -0.013687776624228183,
      "rev_growth_yoy_accel": -0.09370794176034285,
      "fcf_margin_change": 0.34483538504425393
    },
    {
      "date": "2025-06-30T00:00:00",
      "quarter_label": "2025-06 (Q2)",
      "revenue": 86467000,
      "gross_profit": null,
      "operating_income": 36173000,
      "net_income": 26442000,
      "opex": 50294000,
      "cogs": null,
      "rd": null,
      "sga": null,
      "fcf": 127949000,
      "ocf": 127949000,
      "capex": null,
      "gross_margin": null,
      "op_margin": 0.4183445707610996,
      "fcf_margin": 1.4797437172562944,
      "incr_op_margin_yoy": 0.679187019257762,
      "rev_growth_yoy": 0.2594237939874155,
      "rev_growth_yoy_accel": 0.2731115706116437,
      "op_leverage_ratio": 2.8921746338113596,
      "fcf_margin_change": 1.114836927970679
    },
    {
      "date": "2025-09-30T00:00:00",
      "quarter_label": "2025-09 (Q3)",
      "revenue": 90395000,
      "gross_profit": null,
      "operating_income": 41705000,
      "net_income": 32483000,
      "opex": 48690000,
      "cogs": null,
      "rd": null,
      "sga": null,
      "fcf": -35615000,
      "ocf": -35615000,
      "capex": null,
      "gross_margin": null,
      "op_margin": 0.4613640134963217,
      "fcf_margin": -0.393993030587975,
      "incr_op_margin_yoy": 0.683012471243492,
      "rev_growth_yoy": 0.1005527417940976,
      "rev_growth_yoy_accel": -0.1588710521933179,
      "op_leverage_ratio": Infinity,
      "fcf_margin_change": -1.8737367478442695
    }
  ],
  "signals": [
    {
      "quarter": "2025-09 (Q3)",
      "signal": "YoY REVENUE GROWTH DECELERATION",
      "detail": "YoY growth: +10.1% vs prior quarter YoY: +25.9% (decel: -15.9%)",
      "severity": "WARNING"
    },
    {
      "quarter": "2025-09 (Q3)",
      "signal": "INCREMENTAL MARGIN (YoY)",
      "detail": "YoY Incr OPM: +68.3% vs year-ago OPM: +43.9%",
      "severity": "HIGH"
    },
    {
      "quarter": "2025-06 (Q2)",
      "signal": "FCF MARGIN EXPANSION",
      "detail": "FCF margin: +36.5% -> +148.0% (+111.5%)",
      "severity": "MEDIUM"
    },
    {
      "quarter": "2025-06 (Q2)",
      "signal": "OPERATING LEVERAGE",
      "detail": "Rev growth +19.8% vs OpEx growth +6.8% (leverage: 2.9x)",
      "severity": "MEDIUM"
    },
    {
      "quarter": "2025-06 (Q2)",
      "signal": "YoY REVENUE GROWTH ACCELERATION",
      "detail": "YoY growth: +25.9% vs prior quarter YoY: -1.4% (accel: +27.3%)",
      "severity": "HIGH"
    },
    {
      "quarter": "2025-06 (Q2)",
      "signal": "INCREMENTAL MARGIN (YoY)",
      "detail": "YoY Incr OPM: +67.9% vs year-ago OPM: +35.1%",
      "severity": "HIGH"
    },
    {
      "quarter": "2025-03 (Q1)",
      "signal": "FCF MARGIN EXPANSION",
      "detail": "FCF margin: +2.0% -> +36.5% (+34.5%)",
      "severity": "MEDIUM"
    },
    {
      "quarter": "2025-03 (Q1)",
      "signal": "YoY REVENUE GROWTH DECELERATION",
      "detail": "YoY growth: -1.4% vs prior quarter YoY: +8.0% (decel: -9.4%)",
      "severity": "WARNING"
    },
    {
      "quarter": "2025-03 (Q1)",
      "signal": "INCREMENTAL MARGIN (YoY)",
      "detail": "YoY Incr OPM: +526.9% vs year-ago OPM: +41.5%",
      "severity": "HIGH"
    },
    {
      "quarter": "2024-12 (Q4)",
      "signal": "FCF TURNED POSITIVE",
      "detail": "FCF margin: -10.9% -> +2.0%",
      "severity": "HIGH"
    },
    {
      "quarter": "2024-12 (Q4)",
      "signal": "YoY REVENUE GROWTH DECELERATION",
      "detail": "YoY growth: +8.0% vs prior quarter YoY: +56.4% (decel: -48.4%)",
      "severity": "WARNING"
    },
    {
      "quarter": "2024-09 (Q3)",
      "signal": "OPERATING LEVERAGE",
      "detail": "Rev growth +19.6% vs OpEx growth +3.3% (leverage: 5.9x)",
      "severity": "MEDIUM"
    },
    {
      "quarter": "2024-09 (Q3)",
      "signal": "YoY REVENUE GROWTH ACCELERATION",
      "detail": "YoY growth: +56.4% vs prior quarter YoY: -6.6% (accel: +63.0%)",
      "severity": "HIGH"
    },
    {
      "quarter": "2024-09 (Q3)",
      "signal": "INCREMENTAL MARGIN (YoY)",
      "detail": "YoY Incr OPM: +60.0% vs year-ago OPM: +34.8%",
      "severity": "HIGH"
    },
    {
      "quarter": "2024-06 (Q2)",
      "signal": "FCF MARGIN EXPANSION",
      "detail": "FCF margin: +170.1% -> +184.1% (+14.1%)",
      "severity": "MEDIUM"
    },
    {
      "quarter": "2024-06 (Q2)",
      "signal": "YoY REVENUE GROWTH ACCELERATION",
      "detail": "YoY growth: -6.6% vs prior quarter YoY: -19.0% (accel: +12.3%)",
      "severity": "MEDIUM"
    },
    {
      "quarter": "2024-03 (Q1)",
      "signal": "FCF MARGIN EXPANSION",
      "detail": "FCF margin: +66.6% -> +170.1% (+103.4%)",
      "severity": "MEDIUM"
    },
    {
      "quarter": "2024-03 (Q1)",
      "signal": "YoY REVENUE GROWTH ACCELERATION",
      "detail": "YoY growth: -19.0% vs prior quarter YoY: -35.3% (accel: +16.4%)",
      "severity": "HIGH"
    },
    {
      "quarter": "2023-12 (Q4)",
      "signal": "YoY REVENUE GROWTH ACCELERATION",
      "detail": "YoY growth: -35.3% vs prior quarter YoY: -57.6% (accel: +22.2%)",
      "severity": "HIGH"
    },
    {
      "quarter": "2023-12 (Q4)",
      "signal": "OP MARGIN TURNED POSITIVE (YoY)",
      "detail": "Op margin: -269.0% (year-ago) -> +20.4%",
      "severity": "HIGH"
    },
    {
      "quarter": "2023-09 (Q3)",
      "signal": "FCF TURNED POSITIVE",
      "detail": "FCF margin: -175.1% -> +91.4%",
      "severity": "HIGH"
    },
    {
      "quarter": "2023-09 (Q3)",
      "signal": "YoY REVENUE GROWTH DECELERATION",
      "detail": "YoY growth: -57.6% vs prior quarter YoY: -36.5% (decel: -21.1%)",
      "severity": "WARNING"
    },
    {
      "quarter": "2023-09 (Q3)",
      "signal": "OP MARGIN TURNED POSITIVE (YoY)",
      "detail": "Op margin: -57.2% (year-ago) -> +34.8%",
      "severity": "HIGH"
    },
    {
      "quarter": "2023-06 (Q2)",
      "signal": "YoY REVENUE GROWTH DECELERATION",
      "detail": "YoY growth: -36.5% vs prior quarter YoY: -11.8% (decel: -24.7%)",
      "severity": "WARNING"
    },
    {
      "quarter": "2023-06 (Q2)",
      "signal": "OP MARGIN TURNED POSITIVE (YoY)",
      "detail": "Op margin: -28.7% (year-ago) -> +29.4%",
      "severity": "HIGH"
    },
    {
      "quarter": "2023-03 (Q1)",
      "signal": "YoY REVENUE GROWTH ACCELERATION",
      "detail": "YoY growth: -11.8% vs prior quarter YoY: -26.6% (accel: +14.8%)",
      "severity": "MEDIUM"
    },
    {
      "quarter": "2023-03 (Q1)",
      "signal": "OP MARGIN TURNED POSITIVE (YoY)",
      "detail": "Op margin: -44.6% (year-ago) -> +36.8%",
      "severity": "HIGH"
    },
    {
      "quarter": "2023-03 (Q1)",
      "signal": "OP MARGIN TURNED POSITIVE (QoQ)",
      "detail": "Op margin: -269.0% -> +36.8%",
      "severity": "HIGH"
    },
    {
      "quarter": "2022-12 (Q4)",
      "signal": "FCF MARGIN EXPANSION",
      "detail": "FCF margin: -86.3% -> -66.4% (+19.9%)",
      "severity": "MEDIUM"
    },
    {
      "quarter": "2022-06 (Q2)",
      "signal": "FCF TURNED POSITIVE",
      "detail": "FCF margin: -21.8% -> +24.4%",
      "severity": "HIGH"
    },
    {
      "quarter": "2022-06 (Q2)",
      "signal": "OPERATING LEVERAGE",
      "detail": "Rev growth +13.1% vs OpEx growth +0.6% (leverage: 20.4x)",
      "severity": "MEDIUM"
    },
    {
      "quarter": "2022-06 (Q2)",
      "signal": "YoY REVENUE GROWTH ACCELERATION",
      "detail": "YoY growth: -25.5% vs prior quarter YoY: -36.7% (accel: +11.2%)",
      "severity": "MEDIUM"
    },
    {
      "quarter": "2022-03 (Q1)",
      "signal": "FCF MARGIN EXPANSION",
      "detail": "FCF margin: -121.2% -> -21.8% (+99.4%)",
      "severity": "MEDIUM"
    },
    {
      "quarter": "2021-06 (Q2)",
      "signal": "FCF TURNED POSITIVE",
      "detail": "FCF margin: -41.7% -> +23.7%",
      "severity": "HIGH"
    },
    {
      "quarter": "2021-03 (Q1)",
      "signal": "FCF MARGIN EXPANSION",
      "detail": "FCF margin: -73.1% -> -41.7% (+31.4%)",
      "severity": "MEDIUM"
    }
  ],
  "data_quality": {
    "n_quarters": 20,
    "coverage": {
      "revenue": [
        20,
        20
      ],
      "gross_profit": [
        0,
        20
      ],
      "op_income": [
        20,
        20
      ],
      "fcf": [
        20,
        20
      ]
    },
    "gaps": [],
    "warnings": [
      "gross_profit: no data"
    ]
  },
  "market_cap": null,
  "source": "SEC EDGAR",
  "last_updated": "2026-02-02T22:22:42.735825"
}