{
  "ticker": "ACM",
  "name": "AECOM",
  "sector": "Industrials",
  "industry": "Engineering & Construction",
  "quarters": [
    {
      "date": "2021-03-31T00:00:00",
      "quarter_label": "2021-03 (Q1)",
      "revenue": 3265573000,
      "gross_profit": 195259000,
      "operating_income": 157663000,
      "net_income": 39359000,
      "opex": 37596000,
      "cogs": 3070314000,
      "rd": null,
      "sga": null,
      "fcf": 2787000,
      "ocf": 59150000,
      "capex": -56363000,
      "gross_margin": 0.05979318177851176,
      "op_margin": 0.048280347736829037,
      "fcf_margin": 0.000853448996546701
    },
    {
      "date": "2021-06-30T00:00:00",
      "quarter_label": "2021-06 (Q2)",
      "revenue": 3408357000,
      "gross_profit": 201534000,
      "operating_income": 160493000,
      "net_income": 11531000,
      "opex": 41041000,
      "cogs": 3206823000,
      "rd": null,
      "sga": null,
      "fcf": 294996000,
      "ocf": 320334000,
      "capex": -25338000,
      "gross_margin": 0.05912936937063811,
      "op_margin": 0.047088083789344835,
      "fcf_margin": 0.08655079265464269,
      "op_leverage_ratio": 0.47716937469016757,
      "fcf_margin_change": 0.08569734365809599
    },
    {
      "date": "2021-09-30T00:00:00",
      "quarter_label": "2021-09 (Q3)",
      "revenue": 3353800000,
      "gross_profit": 217200000,
      "operating_income": 170300000,
      "net_income": 96200000,
      "opex": 46900000,
      "cogs": 3136600000,
      "rd": null,
      "sga": null,
      "fcf": 294423000,
      "ocf": 318082000,
      "capex": -23659000,
      "gross_margin": 0.0647623591150337,
      "op_margin": 0.0507782217186475,
      "fcf_margin": 0.0877878824020514,
      "fcf_margin_change": 0.001237089747408715
    },
    {
      "date": "2021-12-31T00:00:00",
      "quarter_label": "2021-12 (Q4)",
      "revenue": 3266716000,
      "gross_profit": 200204000,
      "operating_income": 168282000,
      "net_income": 61548000,
      "opex": 31922000,
      "cogs": 3066512000,
      "rd": null,
      "sga": null,
      "fcf": 162190000,
      "ocf": 194855000,
      "capex": -32665000,
      "gross_margin": 0.06128601323163691,
      "op_margin": 0.051514119990840955,
      "fcf_margin": 0.04964925019499705,
      "fcf_margin_change": -0.03813863220705435
    },
    {
      "date": "2022-03-31T00:00:00",
      "quarter_label": "2022-03 (Q1)",
      "revenue": 3213658000,
      "gross_profit": 209952000,
      "operating_income": 111481000,
      "net_income": 41557000,
      "opex": 98471000,
      "cogs": 3003706000,
      "rd": null,
      "sga": null,
      "fcf": -17451000,
      "ocf": -1627000,
      "capex": -15824000,
      "gross_margin": 0.0653311584493434,
      "op_margin": 0.03468975230096046,
      "fcf_margin": -0.005430260469533472,
      "incr_op_margin_yoy": 0.8895694885871136,
      "rev_growth_yoy": -0.01589766941360674,
      "fcf_margin_change": -0.055079510664530526
    },
    {
      "date": "2022-06-30T00:00:00",
      "quarter_label": "2022-06 (Q2)",
      "revenue": 3241695000,
      "gross_profit": 220550000,
      "operating_income": 183009000,
      "net_income": 101888000,
      "opex": 37541000,
      "cogs": 3021145000,
      "rd": null,
      "sga": null,
      "fcf": 182835000,
      "ocf": 204840000,
      "capex": -22005000,
      "gross_margin": 0.06803539506338505,
      "op_margin": 0.056454725074382386,
      "fcf_margin": 0.05640104945098166,
      "incr_op_margin_yoy": -0.13509978279391824,
      "rev_growth_yoy": -0.04889804677150897,
      "rev_growth_yoy_accel": -0.03300037735790223,
      "fcf_margin_change": 0.06183130992051514
    },
    {
      "date": "2022-09-30T00:00:00",
      "quarter_label": "2022-09 (Q3)",
      "revenue": 3426100000,
      "gross_profit": 217300000,
      "operating_income": 184000000,
      "net_income": 105600000,
      "opex": 33300000,
      "cogs": 3208800000,
      "rd": null,
      "sga": null,
      "fcf": 249045000,
      "ocf": 315568000,
      "capex": -66523000,
      "gross_margin": 0.0634248854382534,
      "op_margin": 0.05370537929424127,
      "fcf_margin": 0.07269052275181694,
      "incr_op_margin_yoy": 0.18948824343015214,
      "rev_growth_yoy": 0.02155763611425845,
      "rev_growth_yoy_accel": 0.07045568288576742,
      "op_leverage_ratio": null,
      "fcf_margin_change": 0.016289473300835272
    },
    {
      "date": "2022-12-31T00:00:00",
      "quarter_label": "2022-12 (Q4)",
      "revenue": 3382355000,
      "gross_profit": 214988000,
      "operating_income": 151746000,
      "net_income": 87945000,
      "opex": 63242000,
      "cogs": 3167367000,
      "rd": null,
      "sga": null,
      "fcf": 83645000,
      "ocf": 120014000,
      "capex": -36369000,
      "gross_margin": 0.06356163087552903,
      "op_margin": 0.04486400747408241,
      "fcf_margin": 0.024729811034028066,
      "incr_op_margin_yoy": -0.14299673985420144,
      "rev_growth_yoy": 0.03539915927800274,
      "rev_growth_yoy_accel": 0.013841523163744287,
      "fcf_margin_change": -0.04796071171778887
    },
    {
      "date": "2023-03-31T00:00:00",
      "quarter_label": "2023-03 (Q1)",
      "revenue": 3490172000,
      "gross_profit": 228094000,
      "operating_income": 197430000,
      "net_income": 76615000,
      "opex": 30664000,
      "cogs": 3262078000,
      "rd": null,
      "sga": null,
      "fcf": -21009000,
      "ocf": 11441000,
      "capex": -32450000,
      "gross_margin": 0.06535322614472869,
      "op_margin": 0.056567412723499015,
      "fcf_margin": -0.0060194741118775805,
      "incr_op_margin_yoy": 0.310830554691625,
      "rev_growth_yoy": 0.08604338109406788,
      "rev_growth_yoy_accel": 0.05064422181606514,
      "op_leverage_ratio": null,
      "fcf_margin_change": -0.030749285145905646
    },
    {
      "date": "2023-06-30T00:00:00",
      "quarter_label": "2023-06 (Q2)",
      "revenue": 3663549000,
      "gross_profit": 250078000,
      "operating_income": -105423000,
      "net_income": -134701000,
      "opex": 355501000,
      "cogs": 3413471000,
      "rd": null,
      "sga": null,
      "fcf": 264866000,
      "ocf": 279340000,
      "capex": -14474000,
      "gross_margin": 0.06826113148752753,
      "op_margin": -0.028776194886433893,
      "fcf_margin": 0.07229765454208474,
      "incr_op_margin_yoy": -0.6837247009628924,
      "rev_growth_yoy": 0.13013377260969955,
      "rev_growth_yoy_accel": 0.04409039151563167,
      "op_leverage_ratio": 0.004689299474913685,
      "fcf_margin_change": 0.07831712865396231
    },
    {
      "date": "2023-09-30T00:00:00",
      "quarter_label": "2023-09 (Q3)",
      "revenue": 3842385000,
      "gross_profit": 252305000,
      "operating_income": 80381000,
      "net_income": 25473000,
      "opex": 171924000,
      "cogs": 3590080000,
      "rd": null,
      "sga": null,
      "fcf": 262878000,
      "ocf": 285185000,
      "capex": -22307000,
      "gross_margin": 0.06566364380456409,
      "op_margin": 0.020919559075938513,
      "fcf_margin": 0.06841532017223677,
      "incr_op_margin_yoy": -0.24891360486205363,
      "rev_growth_yoy": 0.12150404249730014,
      "rev_growth_yoy_accel": -0.008629730112399411,
      "op_leverage_ratio": null,
      "fcf_margin_change": -0.003882334369847973
    },
    {
      "date": "2023-12-31T00:00:00",
      "quarter_label": "2023-12 (Q4)",
      "revenue": 3899920000,
      "gross_profit": 243970000,
      "operating_income": 163125000,
      "net_income": 94438000,
      "opex": 80845000,
      "cogs": 3655950000,
      "rd": null,
      "sga": null,
      "fcf": 86818000,
      "ocf": 143063000,
      "capex": -56245000,
      "gross_margin": 0.06255769349114854,
      "op_margin": 0.04182778108268888,
      "fcf_margin": 0.02226148228681614,
      "incr_op_margin_yoy": 0.021985644315206786,
      "rev_growth_yoy": 0.15301912424922873,
      "rev_growth_yoy_accel": 0.03151508175192859,
      "op_leverage_ratio": null,
      "fcf_margin_change": -0.04615383788542063
    },
    {
      "date": "2024-03-31T00:00:00",
      "quarter_label": "2024-03 (Q1)",
      "revenue": 3943833000,
      "gross_profit": 261174000,
      "operating_income": 200482000,
      "net_income": 1007000,
      "opex": 60692000,
      "cogs": 3682659000,
      "rd": null,
      "sga": null,
      "fcf": 73866000,
      "ocf": 94355000,
      "capex": -20489000,
      "gross_margin": 0.06622339231909667,
      "op_margin": 0.05083430256808541,
      "fcf_margin": 0.018729494884798623,
      "incr_op_margin_yoy": 0.00672749035072444,
      "rev_growth_yoy": 0.12998241920455497,
      "rev_growth_yoy_accel": -0.023036705044673755,
      "op_leverage_ratio": null,
      "fcf_margin_change": -0.003531987402017517
    },
    {
      "date": "2024-06-30T00:00:00",
      "quarter_label": "2024-06 (Q2)",
      "revenue": 4151251000,
      "gross_profit": 285044000,
      "operating_income": 227457000,
      "net_income": 134273000,
      "opex": 57587000,
      "cogs": 3866207000,
      "rd": null,
      "sga": null,
      "fcf": 272750000,
      "ocf": 291296000,
      "capex": -18546000,
      "gross_margin": 0.06866460254993013,
      "op_margin": 0.0547923987251072,
      "fcf_margin": 0.06570308564815763,
      "incr_op_margin_yoy": 0.6825479493625205,
      "rev_growth_yoy": 0.13312282707287387,
      "rev_growth_yoy_accel": 0.0031404078683189007,
      "op_leverage_ratio": null,
      "fcf_margin_change": 0.04697359076335901
    },
    {
      "date": "2024-09-30T00:00:00",
      "quarter_label": "2024-09 (Q3)",
      "revenue": 4110494000,
      "gross_profit": 294153000,
      "operating_income": 236378000,
      "net_income": 172548000,
      "opex": 57775000,
      "cogs": 3816341000,
      "rd": null,
      "sga": null,
      "fcf": 274459000,
      "ocf": 298776000,
      "capex": -24317000,
      "gross_margin": 0.07156147168685807,
      "op_margin": 0.05750598346573429,
      "fcf_margin": 0.06677032006371983,
      "incr_op_margin_yoy": 0.5818417136313961,
      "rev_growth_yoy": 0.06977671420224678,
      "rev_growth_yoy_accel": -0.0633461128706271,
      "fcf_margin_change": 0.001067234415562196
    },
    {
      "date": "2024-12-31T00:00:00",
      "quarter_label": "2024-12 (Q4)",
      "revenue": 4014152000,
      "gross_profit": 268404000,
      "operating_income": 237498000,
      "net_income": 167042000,
      "opex": 30906000,
      "cogs": 3745748000,
      "rd": null,
      "sga": null,
      "fcf": 110874000,
      "ocf": 151089000,
      "capex": -40215000,
      "gross_margin": 0.06686443363380361,
      "op_margin": 0.05916517361574748,
      "fcf_margin": 0.02762077768853795,
      "incr_op_margin_yoy": 0.6510697527838084,
      "rev_growth_yoy": 0.029290857248353813,
      "rev_growth_yoy_accel": -0.040485856953892965,
      "fcf_margin_change": -0.03914954237518188
    },
    {
      "date": "2025-03-31T00:00:00",
      "quarter_label": "2025-03 (Q1)",
      "revenue": 3771613000,
      "gross_profit": 290761000,
      "operating_income": 257571000,
      "net_income": 143394000,
      "opex": 33190000,
      "cogs": 3480852000,
      "rd": null,
      "sga": null,
      "fcf": 178276000,
      "ocf": 190658000,
      "capex": -12382000,
      "gross_margin": 0.07709194978381928,
      "op_margin": 0.0682920013267533,
      "fcf_margin": 0.04726784004615532,
      "incr_op_margin_yoy": -0.33148879340378584,
      "rev_growth_yoy": -0.04366817763328214,
      "rev_growth_yoy_accel": -0.07295903488163595,
      "fcf_margin_change": 0.01964706235761737
    },
    {
      "date": "2025-06-30T00:00:00",
      "quarter_label": "2025-06 (Q2)",
      "revenue": 4178440000,
      "gross_profit": 326950000,
      "operating_income": 294077000,
      "net_income": 130966000,
      "opex": 32873000,
      "cogs": 3851490000,
      "rd": null,
      "sga": null,
      "fcf": 261683000,
      "ocf": 283725000,
      "capex": -22042000,
      "gross_margin": 0.07824690554369573,
      "op_margin": 0.07037961535884206,
      "fcf_margin": 0.06262696125826864,
      "incr_op_margin_yoy": 2.4502556180808415,
      "rev_growth_yoy": 0.0065495919181952625,
      "rev_growth_yoy_accel": 0.0502177695514774,
      "op_leverage_ratio": null,
      "fcf_margin_change": 0.015359121212113316
    },
    {
      "date": "2025-09-30T00:00:00",
      "quarter_label": "2025-09 (Q3)",
      "revenue": 4175417000,
      "gross_profit": 330598000,
      "operating_income": 237376000,
      "net_income": 120372000,
      "opex": 93222000,
      "cogs": 3844819000,
      "rd": null,
      "sga": null,
      "fcf": 134094000,
      "ocf": 196130000,
      "capex": -62036000,
      "gross_margin": 0.07917724145875729,
      "op_margin": 0.05685084866972568,
      "fcf_margin": 0.032115115687846266,
      "incr_op_margin_yoy": 0.015372056128028588,
      "rev_growth_yoy": 0.01579445195638286,
      "rev_growth_yoy_accel": 0.009244860038187596,
      "fcf_margin_change": -0.030511845570422372
    },
    {
      "date": "2025-12-31T00:00:00",
      "quarter_label": "2025-12 (Q4)",
      "revenue": 3830834000,
      "gross_profit": 280990000,
      "operating_income": 222045000,
      "net_income": 74520000,
      "opex": 58945000,
      "cogs": 3549844000,
      "rd": null,
      "sga": null,
      "fcf": 41901000,
      "ocf": 70219000,
      "capex": -28318000,
      "gross_margin": 0.07334956304554048,
      "op_margin": 0.05796257420707867,
      "fcf_margin": 0.01093782711545319,
      "incr_op_margin_yoy": 0.08429614113180375,
      "rev_growth_yoy": -0.04566792687471725,
      "rev_growth_yoy_accel": -0.061462378831100103,
      "fcf_margin_change": -0.021177288572393076
    }
  ],
  "signals": [
    {
      "quarter": "2025-12 (Q4)",
      "signal": "YoY REVENUE GROWTH DECELERATION",
      "detail": "YoY growth: -4.6% vs prior quarter YoY: +1.6% (decel: -6.1%)",
      "severity": "WARNING"
    },
    {
      "quarter": "2025-06 (Q2)",
      "signal": "YoY REVENUE GROWTH ACCELERATION",
      "detail": "YoY growth: +0.7% vs prior quarter YoY: -4.4% (accel: +5.0%)",
      "severity": "MEDIUM"
    },
    {
      "quarter": "2025-06 (Q2)",
      "signal": "INCREMENTAL MARGIN (YoY)",
      "detail": "YoY Incr OPM: +245.0% vs year-ago OPM: +5.5%",
      "severity": "HIGH"
    },
    {
      "quarter": "2025-03 (Q1)",
      "signal": "YoY REVENUE GROWTH DECELERATION",
      "detail": "YoY growth: -4.4% vs prior quarter YoY: +2.9% (decel: -7.3%)",
      "severity": "WARNING"
    },
    {
      "quarter": "2024-12 (Q4)",
      "signal": "INCREMENTAL MARGIN (YoY)",
      "detail": "YoY Incr OPM: +65.1% vs year-ago OPM: +4.2%",
      "severity": "HIGH"
    },
    {
      "quarter": "2024-09 (Q3)",
      "signal": "YoY REVENUE GROWTH DECELERATION",
      "detail": "YoY growth: +7.0% vs prior quarter YoY: +13.3% (decel: -6.3%)",
      "severity": "WARNING"
    },
    {
      "quarter": "2024-09 (Q3)",
      "signal": "INCREMENTAL MARGIN (YoY)",
      "detail": "YoY Incr OPM: +58.2% vs year-ago OPM: +2.1%",
      "severity": "HIGH"
    },
    {
      "quarter": "2024-06 (Q2)",
      "signal": "OP MARGIN TURNED POSITIVE (YoY)",
      "detail": "Op margin: -2.9% (year-ago) -> +5.5%",
      "severity": "HIGH"
    },
    {
      "quarter": "2023-09 (Q3)",
      "signal": "OP MARGIN TURNED POSITIVE (QoQ)",
      "detail": "Op margin: -2.9% -> +2.1%",
      "severity": "HIGH"
    },
    {
      "quarter": "2023-06 (Q2)",
      "signal": "FCF TURNED POSITIVE",
      "detail": "FCF margin: -0.6% -> +7.2%",
      "severity": "HIGH"
    },
    {
      "quarter": "2023-03 (Q1)",
      "signal": "YoY REVENUE GROWTH ACCELERATION",
      "detail": "YoY growth: +8.6% vs prior quarter YoY: +3.5% (accel: +5.1%)",
      "severity": "MEDIUM"
    },
    {
      "quarter": "2023-03 (Q1)",
      "signal": "INCREMENTAL MARGIN (YoY)",
      "detail": "YoY Incr OPM: +31.1% vs year-ago OPM: +3.5%",
      "severity": "HIGH"
    },
    {
      "quarter": "2022-09 (Q3)",
      "signal": "YoY REVENUE GROWTH ACCELERATION",
      "detail": "YoY growth: +2.2% vs prior quarter YoY: -4.9% (accel: +7.0%)",
      "severity": "MEDIUM"
    },
    {
      "quarter": "2022-09 (Q3)",
      "signal": "INCREMENTAL MARGIN (YoY)",
      "detail": "YoY Incr OPM: +18.9% vs year-ago OPM: +5.1%",
      "severity": "MEDIUM"
    },
    {
      "quarter": "2022-06 (Q2)",
      "signal": "FCF TURNED POSITIVE",
      "detail": "FCF margin: -0.5% -> +5.6%",
      "severity": "HIGH"
    },
    {
      "quarter": "2022-03 (Q1)",
      "signal": "INCREMENTAL MARGIN (YoY)",
      "detail": "YoY Incr OPM: +89.0% vs year-ago OPM: +4.8%",
      "severity": "HIGH"
    },
    {
      "quarter": "2021-06 (Q2)",
      "signal": "FCF MARGIN EXPANSION",
      "detail": "FCF margin: +0.1% -> +8.7% (+8.6%)",
      "severity": "MEDIUM"
    }
  ],
  "data_quality": {
    "n_quarters": 20,
    "coverage": {
      "revenue": [
        20,
        20
      ],
      "gross_profit": [
        20,
        20
      ],
      "op_income": [
        20,
        20
      ],
      "fcf": [
        20,
        20
      ]
    },
    "gaps": [],
    "warnings": []
  },
  "market_cap": null,
  "source": "SEC EDGAR",
  "last_updated": "2026-02-13T11:45:06.231917"
}