{
  "ticker": "ACR-PC",
  "name": "ACRES COMMERCIAL REALTY CORP.",
  "quarters": [
    {
      "date": "2020-12-31T00:00:00",
      "quarter_label": "2020-12 (Q4)",
      "revenue": 9052000,
      "gross_profit": null,
      "operating_income": null,
      "net_income": null,
      "opex": -14194000,
      "cogs": null,
      "rd": null,
      "sga": null,
      "fcf": 11521000,
      "ocf": 11521000,
      "capex": null,
      "gross_margin": null,
      "op_margin": null,
      "fcf_margin": 1.272757401679187
    },
    {
      "date": "2021-03-31T00:00:00",
      "quarter_label": "2021-03 (Q1)",
      "revenue": 12695000,
      "gross_profit": null,
      "operating_income": null,
      "net_income": null,
      "opex": 732000,
      "cogs": null,
      "rd": null,
      "sga": null,
      "fcf": 9486000,
      "ocf": 9486000,
      "capex": null,
      "gross_margin": null,
      "op_margin": null,
      "fcf_margin": 0.7472233162662466,
      "op_leverage_ratio": Infinity,
      "fcf_margin_change": -0.5255340854129403
    },
    {
      "date": "2021-06-30T00:00:00",
      "quarter_label": "2021-06 (Q2)",
      "revenue": 9839000,
      "gross_profit": null,
      "operating_income": null,
      "net_income": null,
      "opex": -3581000,
      "cogs": null,
      "rd": null,
      "sga": null,
      "fcf": 14158000,
      "ocf": 14158000,
      "capex": null,
      "gross_margin": null,
      "op_margin": null,
      "fcf_margin": 1.4389673747332046,
      "fcf_margin_change": 0.691744058466958
    },
    {
      "date": "2021-09-30T00:00:00",
      "quarter_label": "2021-09 (Q3)",
      "revenue": 12096000,
      "gross_profit": null,
      "operating_income": null,
      "net_income": null,
      "opex": 8089000,
      "cogs": null,
      "rd": null,
      "sga": null,
      "fcf": 1850000,
      "ocf": 1850000,
      "capex": null,
      "gross_margin": null,
      "op_margin": null,
      "fcf_margin": 0.1529431216931217,
      "op_leverage_ratio": Infinity,
      "fcf_margin_change": -1.286024253040083
    },
    {
      "date": "2021-12-31T00:00:00",
      "quarter_label": "2021-12 (Q4)",
      "revenue": 15445000,
      "gross_profit": null,
      "operating_income": null,
      "net_income": null,
      "opex": 3606000,
      "cogs": null,
      "rd": null,
      "sga": null,
      "fcf": 15098000,
      "ocf": 15098000,
      "capex": null,
      "gross_margin": null,
      "op_margin": null,
      "fcf_margin": 0.9775331822596309,
      "rev_growth_yoy": 0.7062527618205922,
      "op_leverage_ratio": Infinity,
      "fcf_margin_change": 0.8245900605665093
    },
    {
      "date": "2022-03-31T00:00:00",
      "quarter_label": "2022-03 (Q1)",
      "revenue": 10923000,
      "gross_profit": null,
      "operating_income": null,
      "net_income": null,
      "opex": 8897000,
      "cogs": null,
      "rd": null,
      "sga": null,
      "fcf": 1554000,
      "ocf": 1554000,
      "capex": null,
      "gross_margin": null,
      "op_margin": null,
      "fcf_margin": 0.1422686075254051,
      "rev_growth_yoy": -0.13958251280031508,
      "rev_growth_yoy_accel": -0.8458352746209072,
      "fcf_margin_change": -0.8352645747342258
    },
    {
      "date": "2022-06-30T00:00:00",
      "quarter_label": "2022-06 (Q2)",
      "revenue": 20070000,
      "gross_profit": null,
      "operating_income": null,
      "net_income": null,
      "opex": 14723000,
      "cogs": null,
      "rd": null,
      "sga": null,
      "fcf": 12163000,
      "ocf": 12163000,
      "capex": null,
      "gross_margin": null,
      "op_margin": null,
      "fcf_margin": 0.606028898854011,
      "rev_growth_yoy": 1.0398414473015551,
      "rev_growth_yoy_accel": 1.1794239601018703,
      "op_leverage_ratio": 1.2788212836734778,
      "fcf_margin_change": 0.4637602913286059
    },
    {
      "date": "2022-09-30T00:00:00",
      "quarter_label": "2022-09 (Q3)",
      "revenue": 20936000,
      "gross_profit": null,
      "operating_income": null,
      "net_income": null,
      "opex": 17450000,
      "cogs": null,
      "rd": null,
      "sga": null,
      "fcf": 5285000,
      "ocf": 5285000,
      "capex": null,
      "gross_margin": null,
      "op_margin": null,
      "fcf_margin": 0.2524359954145969,
      "rev_growth_yoy": 0.7308201058201058,
      "rev_growth_yoy_accel": -0.30902134148144933,
      "op_leverage_ratio": 0.2329601802565242,
      "fcf_margin_change": -0.35359290343941413
    },
    {
      "date": "2022-12-31T00:00:00",
      "quarter_label": "2022-12 (Q4)",
      "revenue": 23241000,
      "gross_profit": null,
      "operating_income": null,
      "net_income": null,
      "opex": 26336000,
      "cogs": null,
      "rd": null,
      "sga": null,
      "fcf": 13695000,
      "ocf": 13695000,
      "capex": null,
      "gross_margin": null,
      "op_margin": null,
      "fcf_margin": 0.5892603588485865,
      "rev_growth_yoy": 0.5047588216251214,
      "rev_growth_yoy_accel": -0.2260612841949844,
      "op_leverage_ratio": 0.21620530326349185,
      "fcf_margin_change": 0.33682436343398964
    },
    {
      "date": "2023-03-31T00:00:00",
      "quarter_label": "2023-03 (Q1)",
      "revenue": 21058000,
      "gross_profit": null,
      "operating_income": null,
      "net_income": null,
      "opex": 19625000,
      "cogs": null,
      "rd": null,
      "sga": null,
      "fcf": 9107000,
      "ocf": 9107000,
      "capex": null,
      "gross_margin": null,
      "op_margin": null,
      "fcf_margin": 0.43247221958400606,
      "rev_growth_yoy": 0.9278586468918795,
      "rev_growth_yoy_accel": 0.42309982526675805,
      "fcf_margin_change": -0.15678813926458046
    },
    {
      "date": "2023-06-30T00:00:00",
      "quarter_label": "2023-06 (Q2)",
      "revenue": 23622000,
      "gross_profit": null,
      "operating_income": null,
      "net_income": null,
      "opex": 18172000,
      "cogs": null,
      "rd": null,
      "sga": null,
      "fcf": 15361000,
      "ocf": 15361000,
      "capex": null,
      "gross_margin": null,
      "op_margin": null,
      "fcf_margin": 0.6502836339006012,
      "rev_growth_yoy": 0.17698056801195813,
      "rev_growth_yoy_accel": -0.7508780788799213,
      "op_leverage_ratio": Infinity,
      "fcf_margin_change": 0.21781141431659512
    },
    {
      "date": "2023-09-30T00:00:00",
      "quarter_label": "2023-09 (Q3)",
      "revenue": 24006000,
      "gross_profit": null,
      "operating_income": null,
      "net_income": null,
      "opex": 16552000,
      "cogs": null,
      "rd": null,
      "sga": null,
      "fcf": 11756000,
      "ocf": 11756000,
      "capex": null,
      "gross_margin": null,
      "op_margin": null,
      "fcf_margin": 0.4897109056069316,
      "rev_growth_yoy": 0.14663737103553687,
      "rev_growth_yoy_accel": -0.030343196976421266,
      "op_leverage_ratio": Infinity,
      "fcf_margin_change": -0.1605727282936696
    },
    {
      "date": "2023-12-31T00:00:00",
      "quarter_label": "2023-12 (Q4)",
      "revenue": 22445000,
      "gross_profit": null,
      "operating_income": null,
      "net_income": null,
      "opex": 16109000,
      "cogs": null,
      "rd": null,
      "sga": null,
      "fcf": 9385000,
      "ocf": 9385000,
      "capex": null,
      "gross_margin": null,
      "op_margin": null,
      "fcf_margin": 0.41813321452439295,
      "rev_growth_yoy": -0.03424981713351405,
      "rev_growth_yoy_accel": -0.18088718816905092,
      "fcf_margin_change": -0.07157769108253864
    },
    {
      "date": "2024-03-31T00:00:00",
      "quarter_label": "2024-03 (Q1)",
      "revenue": 18768000,
      "gross_profit": null,
      "operating_income": null,
      "net_income": null,
      "opex": 19794000,
      "cogs": null,
      "rd": null,
      "sga": null,
      "fcf": 3335000,
      "ocf": 3335000,
      "capex": null,
      "gross_margin": null,
      "op_margin": null,
      "fcf_margin": 0.17769607843137256,
      "rev_growth_yoy": -0.10874726944629119,
      "rev_growth_yoy_accel": -0.07449745231277714,
      "fcf_margin_change": -0.2404371360930204
    },
    {
      "date": "2024-06-30T00:00:00",
      "quarter_label": "2024-06 (Q2)",
      "revenue": 20936000,
      "gross_profit": null,
      "operating_income": null,
      "net_income": null,
      "opex": 15879000,
      "cogs": null,
      "rd": null,
      "sga": null,
      "fcf": 6876000,
      "ocf": 6876000,
      "capex": null,
      "gross_margin": null,
      "op_margin": null,
      "fcf_margin": 0.3284294994268246,
      "rev_growth_yoy": -0.11370756074845483,
      "rev_growth_yoy_accel": -0.004960291302163633,
      "op_leverage_ratio": Infinity,
      "fcf_margin_change": 0.15073342099545203
    },
    {
      "date": "2024-09-30T00:00:00",
      "quarter_label": "2024-09 (Q3)",
      "revenue": 22353000,
      "gross_profit": null,
      "operating_income": null,
      "net_income": null,
      "opex": 17136000,
      "cogs": null,
      "rd": null,
      "sga": null,
      "fcf": 8417000,
      "ocf": 8417000,
      "capex": null,
      "gross_margin": null,
      "op_margin": null,
      "fcf_margin": 0.37654900908155503,
      "rev_growth_yoy": -0.06885778555361159,
      "rev_growth_yoy_accel": 0.04484977519484323,
      "op_leverage_ratio": 0.8549958596399712,
      "fcf_margin_change": 0.04811950965473044
    },
    {
      "date": "2024-12-31T00:00:00",
      "quarter_label": "2024-12 (Q4)",
      "revenue": 21431000,
      "gross_profit": null,
      "operating_income": null,
      "net_income": null,
      "opex": 19080000,
      "cogs": null,
      "rd": null,
      "sga": null,
      "fcf": 757000,
      "ocf": 757000,
      "capex": null,
      "gross_margin": null,
      "op_margin": null,
      "fcf_margin": 0.03532266343147777,
      "rev_growth_yoy": -0.04517709957674315,
      "rev_growth_yoy_accel": 0.02368068597686844,
      "fcf_margin_change": -0.34122634565007726
    },
    {
      "date": "2025-03-31T00:00:00",
      "quarter_label": "2025-03 (Q1)",
      "revenue": 17002000,
      "gross_profit": null,
      "operating_income": null,
      "net_income": null,
      "opex": 17248000,
      "cogs": null,
      "rd": null,
      "sga": null,
      "fcf": -4564000,
      "ocf": -4564000,
      "capex": null,
      "gross_margin": null,
      "op_margin": null,
      "fcf_margin": -0.2684390071756264,
      "rev_growth_yoy": -0.09409633418584826,
      "rev_growth_yoy_accel": -0.048919234609105106,
      "fcf_margin_change": -0.3037616706071042
    },
    {
      "date": "2025-06-30T00:00:00",
      "quarter_label": "2025-06 (Q2)",
      "revenue": 21873000,
      "gross_profit": null,
      "operating_income": null,
      "net_income": null,
      "opex": 17511000,
      "cogs": null,
      "rd": null,
      "sga": null,
      "fcf": 11767000,
      "ocf": 11767000,
      "capex": null,
      "gross_margin": null,
      "op_margin": null,
      "fcf_margin": 0.5379691857541261,
      "rev_growth_yoy": 0.04475544516622086,
      "rev_growth_yoy_accel": 0.1388517793520691,
      "op_leverage_ratio": 18.788889520043046,
      "fcf_margin_change": 0.8064081929297525
    },
    {
      "date": "2025-09-30T00:00:00",
      "quarter_label": "2025-09 (Q3)",
      "revenue": 21037000,
      "gross_profit": null,
      "operating_income": null,
      "net_income": null,
      "opex": 15959000,
      "cogs": null,
      "rd": null,
      "sga": null,
      "fcf": -9417000,
      "ocf": -9417000,
      "capex": null,
      "gross_margin": null,
      "op_margin": null,
      "fcf_margin": -0.4476398726054095,
      "rev_growth_yoy": -0.058873529280186104,
      "rev_growth_yoy_accel": -0.10362897444640697,
      "fcf_margin_change": -0.9856090583595356
    }
  ],
  "signals": [
    {
      "quarter": "2025-09 (Q3)",
      "signal": "YoY REVENUE GROWTH DECELERATION",
      "detail": "YoY growth: -5.9% vs prior quarter YoY: +4.5% (decel: -10.4%)",
      "severity": "WARNING"
    },
    {
      "quarter": "2025-06 (Q2)",
      "signal": "FCF TURNED POSITIVE",
      "detail": "FCF margin: -26.8% -> +53.8%",
      "severity": "HIGH"
    },
    {
      "quarter": "2025-06 (Q2)",
      "signal": "OPERATING LEVERAGE",
      "detail": "Rev growth +28.6% vs OpEx growth +1.5% (leverage: 18.8x)",
      "severity": "MEDIUM"
    },
    {
      "quarter": "2025-06 (Q2)",
      "signal": "YoY REVENUE GROWTH ACCELERATION",
      "detail": "YoY growth: +4.5% vs prior quarter YoY: -9.4% (accel: +13.9%)",
      "severity": "MEDIUM"
    },
    {
      "quarter": "2024-06 (Q2)",
      "signal": "FCF MARGIN EXPANSION",
      "detail": "FCF margin: +17.8% -> +32.8% (+15.1%)",
      "severity": "MEDIUM"
    },
    {
      "quarter": "2024-03 (Q1)",
      "signal": "YoY REVENUE GROWTH DECELERATION",
      "detail": "YoY growth: -10.9% vs prior quarter YoY: -3.4% (decel: -7.4%)",
      "severity": "WARNING"
    },
    {
      "quarter": "2023-12 (Q4)",
      "signal": "YoY REVENUE GROWTH DECELERATION",
      "detail": "YoY growth: -3.4% vs prior quarter YoY: +14.7% (decel: -18.1%)",
      "severity": "WARNING"
    },
    {
      "quarter": "2023-06 (Q2)",
      "signal": "FCF MARGIN EXPANSION",
      "detail": "FCF margin: +43.2% -> +65.0% (+21.8%)",
      "severity": "MEDIUM"
    },
    {
      "quarter": "2023-06 (Q2)",
      "signal": "YoY REVENUE GROWTH DECELERATION",
      "detail": "YoY growth: +17.7% vs prior quarter YoY: +92.8% (decel: -75.1%)",
      "severity": "WARNING"
    },
    {
      "quarter": "2023-03 (Q1)",
      "signal": "YoY REVENUE GROWTH ACCELERATION",
      "detail": "YoY growth: +92.8% vs prior quarter YoY: +50.5% (accel: +42.3%)",
      "severity": "HIGH"
    },
    {
      "quarter": "2022-12 (Q4)",
      "signal": "FCF MARGIN EXPANSION",
      "detail": "FCF margin: +25.2% -> +58.9% (+33.7%)",
      "severity": "MEDIUM"
    },
    {
      "quarter": "2022-12 (Q4)",
      "signal": "YoY REVENUE GROWTH DECELERATION",
      "detail": "YoY growth: +50.5% vs prior quarter YoY: +73.1% (decel: -22.6%)",
      "severity": "WARNING"
    },
    {
      "quarter": "2022-09 (Q3)",
      "signal": "YoY REVENUE GROWTH DECELERATION",
      "detail": "YoY growth: +73.1% vs prior quarter YoY: +104.0% (decel: -30.9%)",
      "severity": "WARNING"
    },
    {
      "quarter": "2022-06 (Q2)",
      "signal": "FCF MARGIN EXPANSION",
      "detail": "FCF margin: +14.2% -> +60.6% (+46.4%)",
      "severity": "MEDIUM"
    },
    {
      "quarter": "2022-06 (Q2)",
      "signal": "YoY REVENUE GROWTH ACCELERATION",
      "detail": "YoY growth: +104.0% vs prior quarter YoY: -14.0% (accel: +117.9%)",
      "severity": "HIGH"
    },
    {
      "quarter": "2022-03 (Q1)",
      "signal": "YoY REVENUE GROWTH DECELERATION",
      "detail": "YoY growth: -14.0% vs prior quarter YoY: +70.6% (decel: -84.6%)",
      "severity": "WARNING"
    },
    {
      "quarter": "2021-12 (Q4)",
      "signal": "FCF MARGIN EXPANSION",
      "detail": "FCF margin: +15.3% -> +97.8% (+82.5%)",
      "severity": "MEDIUM"
    },
    {
      "quarter": "2021-06 (Q2)",
      "signal": "FCF MARGIN EXPANSION",
      "detail": "FCF margin: +74.7% -> +143.9% (+69.2%)",
      "severity": "MEDIUM"
    }
  ],
  "data_quality": {
    "n_quarters": 20,
    "coverage": {
      "revenue": [
        20,
        20
      ],
      "gross_profit": [
        0,
        20
      ],
      "op_income": [
        0,
        20
      ],
      "fcf": [
        20,
        20
      ]
    },
    "gaps": [],
    "warnings": [
      "gross_profit: no data",
      "op_income: no data"
    ]
  },
  "market_cap": null,
  "source": "SEC EDGAR",
  "last_updated": "2026-02-03T01:09:46.958651"
}