{
  "ticker": "ACRE",
  "name": "ARES COMMERCIAL REAL ESTATE CORPORATION",
  "quarters": [
    {
      "date": "2020-12-31T00:00:00",
      "quarter_label": "2020-12 (Q4)",
      "revenue": 21206000,
      "gross_profit": null,
      "operating_income": null,
      "net_income": 14407000,
      "opex": null,
      "cogs": null,
      "rd": null,
      "sga": null,
      "fcf": 9018000,
      "ocf": 9018000,
      "capex": null,
      "gross_margin": null,
      "op_margin": null,
      "fcf_margin": 0.425257002735075
    },
    {
      "date": "2021-03-31T00:00:00",
      "quarter_label": "2021-03 (Q1)",
      "revenue": 21223000,
      "gross_profit": null,
      "operating_income": null,
      "net_income": 15740000,
      "opex": null,
      "cogs": null,
      "rd": null,
      "sga": null,
      "fcf": 9924000,
      "ocf": 9924000,
      "capex": null,
      "gross_margin": null,
      "op_margin": null,
      "fcf_margin": 0.46760589926023655,
      "fcf_margin_change": 0.04234889652516155
    },
    {
      "date": "2021-06-30T00:00:00",
      "quarter_label": "2021-06 (Q2)",
      "revenue": 23531000,
      "gross_profit": null,
      "operating_income": null,
      "net_income": 17615000,
      "opex": null,
      "cogs": null,
      "rd": null,
      "sga": null,
      "fcf": 9857000,
      "ocf": 9857000,
      "capex": null,
      "gross_margin": null,
      "op_margin": null,
      "fcf_margin": 0.41889422463983683,
      "fcf_margin_change": -0.048711674620399714
    },
    {
      "date": "2021-09-30T00:00:00",
      "quarter_label": "2021-09 (Q3)",
      "revenue": 27204000,
      "gross_profit": null,
      "operating_income": null,
      "net_income": 9951000,
      "opex": null,
      "cogs": null,
      "rd": null,
      "sga": null,
      "fcf": 10499000,
      "ocf": 10499000,
      "capex": null,
      "gross_margin": null,
      "op_margin": null,
      "fcf_margin": 0.3859358917806205,
      "fcf_margin_change": -0.032958332859216344
    },
    {
      "date": "2021-12-31T00:00:00",
      "quarter_label": "2021-12 (Q4)",
      "revenue": 30111000,
      "gross_profit": null,
      "operating_income": null,
      "net_income": 17154000,
      "opex": null,
      "cogs": null,
      "rd": null,
      "sga": null,
      "fcf": 18070000,
      "ocf": 18070000,
      "capex": null,
      "gross_margin": null,
      "op_margin": null,
      "fcf_margin": 0.6001129155458138,
      "rev_growth_yoy": 0.41992832217296994,
      "fcf_margin_change": 0.21417702376519332
    },
    {
      "date": "2022-03-31T00:00:00",
      "quarter_label": "2022-03 (Q1)",
      "revenue": 24023000,
      "gross_profit": null,
      "operating_income": null,
      "net_income": 16201000,
      "opex": null,
      "cogs": null,
      "rd": null,
      "sga": null,
      "fcf": 16215000,
      "ocf": 16215000,
      "capex": null,
      "gross_margin": null,
      "op_margin": null,
      "fcf_margin": 0.6749781459434708,
      "rev_growth_yoy": 0.13193233755830938,
      "rev_growth_yoy_accel": -0.2879959846146606,
      "fcf_margin_change": 0.07486523039765702
    },
    {
      "date": "2022-06-30T00:00:00",
      "quarter_label": "2022-06 (Q2)",
      "revenue": 25146000,
      "gross_profit": null,
      "operating_income": null,
      "net_income": 10031000,
      "opex": null,
      "cogs": null,
      "rd": null,
      "sga": null,
      "fcf": 12937000,
      "ocf": 12937000,
      "capex": null,
      "gross_margin": null,
      "op_margin": null,
      "fcf_margin": 0.5144754632943609,
      "rev_growth_yoy": 0.0686328672814585,
      "rev_growth_yoy_accel": -0.06329947027685089,
      "fcf_margin_change": -0.16050268264910994
    },
    {
      "date": "2022-09-30T00:00:00",
      "quarter_label": "2022-09 (Q3)",
      "revenue": 27271000,
      "gross_profit": null,
      "operating_income": null,
      "net_income": 644000,
      "opex": null,
      "cogs": null,
      "rd": null,
      "sga": null,
      "fcf": 12915000,
      "ocf": 12915000,
      "capex": null,
      "gross_margin": null,
      "op_margin": null,
      "fcf_margin": 0.47357999339958196,
      "rev_growth_yoy": 0.0024628731068960445,
      "rev_growth_yoy_accel": -0.06616999417456246,
      "fcf_margin_change": -0.040895469894778935
    },
    {
      "date": "2022-12-31T00:00:00",
      "quarter_label": "2022-12 (Q4)",
      "revenue": 30409000,
      "gross_profit": null,
      "operating_income": null,
      "net_income": 2909000,
      "opex": null,
      "cogs": null,
      "rd": null,
      "sga": null,
      "fcf": 15090000,
      "ocf": 15090000,
      "capex": null,
      "gross_margin": null,
      "op_margin": null,
      "fcf_margin": 0.49623466736821337,
      "rev_growth_yoy": 0.009896715486035004,
      "rev_growth_yoy_accel": 0.007433842379138959,
      "fcf_margin_change": 0.02265467396863141
    },
    {
      "date": "2023-03-31T00:00:00",
      "quarter_label": "2023-03 (Q1)",
      "revenue": 26501000,
      "gross_profit": null,
      "operating_income": null,
      "net_income": -6439000,
      "opex": null,
      "cogs": null,
      "rd": null,
      "sga": null,
      "fcf": 11256000,
      "ocf": 11256000,
      "capex": null,
      "gross_margin": null,
      "op_margin": null,
      "fcf_margin": 0.4247386891060715,
      "rev_growth_yoy": 0.1031511468176331,
      "rev_growth_yoy_accel": 0.0932544313315981,
      "fcf_margin_change": -0.07149597826214188
    },
    {
      "date": "2023-06-30T00:00:00",
      "quarter_label": "2023-06 (Q2)",
      "revenue": 24990000,
      "gross_profit": null,
      "operating_income": null,
      "net_income": -2198000,
      "opex": null,
      "cogs": null,
      "rd": null,
      "sga": null,
      "fcf": 11900000,
      "ocf": 11900000,
      "capex": null,
      "gross_margin": null,
      "op_margin": null,
      "fcf_margin": 0.47619047619047616,
      "rev_growth_yoy": -0.006203769983297542,
      "rev_growth_yoy_accel": -0.10935491680093064,
      "fcf_margin_change": 0.051451787084404677
    },
    {
      "date": "2023-09-30T00:00:00",
      "quarter_label": "2023-09 (Q3)",
      "revenue": 23883000,
      "gross_profit": null,
      "operating_income": null,
      "net_income": 9184000,
      "opex": null,
      "cogs": null,
      "rd": null,
      "sga": null,
      "fcf": 13546000,
      "ocf": 13546000,
      "capex": null,
      "gross_margin": null,
      "op_margin": null,
      "fcf_margin": 0.5671816773437173,
      "rev_growth_yoy": -0.12423453485387408,
      "rev_growth_yoy_accel": -0.11803076487057654,
      "fcf_margin_change": 0.09099120115324111
    },
    {
      "date": "2023-12-31T00:00:00",
      "quarter_label": "2023-12 (Q4)",
      "revenue": 17552000,
      "gross_profit": null,
      "operating_income": null,
      "net_income": -39414000,
      "opex": null,
      "cogs": null,
      "rd": null,
      "sga": null,
      "fcf": 10087000,
      "ocf": 10087000,
      "capex": null,
      "gross_margin": null,
      "op_margin": null,
      "fcf_margin": 0.5746923427529627,
      "rev_growth_yoy": -0.4228024597980861,
      "rev_growth_yoy_accel": -0.298567924944212,
      "fcf_margin_change": 0.007510665409245387
    },
    {
      "date": "2024-03-31T00:00:00",
      "quarter_label": "2024-03 (Q1)",
      "revenue": 18692000,
      "gross_profit": null,
      "operating_income": null,
      "net_income": -12323000,
      "opex": null,
      "cogs": null,
      "rd": null,
      "sga": null,
      "fcf": 11378000,
      "ocf": 11378000,
      "capex": null,
      "gross_margin": null,
      "op_margin": null,
      "fcf_margin": 0.6087096083886154,
      "rev_growth_yoy": -0.2946681257311045,
      "rev_growth_yoy_accel": 0.1281343340669816,
      "fcf_margin_change": 0.03401726563565277
    },
    {
      "date": "2024-06-30T00:00:00",
      "quarter_label": "2024-06 (Q2)",
      "revenue": 16797000,
      "gross_profit": null,
      "operating_income": null,
      "net_income": -6125000,
      "opex": null,
      "cogs": null,
      "rd": null,
      "sga": null,
      "fcf": 8667000,
      "ocf": 8667000,
      "capex": null,
      "gross_margin": null,
      "op_margin": null,
      "fcf_margin": 0.5159849973209502,
      "rev_growth_yoy": -0.32785114045618247,
      "rev_growth_yoy_accel": -0.03318301472507795,
      "fcf_margin_change": -0.09272461106766527
    },
    {
      "date": "2024-09-30T00:00:00",
      "quarter_label": "2024-09 (Q3)",
      "revenue": 16653000,
      "gross_profit": null,
      "operating_income": null,
      "net_income": -5880000,
      "opex": null,
      "cogs": null,
      "rd": null,
      "sga": null,
      "fcf": 8432000,
      "ocf": 8432000,
      "capex": null,
      "gross_margin": null,
      "op_margin": null,
      "fcf_margin": 0.5063351948597851,
      "rev_growth_yoy": -0.30272578821756063,
      "rev_growth_yoy_accel": 0.025125352238621834,
      "fcf_margin_change": -0.009649802461165091
    },
    {
      "date": "2024-12-31T00:00:00",
      "quarter_label": "2024-12 (Q4)",
      "revenue": 17509000,
      "gross_profit": null,
      "operating_income": null,
      "net_income": -10665000,
      "opex": null,
      "cogs": null,
      "rd": null,
      "sga": null,
      "fcf": 7072000,
      "ocf": 7072000,
      "capex": null,
      "gross_margin": null,
      "op_margin": null,
      "fcf_margin": 0.40390656233936834,
      "rev_growth_yoy": -0.0024498632634457613,
      "rev_growth_yoy_accel": 0.30027592495411487,
      "fcf_margin_change": -0.10242863252041673
    },
    {
      "date": "2025-03-31T00:00:00",
      "quarter_label": "2025-03 (Q1)",
      "revenue": 14948000,
      "gross_profit": null,
      "operating_income": null,
      "net_income": 9345000,
      "opex": null,
      "cogs": null,
      "rd": null,
      "sga": null,
      "fcf": 8010000,
      "ocf": 8010000,
      "capex": null,
      "gross_margin": null,
      "op_margin": null,
      "fcf_margin": 0.5358576398180358,
      "rev_growth_yoy": -0.20029959340894501,
      "rev_growth_yoy_accel": -0.19784973014549925,
      "fcf_margin_change": 0.13195107747866747
    },
    {
      "date": "2025-06-30T00:00:00",
      "quarter_label": "2025-06 (Q2)",
      "revenue": 12565000,
      "gross_profit": null,
      "operating_income": null,
      "net_income": -11035000,
      "opex": null,
      "cogs": null,
      "rd": null,
      "sga": null,
      "fcf": 4880000,
      "ocf": 4880000,
      "capex": null,
      "gross_margin": null,
      "op_margin": null,
      "fcf_margin": 0.38838042180660565,
      "rev_growth_yoy": -0.2519497529320712,
      "rev_growth_yoy_accel": -0.05165015952312621,
      "fcf_margin_change": -0.14747721801143016
    },
    {
      "date": "2025-09-30T00:00:00",
      "quarter_label": "2025-09 (Q3)",
      "revenue": 14105000,
      "gross_profit": null,
      "operating_income": null,
      "net_income": 4653000,
      "opex": null,
      "cogs": null,
      "rd": null,
      "sga": null,
      "fcf": 3837000,
      "ocf": 3837000,
      "capex": null,
      "gross_margin": null,
      "op_margin": null,
      "fcf_margin": 0.2720311946118398,
      "rev_growth_yoy": -0.15300546448087432,
      "rev_growth_yoy_accel": 0.0989442884511969,
      "fcf_margin_change": -0.11634922719476587
    }
  ],
  "signals": [
    {
      "quarter": "2025-09 (Q3)",
      "signal": "YoY REVENUE GROWTH ACCELERATION",
      "detail": "YoY growth: -15.3% vs prior quarter YoY: -25.2% (accel: +9.9%)",
      "severity": "MEDIUM"
    },
    {
      "quarter": "2025-06 (Q2)",
      "signal": "YoY REVENUE GROWTH DECELERATION",
      "detail": "YoY growth: -25.2% vs prior quarter YoY: -20.0% (decel: -5.2%)",
      "severity": "WARNING"
    },
    {
      "quarter": "2025-03 (Q1)",
      "signal": "FCF MARGIN EXPANSION",
      "detail": "FCF margin: +40.4% -> +53.6% (+13.2%)",
      "severity": "MEDIUM"
    },
    {
      "quarter": "2025-03 (Q1)",
      "signal": "YoY REVENUE GROWTH DECELERATION",
      "detail": "YoY growth: -20.0% vs prior quarter YoY: -0.2% (decel: -19.8%)",
      "severity": "WARNING"
    },
    {
      "quarter": "2024-12 (Q4)",
      "signal": "YoY REVENUE GROWTH ACCELERATION",
      "detail": "YoY growth: -0.2% vs prior quarter YoY: -30.3% (accel: +30.0%)",
      "severity": "HIGH"
    },
    {
      "quarter": "2024-03 (Q1)",
      "signal": "YoY REVENUE GROWTH ACCELERATION",
      "detail": "YoY growth: -29.5% vs prior quarter YoY: -42.3% (accel: +12.8%)",
      "severity": "MEDIUM"
    },
    {
      "quarter": "2023-12 (Q4)",
      "signal": "YoY REVENUE GROWTH DECELERATION",
      "detail": "YoY growth: -42.3% vs prior quarter YoY: -12.4% (decel: -29.9%)",
      "severity": "WARNING"
    },
    {
      "quarter": "2023-09 (Q3)",
      "signal": "FCF MARGIN EXPANSION",
      "detail": "FCF margin: +47.6% -> +56.7% (+9.1%)",
      "severity": "MEDIUM"
    },
    {
      "quarter": "2023-09 (Q3)",
      "signal": "YoY REVENUE GROWTH DECELERATION",
      "detail": "YoY growth: -12.4% vs prior quarter YoY: -0.6% (decel: -11.8%)",
      "severity": "WARNING"
    },
    {
      "quarter": "2023-06 (Q2)",
      "signal": "FCF MARGIN EXPANSION",
      "detail": "FCF margin: +42.5% -> +47.6% (+5.1%)",
      "severity": "MEDIUM"
    },
    {
      "quarter": "2023-06 (Q2)",
      "signal": "YoY REVENUE GROWTH DECELERATION",
      "detail": "YoY growth: -0.6% vs prior quarter YoY: +10.3% (decel: -10.9%)",
      "severity": "WARNING"
    },
    {
      "quarter": "2023-03 (Q1)",
      "signal": "YoY REVENUE GROWTH ACCELERATION",
      "detail": "YoY growth: +10.3% vs prior quarter YoY: +1.0% (accel: +9.3%)",
      "severity": "MEDIUM"
    },
    {
      "quarter": "2022-09 (Q3)",
      "signal": "YoY REVENUE GROWTH DECELERATION",
      "detail": "YoY growth: +0.2% vs prior quarter YoY: +6.9% (decel: -6.6%)",
      "severity": "WARNING"
    },
    {
      "quarter": "2022-06 (Q2)",
      "signal": "YoY REVENUE GROWTH DECELERATION",
      "detail": "YoY growth: +6.9% vs prior quarter YoY: +13.2% (decel: -6.3%)",
      "severity": "WARNING"
    },
    {
      "quarter": "2022-03 (Q1)",
      "signal": "FCF MARGIN EXPANSION",
      "detail": "FCF margin: +60.0% -> +67.5% (+7.5%)",
      "severity": "MEDIUM"
    },
    {
      "quarter": "2022-03 (Q1)",
      "signal": "YoY REVENUE GROWTH DECELERATION",
      "detail": "YoY growth: +13.2% vs prior quarter YoY: +42.0% (decel: -28.8%)",
      "severity": "WARNING"
    },
    {
      "quarter": "2021-12 (Q4)",
      "signal": "FCF MARGIN EXPANSION",
      "detail": "FCF margin: +38.6% -> +60.0% (+21.4%)",
      "severity": "MEDIUM"
    }
  ],
  "data_quality": {
    "n_quarters": 20,
    "coverage": {
      "revenue": [
        20,
        20
      ],
      "gross_profit": [
        0,
        20
      ],
      "op_income": [
        0,
        20
      ],
      "fcf": [
        20,
        20
      ]
    },
    "gaps": [],
    "warnings": [
      "gross_profit: no data",
      "op_income: no data"
    ]
  },
  "market_cap": null,
  "source": "SEC EDGAR",
  "last_updated": "2026-02-02T22:50:44.141992"
}