{
  "ticker": "ACT",
  "name": "Enact Holdings, Inc.",
  "quarters": [
    {
      "date": "2020-12-31T00:00:00",
      "quarter_label": "2020-12 (Q4)",
      "revenue": 285514000,
      "gross_profit": null,
      "operating_income": null,
      "net_income": 91181000,
      "opex": null,
      "cogs": null,
      "rd": null,
      "sga": null,
      "fcf": 143804000,
      "ocf": 143804000,
      "capex": null,
      "gross_margin": null,
      "op_margin": null,
      "fcf_margin": 0.5036670706165022
    },
    {
      "date": "2021-03-31T00:00:00",
      "quarter_label": "2021-03 (Q1)",
      "revenue": 288583000,
      "gross_profit": null,
      "operating_income": null,
      "net_income": 125131000,
      "opex": null,
      "cogs": null,
      "rd": null,
      "sga": null,
      "fcf": 127028000,
      "ocf": 127028000,
      "capex": null,
      "gross_margin": null,
      "op_margin": null,
      "fcf_margin": 0.4401783888863862,
      "fcf_margin_change": -0.06348868173011596
    },
    {
      "date": "2021-06-30T00:00:00",
      "quarter_label": "2021-06 (Q2)",
      "revenue": 276121000,
      "gross_profit": null,
      "operating_income": null,
      "net_income": 130812000,
      "opex": null,
      "cogs": null,
      "rd": null,
      "sga": null,
      "fcf": 136079000,
      "ocf": 136079000,
      "capex": null,
      "gross_margin": null,
      "op_margin": null,
      "fcf_margin": 0.492823798262356,
      "fcf_margin_change": 0.05264540937596979
    },
    {
      "date": "2021-09-30T00:00:00",
      "quarter_label": "2021-09 (Q3)",
      "revenue": 280309000,
      "gross_profit": null,
      "operating_income": null,
      "net_income": 137208000,
      "opex": null,
      "cogs": null,
      "rd": null,
      "sga": null,
      "fcf": 147975000,
      "ocf": 147975000,
      "capex": null,
      "gross_margin": null,
      "op_margin": null,
      "fcf_margin": 0.5278995679767685,
      "fcf_margin_change": 0.03507576971441251
    },
    {
      "date": "2021-12-31T00:00:00",
      "quarter_label": "2021-12 (Q4)",
      "revenue": 272842000,
      "gross_profit": null,
      "operating_income": null,
      "net_income": 153534000,
      "opex": null,
      "cogs": null,
      "rd": null,
      "sga": null,
      "fcf": 161028000,
      "ocf": 161028000,
      "capex": null,
      "gross_margin": null,
      "op_margin": null,
      "fcf_margin": 0.5901877276958826,
      "rev_growth_yoy": -0.0443831125619059,
      "fcf_margin_change": 0.062288159719114056
    },
    {
      "date": "2022-03-31T00:00:00",
      "quarter_label": "2022-03 (Q1)",
      "revenue": 269588000,
      "gross_profit": null,
      "operating_income": null,
      "net_income": 164630000,
      "opex": null,
      "cogs": null,
      "rd": null,
      "sga": null,
      "fcf": 160829000,
      "ocf": 160829000,
      "capex": null,
      "gross_margin": null,
      "op_margin": null,
      "fcf_margin": 0.5965732896122973,
      "rev_growth_yoy": -0.06582161804402893,
      "rev_growth_yoy_accel": -0.021438505482123033,
      "fcf_margin_change": 0.006385561916414706
    },
    {
      "date": "2022-06-30T00:00:00",
      "quarter_label": "2022-06 (Q2)",
      "revenue": 273541000,
      "gross_profit": null,
      "operating_income": null,
      "net_income": 204735000,
      "opex": null,
      "cogs": null,
      "rd": null,
      "sga": null,
      "fcf": 140916000,
      "ocf": 140916000,
      "capex": null,
      "gross_margin": null,
      "op_margin": null,
      "fcf_margin": 0.5151549493494577,
      "rev_growth_yoy": -0.009343729741671225,
      "rev_growth_yoy_accel": 0.056477888302357705,
      "fcf_margin_change": -0.08141834026283956
    },
    {
      "date": "2022-09-30T00:00:00",
      "quarter_label": "2022-09 (Q3)",
      "revenue": 275075000,
      "gross_profit": null,
      "operating_income": null,
      "net_income": null,
      "opex": null,
      "cogs": null,
      "rd": null,
      "sga": null,
      "fcf": 100326000,
      "ocf": 100326000,
      "capex": null,
      "gross_margin": null,
      "op_margin": null,
      "fcf_margin": 0.3647223484504226,
      "rev_growth_yoy": -0.018672250980168316,
      "rev_growth_yoy_accel": -0.009328521238497091,
      "fcf_margin_change": -0.1504326008990351
    },
    {
      "date": "2022-12-31T00:00:00",
      "quarter_label": "2022-12 (Q4)",
      "revenue": 276842000,
      "gross_profit": null,
      "operating_income": null,
      "net_income": null,
      "opex": null,
      "cogs": null,
      "rd": null,
      "sga": null,
      "fcf": 158439000,
      "ocf": 158439000,
      "capex": null,
      "gross_margin": null,
      "op_margin": null,
      "fcf_margin": 0.5723083925126967,
      "rev_growth_yoy": 0.014660499483217394,
      "rev_growth_yoy_accel": 0.03333275046338571,
      "fcf_margin_change": 0.2075860440622741
    },
    {
      "date": "2023-03-31T00:00:00",
      "quarter_label": "2023-03 (Q1)",
      "revenue": 280939000,
      "gross_profit": null,
      "operating_income": null,
      "net_income": null,
      "opex": null,
      "cogs": null,
      "rd": null,
      "sga": null,
      "fcf": 119339000,
      "ocf": 119339000,
      "capex": null,
      "gross_margin": null,
      "op_margin": null,
      "fcf_margin": 0.4247861635443993,
      "rev_growth_yoy": 0.042104989836342865,
      "rev_growth_yoy_accel": 0.027444490353125472,
      "fcf_margin_change": -0.14752222896829742
    },
    {
      "date": "2023-06-30T00:00:00",
      "quarter_label": "2023-06 (Q2)",
      "revenue": 277522000,
      "gross_profit": null,
      "operating_income": null,
      "net_income": null,
      "opex": null,
      "cogs": null,
      "rd": null,
      "sga": null,
      "fcf": 167846000,
      "ocf": 167846000,
      "capex": null,
      "gross_margin": null,
      "op_margin": null,
      "fcf_margin": 0.6048025021439741,
      "rev_growth_yoy": 0.014553576977491491,
      "rev_growth_yoy_accel": -0.027551412858851376,
      "fcf_margin_change": 0.18001633859957483
    },
    {
      "date": "2023-09-30T00:00:00",
      "quarter_label": "2023-09 (Q3)",
      "revenue": 299035000,
      "gross_profit": null,
      "operating_income": null,
      "net_income": null,
      "opex": null,
      "cogs": null,
      "rd": null,
      "sga": null,
      "fcf": 154797000,
      "ocf": 154797000,
      "capex": null,
      "gross_margin": null,
      "op_margin": null,
      "fcf_margin": 0.5176551239821425,
      "rev_growth_yoy": 0.08710351722257566,
      "rev_growth_yoy_accel": 0.07254994024508417,
      "fcf_margin_change": -0.0871473781618316
    },
    {
      "date": "2023-12-31T00:00:00",
      "quarter_label": "2023-12 (Q4)",
      "revenue": 296190000,
      "gross_profit": null,
      "operating_income": null,
      "net_income": null,
      "opex": null,
      "cogs": null,
      "rd": null,
      "sga": null,
      "fcf": 190056000,
      "ocf": 190056000,
      "capex": null,
      "gross_margin": null,
      "op_margin": null,
      "fcf_margin": 0.6416691988250784,
      "rev_growth_yoy": 0.06988823950123176,
      "rev_growth_yoy_accel": -0.017215277721343902,
      "fcf_margin_change": 0.12401407484293592
    },
    {
      "date": "2024-03-31T00:00:00",
      "quarter_label": "2024-03 (Q1)",
      "revenue": 291576000,
      "gross_profit": null,
      "operating_income": null,
      "net_income": null,
      "opex": null,
      "cogs": null,
      "rd": null,
      "sga": null,
      "fcf": 187296000,
      "ocf": 187296000,
      "capex": null,
      "gross_margin": null,
      "op_margin": null,
      "fcf_margin": 0.6423573956704256,
      "rev_growth_yoy": 0.03786231174739,
      "rev_growth_yoy_accel": -0.032025927753841756,
      "fcf_margin_change": 0.0006881968453471554
    },
    {
      "date": "2024-06-30T00:00:00",
      "quarter_label": "2024-06 (Q2)",
      "revenue": 298834000,
      "gross_profit": null,
      "operating_income": null,
      "net_income": null,
      "opex": null,
      "cogs": null,
      "rd": null,
      "sga": null,
      "fcf": 144700000,
      "ocf": 144700000,
      "capex": null,
      "gross_margin": null,
      "op_margin": null,
      "fcf_margin": 0.4842153168648815,
      "rev_growth_yoy": 0.07679391183401676,
      "rev_growth_yoy_accel": 0.038931600086626765,
      "fcf_margin_change": -0.1581420788055441
    },
    {
      "date": "2024-09-30T00:00:00",
      "quarter_label": "2024-09 (Q3)",
      "revenue": 309588000,
      "gross_profit": null,
      "operating_income": null,
      "net_income": null,
      "opex": null,
      "cogs": null,
      "rd": null,
      "sga": null,
      "fcf": 188136000,
      "ocf": 188136000,
      "capex": null,
      "gross_margin": null,
      "op_margin": null,
      "fcf_margin": 0.607697972789643,
      "rev_growth_yoy": 0.03529018342334509,
      "rev_growth_yoy_accel": -0.041503728410671674,
      "fcf_margin_change": 0.12348265592476149
    },
    {
      "date": "2024-12-31T00:00:00",
      "quarter_label": "2024-12 (Q4)",
      "revenue": 301776000,
      "gross_profit": null,
      "operating_income": null,
      "net_income": null,
      "opex": null,
      "cogs": null,
      "rd": null,
      "sga": null,
      "fcf": 166130000,
      "ocf": 166130000,
      "capex": null,
      "gross_margin": null,
      "op_margin": null,
      "fcf_margin": 0.5505076613117014,
      "rev_growth_yoy": 0.018859515851311657,
      "rev_growth_yoy_accel": -0.016430667572033434,
      "fcf_margin_change": -0.057190311477941624
    },
    {
      "date": "2025-03-31T00:00:00",
      "quarter_label": "2025-03 (Q1)",
      "revenue": 306776000,
      "gross_profit": null,
      "operating_income": null,
      "net_income": null,
      "opex": null,
      "cogs": null,
      "rd": null,
      "sga": null,
      "fcf": 226724000,
      "ocf": 226724000,
      "capex": null,
      "gross_margin": null,
      "op_margin": null,
      "fcf_margin": 0.7390539025217097,
      "rev_growth_yoy": 0.052130490849727,
      "rev_growth_yoy_accel": 0.033270974998415345,
      "fcf_margin_change": 0.1885462412100083
    },
    {
      "date": "2025-06-30T00:00:00",
      "quarter_label": "2025-06 (Q2)",
      "revenue": 304890000,
      "gross_profit": null,
      "operating_income": null,
      "net_income": null,
      "opex": null,
      "cogs": null,
      "rd": null,
      "sga": null,
      "fcf": 119518000,
      "ocf": 119518000,
      "capex": null,
      "gross_margin": null,
      "op_margin": null,
      "fcf_margin": 0.3920036734560005,
      "rev_growth_yoy": 0.020265431644324275,
      "rev_growth_yoy_accel": -0.031865059205402724,
      "fcf_margin_change": -0.34705022906570915
    },
    {
      "date": "2025-09-30T00:00:00",
      "quarter_label": "2025-09 (Q3)",
      "revenue": 311455000,
      "gross_profit": null,
      "operating_income": null,
      "net_income": null,
      "opex": null,
      "cogs": null,
      "rd": null,
      "sga": null,
      "fcf": 192011000,
      "ocf": 192011000,
      "capex": null,
      "gross_margin": null,
      "op_margin": null,
      "fcf_margin": 0.6164967651827712,
      "rev_growth_yoy": 0.006030595501117614,
      "rev_growth_yoy_accel": -0.01423483614320666,
      "fcf_margin_change": 0.22449309172677068
    }
  ],
  "signals": [
    {
      "quarter": "2025-09 (Q3)",
      "signal": "FCF MARGIN EXPANSION",
      "detail": "FCF margin: +39.2% -> +61.6% (+22.4%)",
      "severity": "MEDIUM"
    },
    {
      "quarter": "2025-03 (Q1)",
      "signal": "FCF MARGIN EXPANSION",
      "detail": "FCF margin: +55.1% -> +73.9% (+18.9%)",
      "severity": "MEDIUM"
    },
    {
      "quarter": "2024-09 (Q3)",
      "signal": "FCF MARGIN EXPANSION",
      "detail": "FCF margin: +48.4% -> +60.8% (+12.3%)",
      "severity": "MEDIUM"
    },
    {
      "quarter": "2023-12 (Q4)",
      "signal": "FCF MARGIN EXPANSION",
      "detail": "FCF margin: +51.8% -> +64.2% (+12.4%)",
      "severity": "MEDIUM"
    },
    {
      "quarter": "2023-09 (Q3)",
      "signal": "YoY REVENUE GROWTH ACCELERATION",
      "detail": "YoY growth: +8.7% vs prior quarter YoY: +1.5% (accel: +7.3%)",
      "severity": "MEDIUM"
    },
    {
      "quarter": "2023-06 (Q2)",
      "signal": "FCF MARGIN EXPANSION",
      "detail": "FCF margin: +42.5% -> +60.5% (+18.0%)",
      "severity": "MEDIUM"
    },
    {
      "quarter": "2022-12 (Q4)",
      "signal": "FCF MARGIN EXPANSION",
      "detail": "FCF margin: +36.5% -> +57.2% (+20.8%)",
      "severity": "MEDIUM"
    },
    {
      "quarter": "2022-06 (Q2)",
      "signal": "YoY REVENUE GROWTH ACCELERATION",
      "detail": "YoY growth: -0.9% vs prior quarter YoY: -6.6% (accel: +5.6%)",
      "severity": "MEDIUM"
    },
    {
      "quarter": "2021-12 (Q4)",
      "signal": "FCF MARGIN EXPANSION",
      "detail": "FCF margin: +52.8% -> +59.0% (+6.2%)",
      "severity": "MEDIUM"
    },
    {
      "quarter": "2021-06 (Q2)",
      "signal": "FCF MARGIN EXPANSION",
      "detail": "FCF margin: +44.0% -> +49.3% (+5.3%)",
      "severity": "MEDIUM"
    }
  ],
  "data_quality": {
    "n_quarters": 20,
    "coverage": {
      "revenue": [
        20,
        20
      ],
      "gross_profit": [
        0,
        20
      ],
      "op_income": [
        0,
        20
      ],
      "fcf": [
        20,
        20
      ]
    },
    "gaps": [],
    "warnings": [
      "gross_profit: no data",
      "op_income: no data"
    ]
  },
  "market_cap": null,
  "source": "SEC EDGAR",
  "last_updated": "2026-02-02T20:57:48.695373"
}