{
  "ticker": "ACVA",
  "name": "ACV Auctions Inc.",
  "sector": "Consumer Cyclical",
  "industry": "Auto & Truck Dealerships",
  "quarters": [
    {
      "date": "2021-03-31T00:00:00",
      "quarter_label": "2021-03 (Q1)",
      "revenue": 69086000,
      "gross_profit": null,
      "operating_income": -17133000,
      "net_income": -17375000,
      "opex": 86219000,
      "cogs": null,
      "rd": null,
      "sga": 23965000,
      "fcf": 45172000,
      "ocf": 45864000,
      "capex": -692000,
      "gross_margin": null,
      "op_margin": -0.24799525229424196,
      "fcf_margin": 0.6538517210433373
    },
    {
      "date": "2021-06-30T00:00:00",
      "quarter_label": "2021-06 (Q2)",
      "revenue": 97374000,
      "gross_profit": null,
      "operating_income": -9330000,
      "net_income": -9692000,
      "opex": 106704000,
      "cogs": null,
      "rd": null,
      "sga": 27513000,
      "fcf": 25978000,
      "ocf": 26950000,
      "capex": -972000,
      "gross_margin": null,
      "op_margin": -0.09581613161624253,
      "fcf_margin": 0.26678579497607163,
      "op_leverage_ratio": 1.723372696944082,
      "fcf_margin_change": -0.3870659260672657
    },
    {
      "date": "2021-09-30T00:00:00",
      "quarter_label": "2021-09 (Q3)",
      "revenue": 91798000,
      "gross_profit": null,
      "operating_income": -24650000,
      "net_income": -24803000,
      "opex": 116448000,
      "cogs": null,
      "rd": null,
      "sga": 33787000,
      "fcf": 15070000,
      "ocf": 15603000,
      "capex": -533000,
      "gross_margin": null,
      "op_margin": -0.26852436872263014,
      "fcf_margin": 0.1641647966186627,
      "fcf_margin_change": -0.10262099835740893
    },
    {
      "date": "2021-12-31T00:00:00",
      "quarter_label": "2021-12 (Q4)",
      "revenue": 100177000,
      "gross_profit": null,
      "operating_income": -25692000,
      "net_income": -26312000,
      "opex": 125869000,
      "cogs": null,
      "rd": null,
      "sga": 35892000,
      "fcf": -3499000,
      "ocf": -3127000,
      "capex": -372000,
      "gross_margin": null,
      "op_margin": -0.256466055082504,
      "fcf_margin": -0.03492817712648612,
      "op_leverage_ratio": 1.1282205376846322,
      "fcf_margin_change": -0.19909297374514884
    },
    {
      "date": "2022-03-31T00:00:00",
      "quarter_label": "2022-03 (Q1)",
      "revenue": 103065000,
      "gross_profit": null,
      "operating_income": -29089000,
      "net_income": -29495000,
      "opex": 132154000,
      "cogs": null,
      "rd": null,
      "sga": 36052000,
      "fcf": -32204000,
      "ocf": -31456000,
      "capex": -748000,
      "gross_margin": null,
      "op_margin": -0.2822393635084655,
      "fcf_margin": -0.31246300878086647,
      "incr_op_margin_yoy": -0.3518643868271579,
      "rev_growth_yoy": 0.4918362620501983,
      "op_leverage_ratio": 0.5773546486998045,
      "fcf_margin_change": -0.27753483165438037
    },
    {
      "date": "2022-06-30T00:00:00",
      "quarter_label": "2022-06 (Q2)",
      "revenue": 115072000,
      "gross_profit": null,
      "operating_income": -24739000,
      "net_income": -24515000,
      "opex": 139811000,
      "cogs": null,
      "rd": null,
      "sga": 36144000,
      "fcf": -42157000,
      "ocf": -41096000,
      "capex": -1061000,
      "gross_margin": null,
      "op_margin": -0.21498713848720802,
      "fcf_margin": -0.36635323971078976,
      "incr_op_margin_yoy": -0.8706633517911628,
      "rev_growth_yoy": 0.18175282929734837,
      "rev_growth_yoy_accel": -0.31008343275284994,
      "op_leverage_ratio": 2.0106893088214894,
      "fcf_margin_change": -0.05389023092992329
    },
    {
      "date": "2022-09-30T00:00:00",
      "quarter_label": "2022-09 (Q3)",
      "revenue": 105419000,
      "gross_profit": null,
      "operating_income": -25090000,
      "net_income": -23668000,
      "opex": 130509000,
      "cogs": null,
      "rd": null,
      "sga": 34701000,
      "fcf": -3600000,
      "ocf": -2757000,
      "capex": -843000,
      "gross_margin": null,
      "op_margin": -0.2380026370957797,
      "fcf_margin": -0.034149441751486924,
      "incr_op_margin_yoy": -0.032303061449232805,
      "rev_growth_yoy": 0.1483801390008497,
      "rev_growth_yoy_accel": -0.03337269029649867,
      "fcf_margin_change": 0.3322037979593028
    },
    {
      "date": "2022-12-31T00:00:00",
      "quarter_label": "2022-12 (Q4)",
      "revenue": 97973000,
      "gross_profit": null,
      "operating_income": -27291000,
      "net_income": -24515000,
      "opex": 125264000,
      "cogs": null,
      "rd": null,
      "sga": 36740000,
      "fcf": -425000,
      "ocf": 134000,
      "capex": -559000,
      "gross_margin": null,
      "op_margin": -0.278556336949976,
      "fcf_margin": -0.004337929837812458,
      "incr_op_margin_yoy": 0.7254990925589837,
      "rev_growth_yoy": -0.022001058127115006,
      "rev_growth_yoy_accel": -0.1703811971279647,
      "fcf_margin_change": 0.029811511913674465
    },
    {
      "date": "2023-03-31T00:00:00",
      "quarter_label": "2023-03 (Q1)",
      "revenue": 119626000,
      "gross_profit": null,
      "operating_income": -20834000,
      "net_income": -18200000,
      "opex": 140460000,
      "cogs": null,
      "rd": null,
      "sga": 41797000,
      "fcf": 42714000,
      "ocf": 42980000,
      "capex": -266000,
      "gross_margin": null,
      "op_margin": -0.17415946366174578,
      "fcf_margin": 0.357062845869627,
      "incr_op_margin_yoy": 0.4984602379083389,
      "rev_growth_yoy": 0.16068500460874205,
      "rev_growth_yoy_accel": 0.18268606273585705,
      "op_leverage_ratio": 1.8218334011567408,
      "fcf_margin_change": 0.36140077570743945
    },
    {
      "date": "2023-06-30T00:00:00",
      "quarter_label": "2023-06 (Q2)",
      "revenue": 124217000,
      "gross_profit": null,
      "operating_income": -19790000,
      "net_income": -15582000,
      "opex": 144007000,
      "cogs": null,
      "rd": null,
      "sga": 41180000,
      "fcf": -20238000,
      "ocf": -19624000,
      "capex": -614000,
      "gross_margin": null,
      "op_margin": -0.1593179677499859,
      "fcf_margin": -0.16292455944033427,
      "incr_op_margin_yoy": 0.5411700382722799,
      "rev_growth_yoy": 0.07947198275862069,
      "rev_growth_yoy_accel": -0.08121302185012136,
      "op_leverage_ratio": 1.519753622123224,
      "fcf_margin_change": -0.5199874053099612
    },
    {
      "date": "2023-09-30T00:00:00",
      "quarter_label": "2023-09 (Q3)",
      "revenue": 119014000,
      "gross_profit": null,
      "operating_income": -22287000,
      "net_income": -18238000,
      "opex": 141301000,
      "cogs": null,
      "rd": null,
      "sga": 40797000,
      "fcf": -15383000,
      "ocf": -14745000,
      "capex": -638000,
      "gross_margin": null,
      "op_margin": -0.1872636832641538,
      "fcf_margin": -0.12925370124523167,
      "incr_op_margin_yoy": 0.2061787421846267,
      "rev_growth_yoy": 0.12896157239207354,
      "rev_growth_yoy_accel": 0.049489589633452846,
      "fcf_margin_change": 0.0336708581951026
    },
    {
      "date": "2023-12-31T00:00:00",
      "quarter_label": "2023-12 (Q4)",
      "revenue": 118377000,
      "gross_profit": null,
      "operating_income": -26766000,
      "net_income": -23241000,
      "opex": 145143000,
      "cogs": null,
      "rd": null,
      "sga": 42821000,
      "fcf": -27308000,
      "ocf": -26496000,
      "capex": -812000,
      "gross_margin": null,
      "op_margin": -0.226108112217745,
      "fcf_margin": -0.23068670434290445,
      "incr_op_margin_yoy": 0.025730248970790043,
      "rev_growth_yoy": 0.20826145978994212,
      "rev_growth_yoy_accel": 0.07929988739786858,
      "fcf_margin_change": -0.10143300309767278
    },
    {
      "date": "2024-03-31T00:00:00",
      "quarter_label": "2024-03 (Q1)",
      "revenue": 145689000,
      "gross_profit": null,
      "operating_income": -22527000,
      "net_income": -20471000,
      "opex": 168216000,
      "cogs": null,
      "rd": null,
      "sga": 53853000,
      "fcf": 41900000,
      "ocf": 42975000,
      "capex": -1075000,
      "gross_margin": null,
      "op_margin": -0.15462389061631282,
      "fcf_margin": 0.28759892648037944,
      "incr_op_margin_yoy": -0.06495798641752676,
      "rev_growth_yoy": 0.21787069700566766,
      "rev_growth_yoy_accel": 0.009609237215725541,
      "op_leverage_ratio": 1.4513702059069498,
      "fcf_margin_change": 0.5182856308232839
    },
    {
      "date": "2024-06-30T00:00:00",
      "quarter_label": "2024-06 (Q2)",
      "revenue": 160624000,
      "gross_profit": null,
      "operating_income": -18641000,
      "net_income": -17063000,
      "opex": 179265000,
      "cogs": null,
      "rd": null,
      "sga": 51912000,
      "fcf": 2719000,
      "ocf": 4516000,
      "capex": -1797000,
      "gross_margin": null,
      "op_margin": -0.11605364080087659,
      "fcf_margin": 0.016927731845801375,
      "incr_op_margin_yoy": 0.03155986486115307,
      "rev_growth_yoy": 0.2930919278359645,
      "rev_growth_yoy_accel": 0.07522123083029683,
      "op_leverage_ratio": 1.5607120831165384,
      "fcf_margin_change": -0.27067119463457806
    },
    {
      "date": "2024-09-30T00:00:00",
      "quarter_label": "2024-09 (Q3)",
      "revenue": 171329000,
      "gross_profit": null,
      "operating_income": -17139000,
      "net_income": -16029000,
      "opex": 188468000,
      "cogs": null,
      "rd": null,
      "sga": 54973000,
      "fcf": 20163000,
      "ocf": 21125000,
      "capex": -962000,
      "gross_margin": null,
      "op_margin": -0.10003560401333107,
      "fcf_margin": 0.11768585586794997,
      "incr_op_margin_yoy": 0.09840389945522317,
      "rev_growth_yoy": 0.43957013460601274,
      "rev_growth_yoy_accel": 0.14647820677004825,
      "op_leverage_ratio": 1.2982021324321835,
      "fcf_margin_change": 0.10075812402214859
    },
    {
      "date": "2024-12-31T00:00:00",
      "quarter_label": "2024-12 (Q4)",
      "revenue": 159514000,
      "gross_profit": null,
      "operating_income": -25798000,
      "net_income": -26137000,
      "opex": 185312000,
      "cogs": null,
      "rd": null,
      "sga": 56697000,
      "fcf": -3924000,
      "ocf": -3219000,
      "capex": -705000,
      "gross_margin": null,
      "op_margin": -0.16172875108140977,
      "fcf_margin": -0.024599721654525623,
      "incr_op_margin_yoy": 0.023531127695262173,
      "rev_growth_yoy": 0.3475083842300447,
      "rev_growth_yoy_accel": -0.09206175037596803,
      "fcf_margin_change": -0.1422855775224756
    },
    {
      "date": "2025-03-31T00:00:00",
      "quarter_label": "2025-03 (Q1)",
      "revenue": 182697000,
      "gross_profit": null,
      "operating_income": -14431000,
      "net_income": -14817000,
      "opex": 197128000,
      "cogs": null,
      "rd": null,
      "sga": 59018000,
      "fcf": 65278000,
      "ocf": 66624000,
      "capex": -1346000,
      "gross_margin": null,
      "op_margin": -0.07898870807949775,
      "fcf_margin": 0.3573019808754386,
      "incr_op_margin_yoy": 0.21876351059230437,
      "rev_growth_yoy": 0.25402055062496137,
      "rev_growth_yoy_accel": -0.09348783360508334,
      "op_leverage_ratio": 2.2793125961679355,
      "fcf_margin_change": 0.3819017025299642
    },
    {
      "date": "2025-06-30T00:00:00",
      "quarter_label": "2025-06 (Q2)",
      "revenue": 193703000,
      "gross_profit": null,
      "operating_income": -7195000,
      "net_income": -7298000,
      "opex": 200898000,
      "cogs": null,
      "rd": null,
      "sga": 52972000,
      "fcf": 10856000,
      "ocf": 13715000,
      "capex": -2859000,
      "gross_margin": null,
      "op_margin": -0.03714449440638503,
      "fcf_margin": 0.05604456306820235,
      "incr_op_margin_yoy": 0.3460201336195169,
      "rev_growth_yoy": 0.20594058173124813,
      "rev_growth_yoy_accel": -0.04807996889371324,
      "op_leverage_ratio": 3.1499601382288995,
      "fcf_margin_change": -0.30125741780723625
    },
    {
      "date": "2025-09-30T00:00:00",
      "quarter_label": "2025-09 (Q3)",
      "revenue": 199561000,
      "gross_profit": null,
      "operating_income": -23717000,
      "net_income": -24465000,
      "opex": 223278000,
      "cogs": null,
      "rd": null,
      "sga": 72826000,
      "fcf": 7651000,
      "ocf": 10253000,
      "capex": -2602000,
      "gross_margin": null,
      "op_margin": -0.1188458666773568,
      "fcf_margin": 0.03833915444400459,
      "incr_op_margin_yoy": -0.23299801643525078,
      "rev_growth_yoy": 0.16478237776441818,
      "rev_growth_yoy_accel": -0.041158203966829954,
      "op_leverage_ratio": 0.27147419339734596,
      "fcf_margin_change": -0.017705408624197762
    },
    {
      "date": "2025-12-31T00:00:00",
      "quarter_label": "2025-12 (Q4)",
      "revenue": 183645000,
      "gross_profit": null,
      "operating_income": -17848000,
      "net_income": -19561000,
      "opex": 201493000,
      "cogs": null,
      "rd": null,
      "sga": 50175000,
      "fcf": -14651000,
      "ocf": -12360000,
      "capex": -2291000,
      "gross_margin": null,
      "op_margin": -0.09718750850826323,
      "fcf_margin": -0.07977892128835525,
      "incr_op_margin_yoy": 0.3294517425717956,
      "rev_growth_yoy": 0.1512782577077874,
      "rev_growth_yoy_accel": -0.013504120056630764,
      "fcf_margin_change": -0.11811807573235983
    }
  ],
  "signals": [
    {
      "quarter": "2025-06 (Q2)",
      "signal": "OPERATING LEVERAGE",
      "detail": "Rev growth +6.0% vs OpEx growth +1.9% (leverage: 3.1x)",
      "severity": "MEDIUM"
    },
    {
      "quarter": "2025-03 (Q1)",
      "signal": "FCF TURNED POSITIVE",
      "detail": "FCF margin: -2.5% -> +35.7%",
      "severity": "HIGH"
    },
    {
      "quarter": "2025-03 (Q1)",
      "signal": "OPERATING LEVERAGE",
      "detail": "Rev growth +14.5% vs OpEx growth +6.4% (leverage: 2.3x)",
      "severity": "MEDIUM"
    },
    {
      "quarter": "2025-03 (Q1)",
      "signal": "YoY REVENUE GROWTH DECELERATION",
      "detail": "YoY growth: +25.4% vs prior quarter YoY: +34.8% (decel: -9.3%)",
      "severity": "WARNING"
    },
    {
      "quarter": "2024-12 (Q4)",
      "signal": "YoY REVENUE GROWTH DECELERATION",
      "detail": "YoY growth: +34.8% vs prior quarter YoY: +44.0% (decel: -9.2%)",
      "severity": "WARNING"
    },
    {
      "quarter": "2024-09 (Q3)",
      "signal": "FCF MARGIN EXPANSION",
      "detail": "FCF margin: +1.7% -> +11.8% (+10.1%)",
      "severity": "MEDIUM"
    },
    {
      "quarter": "2024-09 (Q3)",
      "signal": "YoY REVENUE GROWTH ACCELERATION",
      "detail": "YoY growth: +44.0% vs prior quarter YoY: +29.3% (accel: +14.6%)",
      "severity": "MEDIUM"
    },
    {
      "quarter": "2024-06 (Q2)",
      "signal": "OPERATING LEVERAGE",
      "detail": "Rev growth +10.3% vs OpEx growth +6.6% (leverage: 1.6x)",
      "severity": "MEDIUM"
    },
    {
      "quarter": "2024-06 (Q2)",
      "signal": "YoY REVENUE GROWTH ACCELERATION",
      "detail": "YoY growth: +29.3% vs prior quarter YoY: +21.8% (accel: +7.5%)",
      "severity": "MEDIUM"
    },
    {
      "quarter": "2024-03 (Q1)",
      "signal": "FCF TURNED POSITIVE",
      "detail": "FCF margin: -23.1% -> +28.8%",
      "severity": "HIGH"
    },
    {
      "quarter": "2023-12 (Q4)",
      "signal": "YoY REVENUE GROWTH ACCELERATION",
      "detail": "YoY growth: +20.8% vs prior quarter YoY: +12.9% (accel: +7.9%)",
      "severity": "MEDIUM"
    },
    {
      "quarter": "2023-06 (Q2)",
      "signal": "OPERATING LEVERAGE",
      "detail": "Rev growth +3.8% vs OpEx growth +2.5% (leverage: 1.5x)",
      "severity": "MEDIUM"
    },
    {
      "quarter": "2023-06 (Q2)",
      "signal": "YoY REVENUE GROWTH DECELERATION",
      "detail": "YoY growth: +7.9% vs prior quarter YoY: +16.1% (decel: -8.1%)",
      "severity": "WARNING"
    },
    {
      "quarter": "2023-03 (Q1)",
      "signal": "FCF TURNED POSITIVE",
      "detail": "FCF margin: -0.4% -> +35.7%",
      "severity": "HIGH"
    },
    {
      "quarter": "2023-03 (Q1)",
      "signal": "OPERATING LEVERAGE",
      "detail": "Rev growth +22.1% vs OpEx growth +12.1% (leverage: 1.8x)",
      "severity": "MEDIUM"
    },
    {
      "quarter": "2023-03 (Q1)",
      "signal": "YoY REVENUE GROWTH ACCELERATION",
      "detail": "YoY growth: +16.1% vs prior quarter YoY: -2.2% (accel: +18.3%)",
      "severity": "HIGH"
    },
    {
      "quarter": "2022-12 (Q4)",
      "signal": "YoY REVENUE GROWTH DECELERATION",
      "detail": "YoY growth: -2.2% vs prior quarter YoY: +14.8% (decel: -17.0%)",
      "severity": "WARNING"
    },
    {
      "quarter": "2022-09 (Q3)",
      "signal": "FCF MARGIN EXPANSION",
      "detail": "FCF margin: -36.6% -> -3.4% (+33.2%)",
      "severity": "MEDIUM"
    },
    {
      "quarter": "2022-06 (Q2)",
      "signal": "OPERATING LEVERAGE",
      "detail": "Rev growth +11.6% vs OpEx growth +5.8% (leverage: 2.0x)",
      "severity": "MEDIUM"
    },
    {
      "quarter": "2022-06 (Q2)",
      "signal": "YoY REVENUE GROWTH DECELERATION",
      "detail": "YoY growth: +18.2% vs prior quarter YoY: +49.2% (decel: -31.0%)",
      "severity": "WARNING"
    },
    {
      "quarter": "2021-06 (Q2)",
      "signal": "OPERATING LEVERAGE",
      "detail": "Rev growth +40.9% vs OpEx growth +23.8% (leverage: 1.7x)",
      "severity": "MEDIUM"
    }
  ],
  "data_quality": {
    "n_quarters": 20,
    "coverage": {
      "revenue": [
        20,
        20
      ],
      "gross_profit": [
        0,
        20
      ],
      "op_income": [
        20,
        20
      ],
      "fcf": [
        20,
        20
      ]
    },
    "gaps": [],
    "warnings": [
      "gross_profit: no data"
    ]
  },
  "market_cap": null,
  "source": "SEC EDGAR",
  "last_updated": "2026-02-24T10:07:26.870974"
}