{
  "ticker": "ADBE",
  "name": "ADOBE INC.",
  "quarters": [
    {
      "date": "2021-03-05T00:00:00",
      "quarter_label": "2021-03 (Q1)",
      "revenue": 3905000000,
      "gross_profit": 3458000000,
      "operating_income": 1454000000,
      "net_income": 1261000000,
      "opex": 2004000000,
      "cogs": 447000000,
      "rd": null,
      "sga": null,
      "fcf": 1713000000,
      "ocf": 1772000000,
      "capex": -59000000,
      "gross_margin": 0.8855313700384123,
      "op_margin": 0.37234314980793853,
      "fcf_margin": 0.43866837387964147
    },
    {
      "date": "2021-06-04T00:00:00",
      "quarter_label": "2021-06 (Q2)",
      "revenue": 3835000000,
      "gross_profit": 3391000000,
      "operating_income": 1406000000,
      "net_income": 1116000000,
      "opex": 1985000000,
      "cogs": 444000000,
      "rd": null,
      "sga": null,
      "fcf": 1893000000,
      "ocf": 1988000000,
      "capex": -95000000,
      "gross_margin": 0.8842242503259452,
      "op_margin": 0.3666232073011734,
      "fcf_margin": 0.4936114732724902,
      "fcf_margin_change": 0.05494309939284875
    },
    {
      "date": "2021-09-03T00:00:00",
      "quarter_label": "2021-09 (Q3)",
      "revenue": 3935000000,
      "gross_profit": 3468000000,
      "operating_income": 1441000000,
      "net_income": 1212000000,
      "opex": 2027000000,
      "cogs": 467000000,
      "rd": null,
      "sga": null,
      "fcf": 1309000000,
      "ocf": 1404000000,
      "capex": -95000000,
      "gross_margin": 0.8813214739517153,
      "op_margin": 0.3662007623888183,
      "fcf_margin": 0.33265565438373573,
      "op_leverage_ratio": 1.2323834357732664,
      "fcf_margin_change": -0.1609558188887545
    },
    {
      "date": "2021-12-03T00:00:00",
      "quarter_label": "2021-12 (Q4)",
      "revenue": 4110000000,
      "gross_profit": 3603000000,
      "operating_income": 1501000000,
      "net_income": 1233000000,
      "opex": 2102000000,
      "cogs": 507000000,
      "rd": null,
      "sga": null,
      "fcf": 1967000000,
      "ocf": 2066000000,
      "capex": -99000000,
      "gross_margin": 0.8766423357664234,
      "op_margin": 0.3652068126520681,
      "fcf_margin": 0.4785888077858881,
      "op_leverage_ratio": 1.2019483269800932,
      "fcf_margin_change": 0.14593315340215235
    },
    {
      "date": "2022-03-04T00:00:00",
      "quarter_label": "2022-03 (Q1)",
      "revenue": 4262000000,
      "gross_profit": 3750000000,
      "operating_income": 1580000000,
      "net_income": 1266000000,
      "opex": 2170000000,
      "cogs": 512000000,
      "rd": null,
      "sga": null,
      "fcf": 1669000000,
      "ocf": 1769000000,
      "capex": -100000000,
      "gross_margin": 0.8798686062881277,
      "op_margin": 0.3707179727827311,
      "fcf_margin": 0.3916001877053027,
      "incr_op_margin_yoy": 0.35294117647058826,
      "rev_growth_yoy": 0.0914212548015365,
      "op_leverage_ratio": 1.1432088163732645,
      "fcf_margin_change": -0.08698862008058539
    },
    {
      "date": "2022-06-03T00:00:00",
      "quarter_label": "2022-06 (Q2)",
      "revenue": 4386000000,
      "gross_profit": 3847000000,
      "operating_income": 1529000000,
      "net_income": 1178000000,
      "opex": 2318000000,
      "cogs": 539000000,
      "rd": null,
      "sga": null,
      "fcf": 1914000000,
      "ocf": 2040000000,
      "capex": -126000000,
      "gross_margin": 0.877108983128135,
      "op_margin": 0.348609211126311,
      "fcf_margin": 0.4363885088919289,
      "incr_op_margin_yoy": 0.22323049001814882,
      "rev_growth_yoy": 0.14367666232073012,
      "rev_growth_yoy_accel": 0.05225540751919362,
      "op_leverage_ratio": 0.4265856659099268,
      "fcf_margin_change": 0.04478832118662618
    },
    {
      "date": "2022-09-02T00:00:00",
      "quarter_label": "2022-09 (Q3)",
      "revenue": 4433000000,
      "gross_profit": 3887000000,
      "operating_income": 1484000000,
      "net_income": 1136000000,
      "opex": 2403000000,
      "cogs": 546000000,
      "rd": null,
      "sga": null,
      "fcf": 1579000000,
      "ocf": 1704000000,
      "capex": -125000000,
      "gross_margin": 0.8768328445747801,
      "op_margin": 0.33476201218136703,
      "fcf_margin": 0.3561921949018723,
      "incr_op_margin_yoy": 0.08634538152610442,
      "rev_growth_yoy": 0.12655654383735704,
      "rev_growth_yoy_accel": -0.01712011848337308,
      "op_leverage_ratio": 0.2922292856951262,
      "fcf_margin_change": -0.08019631399005656
    },
    {
      "date": "2022-12-02T00:00:00",
      "quarter_label": "2022-12 (Q4)",
      "revenue": 4525000000,
      "gross_profit": 3957000000,
      "operating_income": 1505000000,
      "net_income": 1176000000,
      "opex": 2452000000,
      "cogs": 568000000,
      "rd": null,
      "sga": null,
      "fcf": 2234000000,
      "ocf": 2325000000,
      "capex": -91000000,
      "gross_margin": 0.874475138121547,
      "op_margin": 0.33259668508287293,
      "fcf_margin": 0.49370165745856354,
      "incr_op_margin_yoy": 0.00963855421686747,
      "rev_growth_yoy": 0.10097323600973236,
      "rev_growth_yoy_accel": -0.025583307827624677,
      "op_leverage_ratio": 1.017765644493755,
      "fcf_margin_change": 0.13750946255669122
    },
    {
      "date": "2023-03-03T00:00:00",
      "quarter_label": "2023-03 (Q1)",
      "revenue": 4655000000,
      "gross_profit": 4087000000,
      "operating_income": 1586000000,
      "net_income": 1247000000,
      "opex": 2501000000,
      "cogs": 568000000,
      "rd": null,
      "sga": null,
      "fcf": 1592000000,
      "ocf": 1693000000,
      "capex": -101000000,
      "gross_margin": 0.8779806659505908,
      "op_margin": 0.3407089151450054,
      "fcf_margin": 0.34199785177228786,
      "incr_op_margin_yoy": 0.015267175572519083,
      "rev_growth_yoy": 0.09221022993899577,
      "rev_growth_yoy_accel": -0.008763006070736587,
      "op_leverage_ratio": 1.437636712143421,
      "fcf_margin_change": -0.15170380568627567
    },
    {
      "date": "2023-06-02T00:00:00",
      "quarter_label": "2023-06 (Q2)",
      "revenue": 4816000000,
      "gross_profit": 4244000000,
      "operating_income": 1624000000,
      "net_income": 1295000000,
      "opex": 2620000000,
      "cogs": 572000000,
      "rd": null,
      "sga": null,
      "fcf": 2018000000,
      "ocf": 2139000000,
      "capex": -121000000,
      "gross_margin": 0.8812292358803987,
      "op_margin": 0.3372093023255814,
      "fcf_margin": 0.41901993355481726,
      "incr_op_margin_yoy": 0.22093023255813954,
      "rev_growth_yoy": 0.09803921568627451,
      "rev_growth_yoy_accel": 0.005828985747278734,
      "op_leverage_ratio": 0.7268970746193214,
      "fcf_margin_change": 0.0770220817825294
    },
    {
      "date": "2023-09-01T00:00:00",
      "quarter_label": "2023-09 (Q3)",
      "revenue": 4890000000,
      "gross_profit": 4310000000,
      "operating_income": 1697000000,
      "net_income": 1403000000,
      "opex": 2613000000,
      "cogs": 580000000,
      "rd": null,
      "sga": null,
      "fcf": 1782000000,
      "ocf": 1873000000,
      "capex": -91000000,
      "gross_margin": 0.8813905930470347,
      "op_margin": 0.34703476482617585,
      "fcf_margin": 0.36441717791411044,
      "incr_op_margin_yoy": 0.4660831509846827,
      "rev_growth_yoy": 0.1030904579291676,
      "rev_growth_yoy_accel": 0.005051242242893092,
      "op_leverage_ratio": Infinity,
      "fcf_margin_change": -0.054602755640706824
    },
    {
      "date": "2023-12-01T00:00:00",
      "quarter_label": "2023-12 (Q4)",
      "revenue": 5048000000,
      "gross_profit": 4414000000,
      "operating_income": 1743000000,
      "net_income": 1483000000,
      "opex": 2671000000,
      "cogs": 634000000,
      "rd": null,
      "sga": null,
      "fcf": 1550000000,
      "ocf": 1597000000,
      "capex": -47000000,
      "gross_margin": 0.874405705229794,
      "op_margin": 0.3452852614896989,
      "fcf_margin": 0.3070522979397781,
      "incr_op_margin_yoy": 0.45506692160611856,
      "rev_growth_yoy": 0.11558011049723757,
      "rev_growth_yoy_accel": 0.01248965256806997,
      "op_leverage_ratio": 1.4556589803257882,
      "fcf_margin_change": -0.05736487997433232
    },
    {
      "date": "2024-03-01T00:00:00",
      "quarter_label": "2024-03 (Q1)",
      "revenue": 5182000000,
      "gross_profit": 4592000000,
      "operating_income": 907000000,
      "net_income": 620000000,
      "opex": 3685000000,
      "cogs": 590000000,
      "rd": null,
      "sga": null,
      "fcf": 1137000000,
      "ocf": 1174000000,
      "capex": -37000000,
      "gross_margin": 0.8861443458124276,
      "op_margin": 0.17502894635275956,
      "fcf_margin": 0.2194133539174064,
      "incr_op_margin_yoy": -1.28842504743833,
      "rev_growth_yoy": 0.11321160042964554,
      "rev_growth_yoy_accel": -0.0023685100675920334,
      "op_leverage_ratio": 0.06992321445875023,
      "fcf_margin_change": -0.08763894402237171
    },
    {
      "date": "2024-05-31T00:00:00",
      "quarter_label": "2024-05 (Q2)",
      "revenue": 5309000000,
      "gross_profit": 4711000000,
      "operating_income": 1885000000,
      "net_income": 1573000000,
      "opex": 2826000000,
      "cogs": 598000000,
      "rd": null,
      "sga": null,
      "fcf": 1899000000,
      "ocf": 1940000000,
      "capex": -41000000,
      "gross_margin": 0.8873610849500848,
      "op_margin": 0.35505744961386326,
      "fcf_margin": 0.35769448106988133,
      "incr_op_margin_yoy": 0.5294117647058824,
      "rev_growth_yoy": 0.10236710963455149,
      "rev_growth_yoy_accel": -0.010844490795094044,
      "op_leverage_ratio": Infinity,
      "fcf_margin_change": 0.13828112715247493
    },
    {
      "date": "2024-08-30T00:00:00",
      "quarter_label": "2024-08 (Q3)",
      "revenue": 5408000000,
      "gross_profit": 4854000000,
      "operating_income": 1992000000,
      "net_income": 1684000000,
      "opex": 2862000000,
      "cogs": 554000000,
      "rd": null,
      "sga": null,
      "fcf": 1964000000,
      "ocf": 2021000000,
      "capex": -57000000,
      "gross_margin": 0.8975591715976331,
      "op_margin": 0.3683431952662722,
      "fcf_margin": 0.3631656804733728,
      "incr_op_margin_yoy": 0.5694980694980695,
      "rev_growth_yoy": 0.10593047034764826,
      "rev_growth_yoy_accel": 0.0035633607130967637,
      "op_leverage_ratio": 1.4638349971746092,
      "fcf_margin_change": 0.005471199403491445
    },
    {
      "date": "2024-11-29T00:00:00",
      "quarter_label": "2024-11 (Q4)",
      "revenue": 5606000000,
      "gross_profit": 4990000000,
      "operating_income": 1957000000,
      "net_income": 1683000000,
      "opex": 3033000000,
      "cogs": 616000000,
      "rd": null,
      "sga": null,
      "fcf": 2873000000,
      "ocf": 2921000000,
      "capex": -48000000,
      "gross_margin": 0.8901177310024974,
      "op_margin": 0.34909026043524793,
      "fcf_margin": 0.512486621476989,
      "incr_op_margin_yoy": 0.3835125448028674,
      "rev_growth_yoy": 0.11053882725832012,
      "rev_growth_yoy_accel": 0.004608356910671865,
      "op_leverage_ratio": 0.612776393646839,
      "fcf_margin_change": 0.1493209410036162
    },
    {
      "date": "2025-02-28T00:00:00",
      "quarter_label": "2025-02 (Q1)",
      "revenue": 5714000000,
      "gross_profit": 5092000000,
      "operating_income": 2163000000,
      "net_income": 1811000000,
      "opex": 2929000000,
      "cogs": 622000000,
      "rd": null,
      "sga": null,
      "fcf": 2456000000,
      "ocf": 2482000000,
      "capex": -26000000,
      "gross_margin": 0.8911445572278613,
      "op_margin": 0.3785439271963598,
      "fcf_margin": 0.42982149107455375,
      "incr_op_margin_yoy": 2.3609022556390977,
      "rev_growth_yoy": 0.10266306445387881,
      "rev_growth_yoy_accel": -0.007875762804441314,
      "op_leverage_ratio": Infinity,
      "fcf_margin_change": -0.08266513040243523
    },
    {
      "date": "2025-05-30T00:00:00",
      "quarter_label": "2025-05 (Q2)",
      "revenue": 5873000000,
      "gross_profit": 5235000000,
      "operating_income": 2109000000,
      "net_income": 1691000000,
      "opex": 3126000000,
      "cogs": 638000000,
      "rd": null,
      "sga": null,
      "fcf": 2144000000,
      "ocf": 2191000000,
      "capex": -47000000,
      "gross_margin": 0.8913672739656053,
      "op_margin": 0.35910097054316364,
      "fcf_margin": 0.3650604461093138,
      "incr_op_margin_yoy": 0.3971631205673759,
      "rev_growth_yoy": 0.10623469579958561,
      "rev_growth_yoy_accel": 0.003571631345706802,
      "op_leverage_ratio": 0.41372335114217634,
      "fcf_margin_change": -0.06476104496523993
    },
    {
      "date": "2025-08-29T00:00:00",
      "quarter_label": "2025-08 (Q3)",
      "revenue": 5988000000,
      "gross_profit": 5346000000,
      "operating_income": 2173000000,
      "net_income": 1772000000,
      "opex": 3173000000,
      "cogs": 642000000,
      "rd": null,
      "sga": null,
      "fcf": 2126000000,
      "ocf": 2198000000,
      "capex": -72000000,
      "gross_margin": 0.8927855711422845,
      "op_margin": 0.36289245156980626,
      "fcf_margin": 0.3550434201736807,
      "incr_op_margin_yoy": 0.3120689655172414,
      "rev_growth_yoy": 0.10724852071005918,
      "rev_growth_yoy_accel": 0.001013824910473568,
      "op_leverage_ratio": 1.3023537211400171,
      "fcf_margin_change": -0.01001702593563314
    },
    {
      "date": "2025-11-28T00:00:00",
      "quarter_label": "2025-11 (Q4)",
      "revenue": 6194000000,
      "gross_profit": 5545000000,
      "operating_income": 2261000000,
      "net_income": 1856000000,
      "opex": 3284000000,
      "cogs": 649000000,
      "rd": null,
      "sga": null,
      "fcf": 3126000000,
      "ocf": 3160000000,
      "capex": -34000000,
      "gross_margin": 0.8952211817888279,
      "op_margin": 0.36503067484662577,
      "fcf_margin": 0.5046819502744592,
      "incr_op_margin_yoy": 0.5170068027210885,
      "rev_growth_yoy": 0.1048876204067071,
      "rev_growth_yoy_accel": -0.0023609003033520787,
      "op_leverage_ratio": 0.9834052489363111,
      "fcf_margin_change": 0.1496385301007785
    }
  ],
  "signals": [
    {
      "quarter": "2025-11 (Q4)",
      "signal": "FCF MARGIN EXPANSION",
      "detail": "FCF margin: +35.5% -> +50.5% (+15.0%)",
      "severity": "MEDIUM"
    },
    {
      "quarter": "2025-11 (Q4)",
      "signal": "INCREMENTAL MARGIN (YoY)",
      "detail": "YoY Incr OPM: +51.7% vs year-ago OPM: +34.9%",
      "severity": "MEDIUM"
    },
    {
      "quarter": "2025-02 (Q1)",
      "signal": "INCREMENTAL MARGIN (YoY)",
      "detail": "YoY Incr OPM: +236.1% vs year-ago OPM: +17.5%",
      "severity": "HIGH"
    },
    {
      "quarter": "2024-11 (Q4)",
      "signal": "FCF MARGIN EXPANSION",
      "detail": "FCF margin: +36.3% -> +51.2% (+14.9%)",
      "severity": "MEDIUM"
    },
    {
      "quarter": "2024-08 (Q3)",
      "signal": "INCREMENTAL MARGIN (YoY)",
      "detail": "YoY Incr OPM: +56.9% vs year-ago OPM: +34.7%",
      "severity": "HIGH"
    },
    {
      "quarter": "2024-05 (Q2)",
      "signal": "FCF MARGIN EXPANSION",
      "detail": "FCF margin: +21.9% -> +35.8% (+13.8%)",
      "severity": "MEDIUM"
    },
    {
      "quarter": "2024-05 (Q2)",
      "signal": "INCREMENTAL MARGIN (YoY)",
      "detail": "YoY Incr OPM: +52.9% vs year-ago OPM: +33.7%",
      "severity": "MEDIUM"
    },
    {
      "quarter": "2023-12 (Q4)",
      "signal": "INCREMENTAL MARGIN (YoY)",
      "detail": "YoY Incr OPM: +45.5% vs year-ago OPM: +33.3%",
      "severity": "MEDIUM"
    },
    {
      "quarter": "2023-09 (Q3)",
      "signal": "INCREMENTAL MARGIN (YoY)",
      "detail": "YoY Incr OPM: +46.6% vs year-ago OPM: +33.5%",
      "severity": "MEDIUM"
    },
    {
      "quarter": "2023-06 (Q2)",
      "signal": "FCF MARGIN EXPANSION",
      "detail": "FCF margin: +34.2% -> +41.9% (+7.7%)",
      "severity": "MEDIUM"
    },
    {
      "quarter": "2022-12 (Q4)",
      "signal": "FCF MARGIN EXPANSION",
      "detail": "FCF margin: +35.6% -> +49.4% (+13.8%)",
      "severity": "MEDIUM"
    },
    {
      "quarter": "2022-06 (Q2)",
      "signal": "YoY REVENUE GROWTH ACCELERATION",
      "detail": "YoY growth: +14.4% vs prior quarter YoY: +9.1% (accel: +5.2%)",
      "severity": "MEDIUM"
    },
    {
      "quarter": "2021-12 (Q4)",
      "signal": "FCF MARGIN EXPANSION",
      "detail": "FCF margin: +33.3% -> +47.9% (+14.6%)",
      "severity": "MEDIUM"
    },
    {
      "quarter": "2021-06 (Q2)",
      "signal": "FCF MARGIN EXPANSION",
      "detail": "FCF margin: +43.9% -> +49.4% (+5.5%)",
      "severity": "MEDIUM"
    }
  ],
  "data_quality": {
    "n_quarters": 20,
    "coverage": {
      "revenue": [
        20,
        20
      ],
      "gross_profit": [
        20,
        20
      ],
      "op_income": [
        20,
        20
      ],
      "fcf": [
        20,
        20
      ]
    },
    "gaps": [],
    "warnings": []
  },
  "market_cap": null,
  "source": "SEC EDGAR",
  "last_updated": "2026-02-02T19:48:26.841078"
}