{
  "ticker": "ADC",
  "name": "AGREE REALTY CORPORATION",
  "sector": "Real Estate",
  "industry": "REIT - Retail",
  "quarters": [
    {
      "date": "2021-03-31T00:00:00",
      "quarter_label": "2021-03 (Q1)",
      "revenue": 77829000,
      "gross_profit": null,
      "operating_income": 39878000,
      "net_income": 30112000,
      "opex": 37951000,
      "cogs": null,
      "rd": null,
      "sga": null,
      "fcf": -342105000,
      "ocf": 45795000,
      "capex": -387900000,
      "gross_margin": null,
      "op_margin": 0.5123797042233614,
      "fcf_margin": -4.395598041861003
    },
    {
      "date": "2021-06-30T00:00:00",
      "quarter_label": "2021-06 (Q2)",
      "revenue": 82546000,
      "gross_profit": null,
      "operating_income": 43356000,
      "net_income": 22347000,
      "opex": 39190000,
      "cogs": null,
      "rd": null,
      "sga": null,
      "fcf": -274849000,
      "ocf": 72151000,
      "capex": -347000000,
      "gross_margin": null,
      "op_margin": 0.5252344147505633,
      "fcf_margin": -3.329646500133259,
      "op_leverage_ratio": 1.856420448085879,
      "fcf_margin_change": 1.065951541727744
    },
    {
      "date": "2021-09-30T00:00:00",
      "quarter_label": "2021-09 (Q3)",
      "revenue": 87537000,
      "gross_profit": null,
      "operating_income": 50286000,
      "net_income": 36663000,
      "opex": 40721000,
      "cogs": null,
      "rd": null,
      "sga": null,
      "fcf": -272579000,
      "ocf": 68021000,
      "capex": -340600000,
      "gross_margin": null,
      "op_margin": 0.574454230782412,
      "fcf_margin": -3.113871848475502,
      "op_leverage_ratio": 1.5477172018157663,
      "fcf_margin_change": 0.21577465165775722
    },
    {
      "date": "2021-12-31T00:00:00",
      "quarter_label": "2021-12 (Q4)",
      "revenue": 91412000,
      "gross_profit": null,
      "operating_income": 47037000,
      "net_income": 33150000,
      "opex": 46304000,
      "cogs": null,
      "rd": null,
      "sga": null,
      "fcf": -254552000,
      "ocf": 60348000,
      "capex": -314900000,
      "gross_margin": null,
      "op_margin": 0.5145604515818493,
      "fcf_margin": -2.784667220933794,
      "op_leverage_ratio": 0.32287235011543064,
      "fcf_margin_change": 0.32920462754170776
    },
    {
      "date": "2022-03-31T00:00:00",
      "quarter_label": "2022-03 (Q1)",
      "revenue": 98342000,
      "gross_profit": null,
      "operating_income": 50939000,
      "net_income": 36113000,
      "opex": 49688000,
      "cogs": null,
      "rd": null,
      "sga": null,
      "fcf": -348333000,
      "ocf": 61467000,
      "capex": -409800000,
      "gross_margin": null,
      "op_margin": 0.5179780765085111,
      "fcf_margin": -3.5420573102031687,
      "incr_op_margin_yoy": 0.5392190318334714,
      "rev_growth_yoy": 0.26356499505325776,
      "op_leverage_ratio": 1.0373329634081283,
      "fcf_margin_change": -0.7573900892693746
    },
    {
      "date": "2022-06-30T00:00:00",
      "quarter_label": "2022-06 (Q2)",
      "revenue": 104876000,
      "gross_profit": null,
      "operating_income": 52340000,
      "net_income": 35973000,
      "opex": 52528000,
      "cogs": null,
      "rd": null,
      "sga": null,
      "fcf": -335078000,
      "ocf": 88622000,
      "capex": -423700000,
      "gross_margin": null,
      "op_margin": 0.49906556314123346,
      "fcf_margin": -3.1949921812426103,
      "incr_op_margin_yoy": 0.40232870577698165,
      "rev_growth_yoy": 0.27051583359581327,
      "rev_growth_yoy_accel": 0.006950838542555515,
      "op_leverage_ratio": 1.1624472915874782,
      "fcf_margin_change": 0.3470651289605584
    },
    {
      "date": "2022-09-30T00:00:00",
      "quarter_label": "2022-09 (Q3)",
      "revenue": 110065000,
      "gross_profit": null,
      "operating_income": 57314000,
      "net_income": 39425000,
      "opex": 55636000,
      "cogs": null,
      "rd": null,
      "sga": null,
      "fcf": -242644000,
      "ocf": 118856000,
      "capex": -361500000,
      "gross_margin": null,
      "op_margin": 0.5207286603370735,
      "fcf_margin": -2.204551855721619,
      "incr_op_margin_yoy": 0.31196732954545453,
      "rev_growth_yoy": 0.25735403315169586,
      "rev_growth_yoy_accel": -0.01316180044411741,
      "op_leverage_ratio": 0.8362139552879092,
      "fcf_margin_change": 0.9904403255209915
    },
    {
      "date": "2022-12-31T00:00:00",
      "quarter_label": "2022-12 (Q4)",
      "revenue": 116531000,
      "gross_profit": null,
      "operating_income": 57492000,
      "net_income": 40926000,
      "opex": 59136000,
      "cogs": null,
      "rd": null,
      "sga": null,
      "fcf": -306824000,
      "ocf": 93176000,
      "capex": -400000000,
      "gross_margin": null,
      "op_margin": 0.49336228128137577,
      "fcf_margin": -2.63298178167183,
      "incr_op_margin_yoy": 0.4162187985190493,
      "rev_growth_yoy": 0.27478886798232177,
      "rev_growth_yoy_accel": 0.01743483483062591,
      "op_leverage_ratio": 0.9338439649298143,
      "fcf_margin_change": -0.4284299259502111
    },
    {
      "date": "2023-03-31T00:00:00",
      "quarter_label": "2023-03 (Q1)",
      "revenue": 126618000,
      "gross_profit": null,
      "operating_income": 60507000,
      "net_income": 41614000,
      "opex": 66111000,
      "cogs": null,
      "rd": null,
      "sga": null,
      "fcf": -209729000,
      "ocf": 94171000,
      "capex": -303900000,
      "gross_margin": null,
      "op_margin": 0.4778704449604322,
      "fcf_margin": -1.6563916662717781,
      "incr_op_margin_yoy": 0.338378837176404,
      "rev_growth_yoy": 0.2875272009924549,
      "rev_growth_yoy_accel": 0.012738333010133107,
      "op_leverage_ratio": 0.7338854555569365,
      "fcf_margin_change": 0.9765901154000518
    },
    {
      "date": "2023-06-30T00:00:00",
      "quarter_label": "2023-06 (Q2)",
      "revenue": 129900000,
      "gross_profit": null,
      "operating_income": 61629000,
      "net_income": 40868000,
      "opex": 68590000,
      "cogs": null,
      "rd": null,
      "sga": null,
      "fcf": -217443000,
      "ocf": 89557000,
      "capex": -307000000,
      "gross_margin": null,
      "op_margin": 0.47443418013856814,
      "fcf_margin": -1.6739260969976906,
      "incr_op_margin_yoy": 0.3712036445012788,
      "rev_growth_yoy": 0.23860559136504061,
      "rev_growth_yoy_accel": -0.048921609627414264,
      "op_leverage_ratio": 0.6912582491487944,
      "fcf_margin_change": -0.01753443072591243
    },
    {
      "date": "2023-09-30T00:00:00",
      "quarter_label": "2023-09 (Q3)",
      "revenue": 136812000,
      "gross_profit": null,
      "operating_income": 63075000,
      "net_income": 41522000,
      "opex": 73717000,
      "cogs": null,
      "rd": null,
      "sga": null,
      "fcf": -289840000,
      "ocf": 109860000,
      "capex": -399700000,
      "gross_margin": null,
      "op_margin": 0.4610341198140514,
      "fcf_margin": -2.1185276145367364,
      "incr_op_margin_yoy": 0.21538864171682806,
      "rev_growth_yoy": 0.24301094807613682,
      "rev_growth_yoy_accel": 0.004405356711096209,
      "op_leverage_ratio": 0.7118558588751035,
      "fcf_margin_change": -0.44460151753904587
    },
    {
      "date": "2023-12-31T00:00:00",
      "quarter_label": "2023-12 (Q4)",
      "revenue": 144165000,
      "gross_profit": null,
      "operating_income": 69176000,
      "net_income": 45955000,
      "opex": 76539000,
      "cogs": null,
      "rd": null,
      "sga": null,
      "fcf": -91990000,
      "ocf": 98010000,
      "capex": -190000000,
      "gross_margin": null,
      "op_margin": 0.4798390732840842,
      "fcf_margin": -0.6380883015988624,
      "incr_op_margin_yoy": 0.4228124773829341,
      "rev_growth_yoy": 0.23713861547571033,
      "rev_growth_yoy_accel": -0.005872332600426494,
      "op_leverage_ratio": 1.4039479841591973,
      "fcf_margin_change": 1.480439312937874
    },
    {
      "date": "2024-03-31T00:00:00",
      "quarter_label": "2024-03 (Q1)",
      "revenue": 149453000,
      "gross_profit": null,
      "operating_income": 70497000,
      "net_income": 44859000,
      "opex": 80997000,
      "cogs": null,
      "rd": null,
      "sga": null,
      "fcf": -29150000,
      "ocf": 99150000,
      "capex": -128300000,
      "gross_margin": null,
      "op_margin": 0.4717001331522285,
      "fcf_margin": -0.1950445959599339,
      "incr_op_margin_yoy": 0.4374863148675279,
      "rev_growth_yoy": 0.1803456064698542,
      "rev_growth_yoy_accel": -0.05679300900585613,
      "op_leverage_ratio": 0.6297589231420797,
      "fcf_margin_change": 0.44304370563892853
    },
    {
      "date": "2024-06-30T00:00:00",
      "quarter_label": "2024-06 (Q2)",
      "revenue": 152575000,
      "gross_profit": null,
      "operating_income": 81967000,
      "net_income": 54724000,
      "opex": 77784000,
      "cogs": null,
      "rd": null,
      "sga": null,
      "fcf": -74788000,
      "ocf": 112812000,
      "capex": -187600000,
      "gross_margin": null,
      "op_margin": 0.5372243159102081,
      "fcf_margin": -0.49017204653449126,
      "incr_op_margin_yoy": 0.8969349503858876,
      "rev_growth_yoy": 0.1745573518090839,
      "rev_growth_yoy_accel": -0.005788254660770292,
      "op_leverage_ratio": null,
      "fcf_margin_change": -0.29512745057455736
    },
    {
      "date": "2024-09-30T00:00:00",
      "quarter_label": "2024-09 (Q3)",
      "revenue": 154332000,
      "gross_profit": null,
      "operating_income": 74443000,
      "net_income": 44375000,
      "opex": 81683000,
      "cogs": null,
      "rd": null,
      "sga": null,
      "fcf": -87387000,
      "ocf": 128613000,
      "capex": -216000000,
      "gross_margin": null,
      "op_margin": 0.48235621906020787,
      "fcf_margin": -0.5662273540160174,
      "incr_op_margin_yoy": 0.6488584474885845,
      "rev_growth_yoy": 0.1280589421980528,
      "rev_growth_yoy_accel": -0.046498409611031105,
      "op_leverage_ratio": 0.22973407727488407,
      "fcf_margin_change": -0.07605530748152617
    },
    {
      "date": "2024-12-31T00:00:00",
      "quarter_label": "2024-12 (Q4)",
      "revenue": 160734000,
      "gross_profit": null,
      "operating_income": 75335000,
      "net_income": 45239000,
      "opex": 85829000,
      "cogs": null,
      "rd": null,
      "sga": null,
      "fcf": -251703000,
      "ocf": 91397000,
      "capex": -343100000,
      "gross_margin": null,
      "op_margin": 0.46869361802729975,
      "fcf_margin": -1.5659599089178393,
      "incr_op_margin_yoy": 0.3717182690566721,
      "rev_growth_yoy": 0.11493080844865258,
      "rev_growth_yoy_accel": -0.013128133749400223,
      "op_leverage_ratio": 0.817263433019191,
      "fcf_margin_change": -0.9997325549018219
    },
    {
      "date": "2025-03-31T00:00:00",
      "quarter_label": "2025-03 (Q1)",
      "revenue": 169160000,
      "gross_profit": null,
      "operating_income": 78696000,
      "net_income": 46996000,
      "opex": 91236000,
      "cogs": null,
      "rd": null,
      "sga": null,
      "fcf": 126657000,
      "ocf": 126657000,
      "capex": null,
      "gross_margin": null,
      "op_margin": 0.4652163632064318,
      "fcf_margin": 0.7487408370773232,
      "incr_op_margin_yoy": 0.41604506013091797,
      "rev_growth_yoy": 0.13186085257572616,
      "rev_growth_yoy_accel": 0.01693004412707358,
      "op_leverage_ratio": 0.8321303940311789,
      "fcf_margin_change": 2.3147007459951627
    },
    {
      "date": "2025-06-30T00:00:00",
      "quarter_label": "2025-06 (Q2)",
      "revenue": 175527000,
      "gross_profit": null,
      "operating_income": 82006000,
      "net_income": 49198000,
      "opex": 95031000,
      "cogs": null,
      "rd": null,
      "sga": null,
      "fcf": 119645000,
      "ocf": 119645000,
      "capex": null,
      "gross_margin": null,
      "op_margin": 0.46719877853549596,
      "fcf_margin": 0.6816330251186428,
      "incr_op_margin_yoy": 0.0016991983269431857,
      "rev_growth_yoy": 0.15043093560543994,
      "rev_growth_yoy_accel": 0.018570083029713774,
      "op_leverage_ratio": 0.9048813341346267,
      "fcf_margin_change": -0.06710781195868043
    },
    {
      "date": "2025-09-30T00:00:00",
      "quarter_label": "2025-09 (Q3)",
      "revenue": 183222000,
      "gross_profit": null,
      "operating_income": 87260000,
      "net_income": 52117000,
      "opex": 97018000,
      "cogs": null,
      "rd": null,
      "sga": null,
      "fcf": 146519000,
      "ocf": 146519000,
      "capex": null,
      "gross_margin": null,
      "op_margin": 0.47625285173177895,
      "fcf_margin": 0.7996801694119702,
      "incr_op_margin_yoy": 0.4436483212184147,
      "rev_growth_yoy": 0.18719384184744578,
      "rev_growth_yoy_accel": 0.036762906242005844,
      "op_leverage_ratio": 2.0966798727956917,
      "fcf_margin_change": 0.11804714429332741
    },
    {
      "date": "2025-12-31T00:00:00",
      "quarter_label": "2025-12 (Q4)",
      "revenue": 190489000,
      "gross_profit": null,
      "operating_income": 92432000,
      "net_income": 56037000,
      "opex": 100104000,
      "cogs": null,
      "rd": null,
      "sga": null,
      "fcf": 111315000,
      "ocf": 111315000,
      "capex": null,
      "gross_margin": null,
      "op_margin": 0.4852353679215073,
      "fcf_margin": 0.5843644514906372,
      "incr_op_margin_yoy": 0.5745925054612671,
      "rev_growth_yoy": 0.18511951422847686,
      "rev_growth_yoy_accel": -0.0020743276189689186,
      "op_leverage_ratio": 1.2469066367738655,
      "fcf_margin_change": -0.21531571792133297
    }
  ],
  "signals": [
    {
      "quarter": "2025-12 (Q4)",
      "signal": "INCREMENTAL MARGIN (YoY)",
      "detail": "YoY Incr OPM: +57.5% vs year-ago OPM: +46.9%",
      "severity": "MEDIUM"
    },
    {
      "quarter": "2025-09 (Q3)",
      "signal": "FCF MARGIN EXPANSION",
      "detail": "FCF margin: +68.2% -> +80.0% (+11.8%)",
      "severity": "MEDIUM"
    },
    {
      "quarter": "2025-09 (Q3)",
      "signal": "OPERATING LEVERAGE",
      "detail": "Rev growth +4.4% vs OpEx growth +2.1% (leverage: 2.1x)",
      "severity": "MEDIUM"
    },
    {
      "quarter": "2025-03 (Q1)",
      "signal": "FCF TURNED POSITIVE",
      "detail": "FCF margin: -156.6% -> +74.9%",
      "severity": "HIGH"
    },
    {
      "quarter": "2024-09 (Q3)",
      "signal": "INCREMENTAL MARGIN (YoY)",
      "detail": "YoY Incr OPM: +64.9% vs year-ago OPM: +46.1%",
      "severity": "MEDIUM"
    },
    {
      "quarter": "2024-06 (Q2)",
      "signal": "INCREMENTAL MARGIN (YoY)",
      "detail": "YoY Incr OPM: +89.7% vs year-ago OPM: +47.4%",
      "severity": "HIGH"
    },
    {
      "quarter": "2024-03 (Q1)",
      "signal": "FCF MARGIN EXPANSION",
      "detail": "FCF margin: -63.8% -> -19.5% (+44.3%)",
      "severity": "MEDIUM"
    },
    {
      "quarter": "2024-03 (Q1)",
      "signal": "YoY REVENUE GROWTH DECELERATION",
      "detail": "YoY growth: +18.0% vs prior quarter YoY: +23.7% (decel: -5.7%)",
      "severity": "WARNING"
    },
    {
      "quarter": "2023-12 (Q4)",
      "signal": "FCF MARGIN EXPANSION",
      "detail": "FCF margin: -211.9% -> -63.8% (+148.0%)",
      "severity": "MEDIUM"
    },
    {
      "quarter": "2023-03 (Q1)",
      "signal": "FCF MARGIN EXPANSION",
      "detail": "FCF margin: -263.3% -> -165.6% (+97.7%)",
      "severity": "MEDIUM"
    },
    {
      "quarter": "2022-09 (Q3)",
      "signal": "FCF MARGIN EXPANSION",
      "detail": "FCF margin: -319.5% -> -220.5% (+99.0%)",
      "severity": "MEDIUM"
    },
    {
      "quarter": "2022-06 (Q2)",
      "signal": "FCF MARGIN EXPANSION",
      "detail": "FCF margin: -354.2% -> -319.5% (+34.7%)",
      "severity": "MEDIUM"
    },
    {
      "quarter": "2021-12 (Q4)",
      "signal": "FCF MARGIN EXPANSION",
      "detail": "FCF margin: -311.4% -> -278.5% (+32.9%)",
      "severity": "MEDIUM"
    },
    {
      "quarter": "2021-09 (Q3)",
      "signal": "FCF MARGIN EXPANSION",
      "detail": "FCF margin: -333.0% -> -311.4% (+21.6%)",
      "severity": "MEDIUM"
    },
    {
      "quarter": "2021-09 (Q3)",
      "signal": "OPERATING LEVERAGE",
      "detail": "Rev growth +6.0% vs OpEx growth +3.9% (leverage: 1.5x)",
      "severity": "MEDIUM"
    },
    {
      "quarter": "2021-06 (Q2)",
      "signal": "FCF MARGIN EXPANSION",
      "detail": "FCF margin: -439.6% -> -333.0% (+106.6%)",
      "severity": "MEDIUM"
    },
    {
      "quarter": "2021-06 (Q2)",
      "signal": "OPERATING LEVERAGE",
      "detail": "Rev growth +6.1% vs OpEx growth +3.3% (leverage: 1.9x)",
      "severity": "MEDIUM"
    }
  ],
  "data_quality": {
    "n_quarters": 20,
    "coverage": {
      "revenue": [
        20,
        20
      ],
      "gross_profit": [
        0,
        20
      ],
      "op_income": [
        20,
        20
      ],
      "fcf": [
        20,
        20
      ]
    },
    "gaps": [],
    "warnings": [
      "gross_profit: no data"
    ]
  },
  "market_cap": null,
  "source": "SEC EDGAR",
  "last_updated": "2026-02-13T11:45:09.840657"
}