{
  "ticker": "ADCT",
  "name": "ADC Therapeutics SA",
  "quarters": [
    {
      "date": "2023-03-31T00:00:00",
      "quarter_label": "2023-03 (Q1)",
      "revenue": 18992000,
      "gross_profit": null,
      "operating_income": -50210000,
      "net_income": -59374000,
      "opex": 69202000,
      "cogs": null,
      "rd": 38375000,
      "sga": null,
      "fcf": -16408000,
      "ocf": -15392000,
      "capex": -1016000,
      "gross_margin": null,
      "op_margin": -2.6437447346251055,
      "fcf_margin": -0.8639427127211458
    },
    {
      "date": "2023-06-30T00:00:00",
      "quarter_label": "2023-06 (Q2)",
      "revenue": 19283000,
      "gross_profit": null,
      "operating_income": -39649000,
      "net_income": -48922000,
      "opex": 58932000,
      "cogs": null,
      "rd": 31342000,
      "sga": null,
      "fcf": -36200000,
      "ocf": -34988000,
      "capex": -1212000,
      "gross_margin": null,
      "op_margin": -2.0561634600425247,
      "fcf_margin": -1.8773012498055281,
      "op_leverage_ratio": Infinity,
      "fcf_margin_change": -1.0133585370843825
    },
    {
      "date": "2023-09-30T00:00:00",
      "quarter_label": "2023-09 (Q3)",
      "revenue": 14493000,
      "gross_profit": null,
      "operating_income": -36149000,
      "net_income": -46726000,
      "opex": 50642000,
      "cogs": null,
      "rd": 27080000,
      "sga": null,
      "fcf": -37334000,
      "ocf": -36673000,
      "capex": -661000,
      "gross_margin": null,
      "op_margin": -2.494238597943835,
      "fcf_margin": -2.5760022079624645,
      "fcf_margin_change": -0.6987009581569363
    },
    {
      "date": "2023-12-31T00:00:00",
      "quarter_label": "2023-12 (Q4)",
      "revenue": 16790000,
      "gross_profit": null,
      "operating_income": -39978000,
      "net_income": -85031000,
      "opex": 56768000,
      "cogs": null,
      "rd": 30330000,
      "sga": null,
      "fcf": -31960000,
      "ocf": -31633000,
      "capex": -327000,
      "gross_margin": null,
      "op_margin": -2.38106015485408,
      "fcf_margin": -1.9035139964264443,
      "op_leverage_ratio": 1.3101968755267694,
      "fcf_margin_change": 0.6724882115360202
    },
    {
      "date": "2024-03-31T00:00:00",
      "quarter_label": "2024-03 (Q1)",
      "revenue": 18053000,
      "gross_profit": null,
      "operating_income": -33613000,
      "net_income": -46606000,
      "opex": 51666000,
      "cogs": null,
      "rd": 25735000,
      "sga": null,
      "fcf": -44626000,
      "ocf": -44095000,
      "capex": -531000,
      "gross_margin": null,
      "op_margin": -1.861906608319947,
      "fcf_margin": -2.4719437212651636,
      "rev_growth_yoy": -0.0494418702611626,
      "op_leverage_ratio": Infinity,
      "fcf_margin_change": -0.5684297248387193
    },
    {
      "date": "2024-06-30T00:00:00",
      "quarter_label": "2024-06 (Q2)",
      "revenue": 17410000,
      "gross_profit": null,
      "operating_income": -29041000,
      "net_income": -36544000,
      "opex": 46451000,
      "cogs": null,
      "rd": 24295000,
      "sga": null,
      "fcf": -32875000,
      "ocf": -32845000,
      "capex": -30000,
      "gross_margin": null,
      "op_margin": -1.6680643308443424,
      "fcf_margin": -1.8882825962090752,
      "incr_op_margin_yoy": -5.663641217298451,
      "rev_growth_yoy": -0.0971321889747446,
      "rev_growth_yoy_accel": -0.047690318713582,
      "fcf_margin_change": 0.5836611250560884
    },
    {
      "date": "2024-09-30T00:00:00",
      "quarter_label": "2024-09 (Q3)",
      "revenue": 18464000,
      "gross_profit": null,
      "operating_income": -35564000,
      "net_income": -43969000,
      "opex": 54028000,
      "cogs": null,
      "rd": 32502000,
      "sga": null,
      "fcf": -25259000,
      "ocf": -25043000,
      "capex": -216000,
      "gross_margin": null,
      "op_margin": -1.9261265164644714,
      "fcf_margin": -1.368013431542461,
      "incr_op_margin_yoy": 0.14731805590531352,
      "rev_growth_yoy": 0.27399434209618434,
      "rev_growth_yoy_accel": 0.37112653107092897,
      "op_leverage_ratio": 0.3711415870014434,
      "fcf_margin_change": 0.5202691646666142
    },
    {
      "date": "2024-12-31T00:00:00",
      "quarter_label": "2024-12 (Q4)",
      "revenue": 16910000,
      "gross_profit": null,
      "operating_income": -32436000,
      "net_income": -30727000,
      "opex": 49346000,
      "cogs": null,
      "rd": 27101000,
      "sga": null,
      "fcf": -21942000,
      "ocf": -21852000,
      "capex": -90000,
      "gross_margin": null,
      "op_margin": -1.918154937906564,
      "fcf_margin": -1.2975753991720875,
      "rev_growth_yoy": 0.00714711137581894,
      "rev_growth_yoy_accel": -0.2668472307203654,
      "fcf_margin_change": 0.0704380323703735
    },
    {
      "date": "2025-03-31T00:00:00",
      "quarter_label": "2025-03 (Q1)",
      "revenue": 23033000,
      "gross_profit": null,
      "operating_income": -28464000,
      "net_income": -38602000,
      "opex": 51497000,
      "cogs": null,
      "rd": 28928000,
      "sga": null,
      "fcf": -56598000,
      "ocf": -56334000,
      "capex": -264000,
      "gross_margin": null,
      "op_margin": -1.2357921243433334,
      "fcf_margin": -2.457256979116919,
      "incr_op_margin_yoy": 1.0339357429718876,
      "rev_growth_yoy": 0.275854428626821,
      "rev_growth_yoy_accel": 0.2687073172510021,
      "op_leverage_ratio": 8.30677019284142,
      "fcf_margin_change": -1.1596815799448317
    },
    {
      "date": "2025-06-30T00:00:00",
      "quarter_label": "2025-06 (Q2)",
      "revenue": 18839000,
      "gross_profit": null,
      "operating_income": -44147000,
      "net_income": -56646000,
      "opex": 62986000,
      "cogs": null,
      "rd": 30090000,
      "sga": null,
      "fcf": -24087000,
      "ocf": -24087000,
      "capex": null,
      "gross_margin": null,
      "op_margin": -2.343383406762567,
      "fcf_margin": -1.278571049418759,
      "incr_op_margin_yoy": -10.571028691392582,
      "rev_growth_yoy": 0.08207926479035037,
      "rev_growth_yoy_accel": -0.19377516383647064,
      "fcf_margin_change": 1.1786859296981602
    },
    {
      "date": "2025-09-30T00:00:00",
      "quarter_label": "2025-09 (Q3)",
      "revenue": 16427000,
      "gross_profit": null,
      "operating_income": -30969000,
      "net_income": -40966000,
      "opex": 47396000,
      "cogs": null,
      "rd": 26803000,
      "sga": null,
      "fcf": -29630000,
      "ocf": -29630000,
      "capex": null,
      "gross_margin": null,
      "op_margin": -1.8852498934680708,
      "fcf_margin": -1.8037377488281487,
      "incr_op_margin_yoy": -2.2557682866961217,
      "rev_growth_yoy": -0.11032279029462738,
      "rev_growth_yoy_accel": -0.19240205508497776,
      "fcf_margin_change": -0.5251666994093898
    }
  ],
  "signals": [
    {
      "quarter": "2025-09 (Q3)",
      "signal": "YoY REVENUE GROWTH DECELERATION",
      "detail": "YoY growth: -11.0% vs prior quarter YoY: +8.2% (decel: -19.2%)",
      "severity": "WARNING"
    },
    {
      "quarter": "2025-06 (Q2)",
      "signal": "FCF MARGIN EXPANSION",
      "detail": "FCF margin: -245.7% -> -127.9% (+117.9%)",
      "severity": "MEDIUM"
    },
    {
      "quarter": "2025-06 (Q2)",
      "signal": "YoY REVENUE GROWTH DECELERATION",
      "detail": "YoY growth: +8.2% vs prior quarter YoY: +27.6% (decel: -19.4%)",
      "severity": "WARNING"
    },
    {
      "quarter": "2025-03 (Q1)",
      "signal": "OPERATING LEVERAGE",
      "detail": "Rev growth +36.2% vs OpEx growth +4.4% (leverage: 8.3x)",
      "severity": "MEDIUM"
    },
    {
      "quarter": "2025-03 (Q1)",
      "signal": "YoY REVENUE GROWTH ACCELERATION",
      "detail": "YoY growth: +27.6% vs prior quarter YoY: +0.7% (accel: +26.9%)",
      "severity": "HIGH"
    },
    {
      "quarter": "2024-12 (Q4)",
      "signal": "FCF MARGIN EXPANSION",
      "detail": "FCF margin: -136.8% -> -129.8% (+7.0%)",
      "severity": "MEDIUM"
    },
    {
      "quarter": "2024-12 (Q4)",
      "signal": "YoY REVENUE GROWTH DECELERATION",
      "detail": "YoY growth: +0.7% vs prior quarter YoY: +27.4% (decel: -26.7%)",
      "severity": "WARNING"
    },
    {
      "quarter": "2024-09 (Q3)",
      "signal": "FCF MARGIN EXPANSION",
      "detail": "FCF margin: -188.8% -> -136.8% (+52.0%)",
      "severity": "MEDIUM"
    },
    {
      "quarter": "2024-09 (Q3)",
      "signal": "YoY REVENUE GROWTH ACCELERATION",
      "detail": "YoY growth: +27.4% vs prior quarter YoY: -9.7% (accel: +37.1%)",
      "severity": "HIGH"
    },
    {
      "quarter": "2024-06 (Q2)",
      "signal": "FCF MARGIN EXPANSION",
      "detail": "FCF margin: -247.2% -> -188.8% (+58.4%)",
      "severity": "MEDIUM"
    },
    {
      "quarter": "2023-12 (Q4)",
      "signal": "FCF MARGIN EXPANSION",
      "detail": "FCF margin: -257.6% -> -190.4% (+67.2%)",
      "severity": "MEDIUM"
    }
  ],
  "data_quality": {
    "n_quarters": 11,
    "coverage": {
      "revenue": [
        11,
        11
      ],
      "gross_profit": [
        0,
        11
      ],
      "op_income": [
        11,
        11
      ],
      "fcf": [
        11,
        11
      ]
    },
    "gaps": [],
    "warnings": [
      "gross_profit: no data"
    ]
  },
  "market_cap": null,
  "source": "SEC EDGAR",
  "last_updated": "2026-02-02T22:30:53.042292",
  "sector": "Healthcare",
  "industry": "Biotechnology"
}