{
  "ticker": "ADM",
  "name": "ARCHER-DANIELS-MIDLAND CO",
  "sector": "Consumer Defensive",
  "industry": "Farm Products",
  "quarters": [
    {
      "date": "2021-03-31T00:00:00",
      "quarter_label": "2021-03 (Q1)",
      "revenue": 18893000000,
      "gross_profit": 1548000000,
      "operating_income": null,
      "net_income": 689000000,
      "opex": null,
      "cogs": 17345000000,
      "rd": null,
      "sga": 749000000,
      "fcf": 124000000,
      "ocf": 298000000,
      "capex": -174000000,
      "gross_margin": 0.08193510824114751,
      "op_margin": null,
      "fcf_margin": 0.006563277404329646
    },
    {
      "date": "2021-06-30T00:00:00",
      "quarter_label": "2021-06 (Q2)",
      "revenue": 22926000000,
      "gross_profit": 1463000000,
      "operating_income": null,
      "net_income": 712000000,
      "opex": null,
      "cogs": 21463000000,
      "rd": null,
      "sga": 739000000,
      "fcf": 2456000000,
      "ocf": 2709000000,
      "capex": -253000000,
      "gross_margin": 0.06381401029398935,
      "op_margin": null,
      "fcf_margin": 0.10712727907179621,
      "fcf_margin_change": 0.10056400166746657
    },
    {
      "date": "2021-09-30T00:00:00",
      "quarter_label": "2021-09 (Q3)",
      "revenue": 20340000000,
      "gross_profit": 1326000000,
      "operating_income": null,
      "net_income": 526000000,
      "opex": null,
      "cogs": 19014000000,
      "rd": null,
      "sga": 720000000,
      "fcf": 2559000000,
      "ocf": 2846000000,
      "capex": -287000000,
      "gross_margin": 0.06519174041297936,
      "op_margin": null,
      "fcf_margin": 0.12581120943952803,
      "fcf_margin_change": 0.01868393036773182
    },
    {
      "date": "2021-12-31T00:00:00",
      "quarter_label": "2021-12 (Q4)",
      "revenue": 23090000000,
      "gross_profit": 1650000000,
      "operating_income": null,
      "net_income": 782000000,
      "opex": null,
      "cogs": 21440000000,
      "rd": null,
      "sga": 786000000,
      "fcf": 287000000,
      "ocf": 742000000,
      "capex": -455000000,
      "gross_margin": 0.07145950627977479,
      "op_margin": null,
      "fcf_margin": 0.012429623213512342,
      "fcf_margin_change": -0.11338158622601568
    },
    {
      "date": "2022-03-31T00:00:00",
      "quarter_label": "2022-03 (Q1)",
      "revenue": 23650000000,
      "gross_profit": 1897000000,
      "operating_income": null,
      "net_income": 1054000000,
      "opex": null,
      "cogs": 21753000000,
      "rd": null,
      "sga": 829000000,
      "fcf": -1423000000,
      "ocf": -1206000000,
      "capex": -217000000,
      "gross_margin": 0.08021141649048626,
      "op_margin": null,
      "fcf_margin": -0.06016913319238901,
      "rev_growth_yoy": 0.2517863759064204,
      "fcf_margin_change": -0.07259875640590135
    },
    {
      "date": "2022-06-30T00:00:00",
      "quarter_label": "2022-06 (Q2)",
      "revenue": 27284000000,
      "gross_profit": 2100000000,
      "operating_income": null,
      "net_income": 1236000000,
      "opex": null,
      "cogs": 25184000000,
      "rd": null,
      "sga": 814000000,
      "fcf": 248000000,
      "ocf": 531000000,
      "capex": -283000000,
      "gross_margin": 0.07696818648292039,
      "op_margin": null,
      "fcf_margin": 0.00908957630845917,
      "rev_growth_yoy": 0.19008985431387942,
      "rev_growth_yoy_accel": -0.061696521592540965,
      "fcf_margin_change": 0.06925870950084817
    },
    {
      "date": "2022-09-30T00:00:00",
      "quarter_label": "2022-09 (Q3)",
      "revenue": 24683000000,
      "gross_profit": 1811000000,
      "operating_income": null,
      "net_income": 1031000000,
      "opex": null,
      "cogs": 22872000000,
      "rd": null,
      "sga": 818000000,
      "fcf": 3682000000,
      "ocf": 4023000000,
      "capex": -341000000,
      "gross_margin": 0.07337033585868817,
      "op_margin": null,
      "fcf_margin": 0.14917149455090548,
      "rev_growth_yoy": 0.21352015732546706,
      "rev_growth_yoy_accel": 0.023430303011587633,
      "fcf_margin_change": 0.1400819182424463
    },
    {
      "date": "2022-12-31T00:00:00",
      "quarter_label": "2022-12 (Q4)",
      "revenue": 25939000000,
      "gross_profit": 1762000000,
      "operating_income": null,
      "net_income": 1019000000,
      "opex": null,
      "cogs": 24177000000,
      "rd": null,
      "sga": 897000000,
      "fcf": -348000000,
      "ocf": 130000000,
      "capex": -478000000,
      "gross_margin": 0.06792860171941864,
      "op_margin": null,
      "fcf_margin": -0.013416091599521956,
      "rev_growth_yoy": 0.12338674750974447,
      "rev_growth_yoy_accel": -0.09013340981572258,
      "fcf_margin_change": -0.16258758615042743
    },
    {
      "date": "2023-03-31T00:00:00",
      "quarter_label": "2023-03 (Q1)",
      "revenue": 24072000000,
      "gross_profit": 2080000000,
      "operating_income": null,
      "net_income": 1170000000,
      "opex": null,
      "cogs": 21992000000,
      "rd": null,
      "sga": 881000000,
      "fcf": -1937000000,
      "ocf": -1610000000,
      "capex": -327000000,
      "gross_margin": 0.08640744433366566,
      "op_margin": null,
      "fcf_margin": -0.08046693253572615,
      "rev_growth_yoy": 0.01784355179704017,
      "rev_growth_yoy_accel": -0.1055431957127043,
      "fcf_margin_change": -0.0670508409362042
    },
    {
      "date": "2023-06-30T00:00:00",
      "quarter_label": "2023-06 (Q2)",
      "revenue": 25190000000,
      "gross_profit": 1883000000,
      "operating_income": null,
      "net_income": 927000000,
      "opex": null,
      "cogs": 23307000000,
      "rd": null,
      "sga": 841000000,
      "fcf": 2222000000,
      "ocf": 2509000000,
      "capex": -287000000,
      "gross_margin": 0.07475188566891623,
      "op_margin": null,
      "fcf_margin": 0.08820960698689956,
      "rev_growth_yoy": -0.07674827737868348,
      "rev_growth_yoy_accel": -0.09459182917572365,
      "fcf_margin_change": 0.1686765395226257
    },
    {
      "date": "2023-09-30T00:00:00",
      "quarter_label": "2023-09 (Q3)",
      "revenue": 21695000000,
      "gross_profit": 1810000000,
      "operating_income": null,
      "net_income": 821000000,
      "opex": null,
      "cogs": 19885000000,
      "rd": null,
      "sga": 815000000,
      "fcf": 551000000,
      "ocf": 992000000,
      "capex": -441000000,
      "gross_margin": 0.08342936160405623,
      "op_margin": null,
      "fcf_margin": 0.025397557040792808,
      "rev_growth_yoy": -0.12105497710975165,
      "rev_growth_yoy_accel": -0.04430669973106817,
      "fcf_margin_change": -0.06281204994610676
    },
    {
      "date": "2023-12-31T00:00:00",
      "quarter_label": "2023-12 (Q4)",
      "revenue": 22978000000,
      "gross_profit": 1740000000,
      "operating_income": null,
      "net_income": 565000000,
      "opex": null,
      "cogs": 21238000000,
      "rd": null,
      "sga": 919000000,
      "fcf": 2130000000,
      "ocf": 2569000000,
      "capex": -439000000,
      "gross_margin": 0.07572460614500827,
      "op_margin": null,
      "fcf_margin": 0.0926973626947515,
      "rev_growth_yoy": -0.11415243455800146,
      "rev_growth_yoy_accel": 0.006902542551750185,
      "fcf_margin_change": 0.06729980565395868
    },
    {
      "date": "2024-03-31T00:00:00",
      "quarter_label": "2024-03 (Q1)",
      "revenue": 21847000000,
      "gross_profit": 1659000000,
      "operating_income": null,
      "net_income": 729000000,
      "opex": null,
      "cogs": 20188000000,
      "rd": null,
      "sga": 951000000,
      "fcf": 372000000,
      "ocf": 700000000,
      "capex": -328000000,
      "gross_margin": 0.07593719961550785,
      "op_margin": null,
      "fcf_margin": 0.01702750949787156,
      "rev_growth_yoy": -0.09243104021269524,
      "rev_growth_yoy_accel": 0.02172139434530622,
      "fcf_margin_change": -0.07566985319687994
    },
    {
      "date": "2024-06-30T00:00:00",
      "quarter_label": "2024-06 (Q2)",
      "revenue": 22248000000,
      "gross_profit": 1396000000,
      "operating_income": null,
      "net_income": 486000000,
      "opex": null,
      "cogs": 20852000000,
      "rd": null,
      "sga": 907000000,
      "fcf": 106000000,
      "ocf": 468000000,
      "capex": -362000000,
      "gross_margin": 0.06274721323265013,
      "op_margin": null,
      "fcf_margin": 0.004764473211075153,
      "rev_growth_yoy": -0.1167923779277491,
      "rev_growth_yoy_accel": -0.02436133771505386,
      "fcf_margin_change": -0.012263036286796408
    },
    {
      "date": "2024-09-30T00:00:00",
      "quarter_label": "2024-09 (Q3)",
      "revenue": 19937000000,
      "gross_profit": 1365000000,
      "operating_income": null,
      "net_income": 18000000,
      "opex": null,
      "cogs": 18572000000,
      "rd": null,
      "sga": 905000000,
      "fcf": 919000000,
      "ocf": 1300000000,
      "capex": -381000000,
      "gross_margin": 0.06846566685057932,
      "op_margin": null,
      "fcf_margin": 0.0460951998796208,
      "rev_growth_yoy": -0.08103249596681263,
      "rev_growth_yoy_accel": 0.035759881960936477,
      "fcf_margin_change": 0.04133072666854565
    },
    {
      "date": "2024-12-31T00:00:00",
      "quarter_label": "2024-12 (Q4)",
      "revenue": 21498000000,
      "gross_profit": 1358000000,
      "operating_income": null,
      "net_income": 567000000,
      "opex": null,
      "cogs": 20140000000,
      "rd": null,
      "sga": 943000000,
      "fcf": -170000000,
      "ocf": 322000000,
      "capex": -492000000,
      "gross_margin": 0.06316866685273048,
      "op_margin": null,
      "fcf_margin": -0.00790771234533445,
      "rev_growth_yoy": -0.06440943511184612,
      "rev_growth_yoy_accel": 0.01662306085496651,
      "fcf_margin_change": -0.05400291222495525
    },
    {
      "date": "2025-03-31T00:00:00",
      "quarter_label": "2025-03 (Q1)",
      "revenue": 20175000000,
      "gross_profit": 1180000000,
      "operating_income": null,
      "net_income": 295000000,
      "opex": null,
      "cogs": 18995000000,
      "rd": null,
      "sga": 932000000,
      "fcf": -633000000,
      "ocf": -342000000,
      "capex": -291000000,
      "gross_margin": 0.05848822800495663,
      "op_margin": null,
      "fcf_margin": -0.03137546468401487,
      "rev_growth_yoy": -0.07653224699043347,
      "rev_growth_yoy_accel": -0.012122811878587353,
      "fcf_margin_change": -0.023467752338680422
    },
    {
      "date": "2025-06-30T00:00:00",
      "quarter_label": "2025-06 (Q2)",
      "revenue": 21166000000,
      "gross_profit": 1370000000,
      "operating_income": null,
      "net_income": 219000000,
      "opex": null,
      "cogs": 19796000000,
      "rd": null,
      "sga": 911000000,
      "fcf": 3993000000,
      "ocf": 4298000000,
      "capex": -305000000,
      "gross_margin": 0.06472644807710479,
      "op_margin": null,
      "fcf_margin": 0.18865161107436454,
      "rev_growth_yoy": -0.04863358504135203,
      "rev_growth_yoy_accel": 0.027898661949081437,
      "fcf_margin_change": 0.2200270757583794
    },
    {
      "date": "2025-09-30T00:00:00",
      "quarter_label": "2025-09 (Q3)",
      "revenue": 20372000000,
      "gross_profit": 1270000000,
      "operating_income": null,
      "net_income": 108000000,
      "opex": null,
      "cogs": 19102000000,
      "rd": null,
      "sga": 873000000,
      "fcf": 1513000000,
      "ocf": 1809000000,
      "capex": -296000000,
      "gross_margin": 0.0623404673080699,
      "op_margin": null,
      "fcf_margin": 0.07426860396622816,
      "rev_growth_yoy": 0.021818728996338466,
      "rev_growth_yoy_accel": 0.0704523140376905,
      "fcf_margin_change": -0.11438300710813638
    },
    {
      "date": "2025-12-31T00:00:00",
      "quarter_label": "2025-12 (Q4)",
      "revenue": 18556000000,
      "gross_profit": 1213000000,
      "operating_income": null,
      "net_income": 456000000,
      "opex": null,
      "cogs": 17343000000,
      "rd": null,
      "sga": 893000000,
      "fcf": -669000000,
      "ocf": -313000000,
      "capex": -356000000,
      "gross_margin": 0.06536969174391033,
      "op_margin": null,
      "fcf_margin": -0.036053028669971975,
      "rev_growth_yoy": -0.13684993952925853,
      "rev_growth_yoy_accel": -0.158668668525597,
      "fcf_margin_change": -0.11032163263620012
    }
  ],
  "signals": [
    {
      "quarter": "2025-12 (Q4)",
      "signal": "YoY REVENUE GROWTH DECELERATION",
      "detail": "YoY growth: -13.7% vs prior quarter YoY: +2.2% (decel: -15.9%)",
      "severity": "WARNING"
    },
    {
      "quarter": "2025-09 (Q3)",
      "signal": "YoY REVENUE GROWTH ACCELERATION",
      "detail": "YoY growth: +2.2% vs prior quarter YoY: -4.9% (accel: +7.0%)",
      "severity": "MEDIUM"
    },
    {
      "quarter": "2025-06 (Q2)",
      "signal": "FCF TURNED POSITIVE",
      "detail": "FCF margin: -3.1% -> +18.9%",
      "severity": "HIGH"
    },
    {
      "quarter": "2023-12 (Q4)",
      "signal": "FCF MARGIN EXPANSION",
      "detail": "FCF margin: +2.5% -> +9.3% (+6.7%)",
      "severity": "MEDIUM"
    },
    {
      "quarter": "2023-06 (Q2)",
      "signal": "FCF TURNED POSITIVE",
      "detail": "FCF margin: -8.0% -> +8.8%",
      "severity": "HIGH"
    },
    {
      "quarter": "2023-06 (Q2)",
      "signal": "YoY REVENUE GROWTH DECELERATION",
      "detail": "YoY growth: -7.7% vs prior quarter YoY: +1.8% (decel: -9.5%)",
      "severity": "WARNING"
    },
    {
      "quarter": "2023-03 (Q1)",
      "signal": "YoY REVENUE GROWTH DECELERATION",
      "detail": "YoY growth: +1.8% vs prior quarter YoY: +12.3% (decel: -10.6%)",
      "severity": "WARNING"
    },
    {
      "quarter": "2022-12 (Q4)",
      "signal": "YoY REVENUE GROWTH DECELERATION",
      "detail": "YoY growth: +12.3% vs prior quarter YoY: +21.4% (decel: -9.0%)",
      "severity": "WARNING"
    },
    {
      "quarter": "2022-09 (Q3)",
      "signal": "FCF MARGIN EXPANSION",
      "detail": "FCF margin: +0.9% -> +14.9% (+14.0%)",
      "severity": "MEDIUM"
    },
    {
      "quarter": "2022-06 (Q2)",
      "signal": "FCF TURNED POSITIVE",
      "detail": "FCF margin: -6.0% -> +0.9%",
      "severity": "HIGH"
    },
    {
      "quarter": "2022-06 (Q2)",
      "signal": "YoY REVENUE GROWTH DECELERATION",
      "detail": "YoY growth: +19.0% vs prior quarter YoY: +25.2% (decel: -6.2%)",
      "severity": "WARNING"
    },
    {
      "quarter": "2021-06 (Q2)",
      "signal": "FCF MARGIN EXPANSION",
      "detail": "FCF margin: +0.7% -> +10.7% (+10.1%)",
      "severity": "MEDIUM"
    }
  ],
  "data_quality": {
    "n_quarters": 20,
    "coverage": {
      "revenue": [
        20,
        20
      ],
      "gross_profit": [
        20,
        20
      ],
      "op_income": [
        0,
        20
      ],
      "fcf": [
        20,
        20
      ]
    },
    "gaps": [],
    "warnings": [
      "op_income: no data"
    ]
  },
  "market_cap": null,
  "source": "SEC EDGAR",
  "last_updated": "2026-02-24T10:35:56.139270"
}