{
  "ticker": "ADNT",
  "name": "ADIENT PLC",
  "quarters": [
    {
      "date": "2020-12-31T00:00:00",
      "quarter_label": "2020-12 (Q4)",
      "revenue": 3848000000,
      "gross_profit": 341000000,
      "operating_income": null,
      "net_income": 150000000,
      "opex": null,
      "cogs": 3507000000,
      "rd": null,
      "sga": 149000000,
      "fcf": 231000000,
      "ocf": 231000000,
      "capex": null,
      "gross_margin": 0.08861746361746362,
      "op_margin": null,
      "fcf_margin": 0.060031185031185035
    },
    {
      "date": "2021-03-31T00:00:00",
      "quarter_label": "2021-03 (Q1)",
      "revenue": 3819000000,
      "gross_profit": 298000000,
      "operating_income": null,
      "net_income": 69000000,
      "opex": null,
      "cogs": 3521000000,
      "rd": null,
      "sga": 148000000,
      "fcf": -91000000,
      "ocf": -91000000,
      "capex": null,
      "gross_margin": 0.07803089814087458,
      "op_margin": null,
      "fcf_margin": -0.023828227284629484,
      "fcf_margin_change": -0.08385941231581452
    },
    {
      "date": "2021-06-30T00:00:00",
      "quarter_label": "2021-06 (Q2)",
      "revenue": 3242000000,
      "gross_profit": 150000000,
      "operating_income": null,
      "net_income": -71000000,
      "opex": null,
      "cogs": 3092000000,
      "rd": null,
      "sga": 136000000,
      "fcf": 222000000,
      "ocf": 222000000,
      "capex": null,
      "gross_margin": 0.04626773596545342,
      "op_margin": null,
      "fcf_margin": 0.06847624922887106,
      "fcf_margin_change": 0.09230447651350054
    },
    {
      "date": "2021-09-30T00:00:00",
      "quarter_label": "2021-09 (Q3)",
      "revenue": 2771000000,
      "gross_profit": 37000000,
      "operating_income": null,
      "net_income": 960000000,
      "opex": null,
      "cogs": 2734000000,
      "rd": null,
      "sga": 104000000,
      "fcf": -102000000,
      "ocf": -102000000,
      "capex": null,
      "gross_margin": 0.01335258029592205,
      "op_margin": null,
      "fcf_margin": -0.03680981595092025,
      "fcf_margin_change": -0.1052860651797913
    },
    {
      "date": "2021-12-31T00:00:00",
      "quarter_label": "2021-12 (Q4)",
      "revenue": 3480000000,
      "gross_profit": 173000000,
      "operating_income": null,
      "net_income": -54000000,
      "opex": null,
      "cogs": 3307000000,
      "rd": null,
      "sga": 162000000,
      "fcf": -14000000,
      "ocf": -14000000,
      "capex": null,
      "gross_margin": 0.04971264367816092,
      "op_margin": null,
      "fcf_margin": -0.004022988505747126,
      "rev_growth_yoy": -0.09563409563409564,
      "fcf_margin_change": 0.032786827445173125
    },
    {
      "date": "2022-03-31T00:00:00",
      "quarter_label": "2022-03 (Q1)",
      "revenue": 3506000000,
      "gross_profit": 178000000,
      "operating_income": null,
      "net_income": -81000000,
      "opex": null,
      "cogs": 3328000000,
      "rd": null,
      "sga": 135000000,
      "fcf": 29000000,
      "ocf": 29000000,
      "capex": null,
      "gross_margin": 0.050770108385624645,
      "op_margin": null,
      "fcf_margin": 0.00827153451226469,
      "rev_growth_yoy": -0.08195862791306625,
      "rev_growth_yoy_accel": 0.013675467721029386,
      "fcf_margin_change": 0.012294523018011816
    },
    {
      "date": "2022-06-30T00:00:00",
      "quarter_label": "2022-06 (Q2)",
      "revenue": 3485000000,
      "gross_profit": 173000000,
      "operating_income": null,
      "net_income": -30000000,
      "opex": null,
      "cogs": 3312000000,
      "rd": null,
      "sga": 142000000,
      "fcf": 23000000,
      "ocf": 23000000,
      "capex": null,
      "gross_margin": 0.049641319942611194,
      "op_margin": null,
      "fcf_margin": 0.006599713055954089,
      "rev_growth_yoy": 0.07495373226403455,
      "rev_growth_yoy_accel": 0.1569123601771008,
      "fcf_margin_change": -0.0016718214563106008
    },
    {
      "date": "2022-09-30T00:00:00",
      "quarter_label": "2022-09 (Q3)",
      "revenue": 3650000000,
      "gross_profit": 283000000,
      "operating_income": null,
      "net_income": 45000000,
      "opex": null,
      "cogs": 3367000000,
      "rd": null,
      "sga": 159000000,
      "fcf": 236000000,
      "ocf": 236000000,
      "capex": null,
      "gross_margin": 0.07753424657534247,
      "op_margin": null,
      "fcf_margin": 0.06465753424657535,
      "rev_growth_yoy": 0.3172140021652833,
      "rev_growth_yoy_accel": 0.24226026990124871,
      "fcf_margin_change": 0.05805782119062126
    },
    {
      "date": "2022-12-31T00:00:00",
      "quarter_label": "2022-12 (Q4)",
      "revenue": 3699000000,
      "gross_profit": 231000000,
      "operating_income": null,
      "net_income": 12000000,
      "opex": null,
      "cogs": 3468000000,
      "rd": null,
      "sga": 138000000,
      "fcf": 44000000,
      "ocf": 44000000,
      "capex": null,
      "gross_margin": 0.062449310624493104,
      "op_margin": null,
      "fcf_margin": 0.011895106785617735,
      "rev_growth_yoy": 0.06293103448275862,
      "rev_growth_yoy_accel": -0.2542829676825247,
      "fcf_margin_change": -0.05276242746095761
    },
    {
      "date": "2023-03-31T00:00:00",
      "quarter_label": "2023-03 (Q1)",
      "revenue": 3912000000,
      "gross_profit": 250000000,
      "operating_income": null,
      "net_income": -15000000,
      "opex": null,
      "cogs": 3662000000,
      "rd": null,
      "sga": 141000000,
      "fcf": 126000000,
      "ocf": 126000000,
      "capex": null,
      "gross_margin": 0.06390593047034765,
      "op_margin": null,
      "fcf_margin": 0.032208588957055216,
      "rev_growth_yoy": 0.11580148317170565,
      "rev_growth_yoy_accel": 0.052870448688947025,
      "fcf_margin_change": 0.020313482171437483
    },
    {
      "date": "2023-06-30T00:00:00",
      "quarter_label": "2023-06 (Q2)",
      "revenue": 4055000000,
      "gross_profit": 302000000,
      "operating_income": null,
      "net_income": 73000000,
      "opex": null,
      "cogs": 3753000000,
      "rd": null,
      "sga": 148000000,
      "fcf": 203000000,
      "ocf": 203000000,
      "capex": null,
      "gross_margin": 0.07447595561035758,
      "op_margin": null,
      "fcf_margin": 0.0500616522811344,
      "rev_growth_yoy": 0.16355810616929697,
      "rev_growth_yoy_accel": 0.04775662299759133,
      "fcf_margin_change": 0.017853063324079183
    },
    {
      "date": "2023-09-30T00:00:00",
      "quarter_label": "2023-09 (Q3)",
      "revenue": 3729000000,
      "gross_profit": 250000000,
      "operating_income": null,
      "net_income": 135000000,
      "opex": null,
      "cogs": 3479000000,
      "rd": null,
      "sga": 127000000,
      "fcf": 294000000,
      "ocf": 294000000,
      "capex": null,
      "gross_margin": 0.06704210244033253,
      "op_margin": null,
      "fcf_margin": 0.07884151246983105,
      "rev_growth_yoy": 0.021643835616438355,
      "rev_growth_yoy_accel": -0.14191427055285863,
      "fcf_margin_change": 0.028779860188696653
    },
    {
      "date": "2023-12-31T00:00:00",
      "quarter_label": "2023-12 (Q4)",
      "revenue": 3660000000,
      "gross_profit": 246000000,
      "operating_income": null,
      "net_income": 20000000,
      "opex": null,
      "cogs": 3414000000,
      "rd": null,
      "sga": 147000000,
      "fcf": 41000000,
      "ocf": 41000000,
      "capex": null,
      "gross_margin": 0.06721311475409836,
      "op_margin": null,
      "fcf_margin": 0.011202185792349727,
      "rev_growth_yoy": -0.010543390105433901,
      "rev_growth_yoy_accel": -0.032187225721872256,
      "fcf_margin_change": -0.06763932667748132
    },
    {
      "date": "2024-03-31T00:00:00",
      "quarter_label": "2024-03 (Q1)",
      "revenue": 3750000000,
      "gross_profit": 230000000,
      "operating_income": null,
      "net_income": -70000000,
      "opex": null,
      "cogs": 3520000000,
      "rd": null,
      "sga": 115000000,
      "fcf": 81000000,
      "ocf": 81000000,
      "capex": null,
      "gross_margin": 0.06133333333333333,
      "op_margin": null,
      "fcf_margin": 0.0216,
      "rev_growth_yoy": -0.04141104294478527,
      "rev_growth_yoy_accel": -0.030867652839351372,
      "fcf_margin_change": 0.010397814207650274
    },
    {
      "date": "2024-06-30T00:00:00",
      "quarter_label": "2024-06 (Q2)",
      "revenue": 3716000000,
      "gross_profit": 207000000,
      "operating_income": null,
      "net_income": -11000000,
      "opex": null,
      "cogs": 3509000000,
      "rd": null,
      "sga": 121000000,
      "fcf": 158000000,
      "ocf": 158000000,
      "capex": null,
      "gross_margin": 0.05570505920344456,
      "op_margin": null,
      "fcf_margin": 0.042518837459634015,
      "rev_growth_yoy": -0.08360049321824907,
      "rev_growth_yoy_accel": -0.0421894502734638,
      "fcf_margin_change": 0.020918837459634014
    },
    {
      "date": "2024-09-30T00:00:00",
      "quarter_label": "2024-09 (Q3)",
      "revenue": 3562000000,
      "gross_profit": 245000000,
      "operating_income": null,
      "net_income": 79000000,
      "opex": null,
      "cogs": 3317000000,
      "rd": null,
      "sga": 124000000,
      "fcf": 263000000,
      "ocf": 263000000,
      "capex": null,
      "gross_margin": 0.06878158338012352,
      "op_margin": null,
      "fcf_margin": 0.0738349241998877,
      "rev_growth_yoy": -0.04478412443014213,
      "rev_growth_yoy_accel": 0.03881636878810694,
      "fcf_margin_change": 0.031316086740253685
    },
    {
      "date": "2024-12-31T00:00:00",
      "quarter_label": "2024-12 (Q4)",
      "revenue": 3495000000,
      "gross_profit": 216000000,
      "operating_income": null,
      "net_income": 0,
      "opex": null,
      "cogs": 3279000000,
      "rd": null,
      "sga": 125000000,
      "fcf": 109000000,
      "ocf": 109000000,
      "capex": null,
      "gross_margin": 0.061802575107296136,
      "op_margin": null,
      "fcf_margin": 0.03118741058655222,
      "rev_growth_yoy": -0.045081967213114756,
      "rev_growth_yoy_accel": -0.0002978427829726238,
      "fcf_margin_change": -0.04264751361333548
    },
    {
      "date": "2025-03-31T00:00:00",
      "quarter_label": "2025-03 (Q1)",
      "revenue": 3611000000,
      "gross_profit": 261000000,
      "operating_income": null,
      "net_income": -335000000,
      "opex": null,
      "cogs": 3350000000,
      "rd": null,
      "sga": 144000000,
      "fcf": -45000000,
      "ocf": -45000000,
      "capex": null,
      "gross_margin": 0.07227914705067848,
      "op_margin": null,
      "fcf_margin": -0.012461921905289393,
      "rev_growth_yoy": -0.037066666666666664,
      "rev_growth_yoy_accel": 0.008015300546448091,
      "fcf_margin_change": -0.04364933249184161
    },
    {
      "date": "2025-06-30T00:00:00",
      "quarter_label": "2025-06 (Q2)",
      "revenue": 3741000000,
      "gross_profit": 237000000,
      "operating_income": null,
      "net_income": 36000000,
      "opex": null,
      "cogs": 3504000000,
      "rd": null,
      "sga": 129000000,
      "fcf": 172000000,
      "ocf": 172000000,
      "capex": null,
      "gross_margin": 0.06335204490777867,
      "op_margin": null,
      "fcf_margin": 0.04597701149425287,
      "rev_growth_yoy": 0.006727664155005382,
      "rev_growth_yoy_accel": 0.04379433082167205,
      "fcf_margin_change": 0.058438933399542266
    },
    {
      "date": "2025-09-30T00:00:00",
      "quarter_label": "2025-09 (Q3)",
      "revenue": 3688000000,
      "gross_profit": 247000000,
      "operating_income": null,
      "net_income": 18000000,
      "opex": null,
      "cogs": 3441000000,
      "rd": null,
      "sga": 124000000,
      "fcf": 213000000,
      "ocf": 213000000,
      "capex": null,
      "gross_margin": 0.06697396963123645,
      "op_margin": null,
      "fcf_margin": 0.05775488069414317,
      "rev_growth_yoy": 0.03537338573834924,
      "rev_growth_yoy_accel": 0.028645721583343862,
      "fcf_margin_change": 0.011777869199890295
    }
  ],
  "signals": [
    {
      "quarter": "2025-06 (Q2)",
      "signal": "FCF TURNED POSITIVE",
      "detail": "FCF margin: -1.2% -> +4.6%",
      "severity": "HIGH"
    },
    {
      "quarter": "2023-09 (Q3)",
      "signal": "YoY REVENUE GROWTH DECELERATION",
      "detail": "YoY growth: +2.2% vs prior quarter YoY: +16.4% (decel: -14.2%)",
      "severity": "WARNING"
    },
    {
      "quarter": "2023-03 (Q1)",
      "signal": "YoY REVENUE GROWTH ACCELERATION",
      "detail": "YoY growth: +11.6% vs prior quarter YoY: +6.3% (accel: +5.3%)",
      "severity": "MEDIUM"
    },
    {
      "quarter": "2022-12 (Q4)",
      "signal": "YoY REVENUE GROWTH DECELERATION",
      "detail": "YoY growth: +6.3% vs prior quarter YoY: +31.7% (decel: -25.4%)",
      "severity": "WARNING"
    },
    {
      "quarter": "2022-09 (Q3)",
      "signal": "FCF MARGIN EXPANSION",
      "detail": "FCF margin: +0.7% -> +6.5% (+5.8%)",
      "severity": "MEDIUM"
    },
    {
      "quarter": "2022-09 (Q3)",
      "signal": "GROSS MARGIN INFLECTION",
      "detail": "GM: +5.1% -> +5.0% -> +7.8% (reversal +2.8%)",
      "severity": "MEDIUM"
    },
    {
      "quarter": "2022-09 (Q3)",
      "signal": "YoY REVENUE GROWTH ACCELERATION",
      "detail": "YoY growth: +31.7% vs prior quarter YoY: +7.5% (accel: +24.2%)",
      "severity": "HIGH"
    },
    {
      "quarter": "2022-06 (Q2)",
      "signal": "YoY REVENUE GROWTH ACCELERATION",
      "detail": "YoY growth: +7.5% vs prior quarter YoY: -8.2% (accel: +15.7%)",
      "severity": "HIGH"
    },
    {
      "quarter": "2022-03 (Q1)",
      "signal": "FCF TURNED POSITIVE",
      "detail": "FCF margin: -0.4% -> +0.8%",
      "severity": "HIGH"
    },
    {
      "quarter": "2021-12 (Q4)",
      "signal": "GROSS MARGIN INFLECTION",
      "detail": "GM: +4.6% -> +1.3% -> +5.0% (reversal +3.6%)",
      "severity": "MEDIUM"
    },
    {
      "quarter": "2021-06 (Q2)",
      "signal": "FCF TURNED POSITIVE",
      "detail": "FCF margin: -2.4% -> +6.8%",
      "severity": "HIGH"
    }
  ],
  "data_quality": {
    "n_quarters": 20,
    "coverage": {
      "revenue": [
        20,
        20
      ],
      "gross_profit": [
        20,
        20
      ],
      "op_income": [
        0,
        20
      ],
      "fcf": [
        20,
        20
      ]
    },
    "gaps": [],
    "warnings": [
      "op_income: no data"
    ]
  },
  "market_cap": null,
  "source": "SEC EDGAR",
  "last_updated": "2026-02-02T21:41:47.092085",
  "sector": "Consumer Cyclical",
  "industry": "Auto Parts"
}