{
  "ticker": "ADP",
  "name": "AUTOMATIC DATA PROCESSING, INC.",
  "quarters": [
    {
      "date": "2021-03-31T00:00:00",
      "quarter_label": "2021-03 (Q1)",
      "revenue": 4102000000,
      "gross_profit": 1823900000,
      "operating_income": null,
      "net_income": 810700000,
      "opex": 3054600000,
      "cogs": 2278100000,
      "rd": null,
      "sga": 763000000,
      "fcf": 1252200000,
      "ocf": 1252200000,
      "capex": null,
      "gross_margin": 0.4446367625548513,
      "op_margin": null,
      "fcf_margin": 0.3052657240370551
    },
    {
      "date": "2021-06-30T00:00:00",
      "quarter_label": "2021-06 (Q2)",
      "revenue": 3737000000,
      "gross_profit": 1531500000,
      "operating_income": null,
      "net_income": 538200000,
      "opex": 3063500000,
      "cogs": 2205500000,
      "rd": null,
      "sga": 840700000,
      "fcf": 652800000,
      "ocf": 652800000,
      "capex": null,
      "gross_margin": 0.40982071180090984,
      "op_margin": null,
      "fcf_margin": 0.1746855766657747,
      "fcf_margin_change": -0.1305801473712804
    },
    {
      "date": "2021-09-30T00:00:00",
      "quarter_label": "2021-09 (Q3)",
      "revenue": 3832300000,
      "gross_profit": 1609700000,
      "operating_income": null,
      "net_income": 700500000,
      "opex": 2960300000,
      "cogs": 2222600000,
      "rd": null,
      "sga": 719200000,
      "fcf": 121900000,
      "ocf": 121900000,
      "capex": null,
      "gross_margin": 0.42003496594734235,
      "op_margin": null,
      "fcf_margin": 0.03180857448529604,
      "op_leverage_ratio": Infinity,
      "fcf_margin_change": -0.14287700218047866
    },
    {
      "date": "2021-12-31T00:00:00",
      "quarter_label": "2021-12 (Q4)",
      "revenue": 4025400000,
      "gross_profit": 1684200000,
      "operating_income": null,
      "net_income": 694400000,
      "opex": 3141900000,
      "cogs": 2341200000,
      "rd": null,
      "sga": 782300000,
      "fcf": 1093700000,
      "ocf": 1093700000,
      "capex": null,
      "gross_margin": 0.4183932031599344,
      "op_margin": null,
      "fcf_margin": 0.2716997068614299,
      "op_leverage_ratio": 0.8213772230039563,
      "fcf_margin_change": 0.23989113237613388
    },
    {
      "date": "2022-03-31T00:00:00",
      "quarter_label": "2022-03 (Q1)",
      "revenue": 4513000000,
      "gross_profit": 2000800000,
      "operating_income": null,
      "net_income": 928500000,
      "opex": 3348100000,
      "cogs": 2512200000,
      "rd": null,
      "sga": 817500000,
      "fcf": 971000000,
      "ocf": 971000000,
      "capex": null,
      "gross_margin": 0.44334145801019276,
      "op_margin": null,
      "fcf_margin": 0.21515621537779747,
      "rev_growth_yoy": 0.10019502681618722,
      "op_leverage_ratio": 1.8456882694020036,
      "fcf_margin_change": -0.05654349148363244
    },
    {
      "date": "2022-06-30T00:00:00",
      "quarter_label": "2022-06 (Q2)",
      "revenue": 4127700000,
      "gross_profit": 1741800000,
      "operating_income": null,
      "net_income": 625500000,
      "opex": 3326700000,
      "cogs": 2385900000,
      "rd": null,
      "sga": 914200000,
      "fcf": 912900000,
      "ocf": 912900000,
      "capex": null,
      "gross_margin": 0.42197834144923324,
      "op_margin": null,
      "fcf_margin": 0.22116432880296533,
      "rev_growth_yoy": 0.10454910355900456,
      "rev_growth_yoy_accel": 0.004354076742817334,
      "fcf_margin_change": 0.006008113425167855
    },
    {
      "date": "2022-09-30T00:00:00",
      "quarter_label": "2022-09 (Q3)",
      "revenue": 4215600000,
      "gross_profit": 1822000000,
      "operating_income": null,
      "net_income": 779000000,
      "opex": 3245100000,
      "cogs": 2393600000,
      "rd": 209800000,
      "sga": 800300000,
      "fcf": 718100000,
      "ocf": 718100000,
      "capex": null,
      "gross_margin": 0.4322041939462947,
      "op_margin": null,
      "fcf_margin": 0.1703434860992504,
      "rev_growth_yoy": 0.10001826579338778,
      "rev_growth_yoy_accel": -0.004530837765616774,
      "op_leverage_ratio": Infinity,
      "fcf_margin_change": -0.050820842703714925
    },
    {
      "date": "2022-12-31T00:00:00",
      "quarter_label": "2022-12 (Q4)",
      "revenue": 4391000000,
      "gross_profit": 1940300000,
      "operating_income": null,
      "net_income": 813100000,
      "opex": 3363400000,
      "cogs": 2450700000,
      "rd": 204200000,
      "sga": 855700000,
      "fcf": 899700000,
      "ocf": 899700000,
      "capex": null,
      "gross_margin": 0.4418811204736962,
      "op_margin": null,
      "fcf_margin": 0.20489637895695742,
      "rev_growth_yoy": 0.09082327222139415,
      "rev_growth_yoy_accel": -0.009194993571993632,
      "op_leverage_ratio": 1.1413360446731002,
      "fcf_margin_change": 0.03455289285770702
    },
    {
      "date": "2023-03-31T00:00:00",
      "quarter_label": "2023-03 (Q1)",
      "revenue": 4927800000,
      "gross_profit": 2304000000,
      "operating_income": null,
      "net_income": 1043100000,
      "opex": 3600100000,
      "cogs": 2623800000,
      "rd": 208600000,
      "sga": 938000000,
      "fcf": 1404100000,
      "ocf": 1404100000,
      "capex": null,
      "gross_margin": 0.4675514428345306,
      "op_margin": null,
      "fcf_margin": 0.28493445350866514,
      "rev_growth_yoy": 0.09191225348991801,
      "rev_growth_yoy_accel": 0.0010889812685238587,
      "op_leverage_ratio": 1.7371180460243554,
      "fcf_margin_change": 0.08003807455170772
    },
    {
      "date": "2023-06-30T00:00:00",
      "quarter_label": "2023-06 (Q2)",
      "revenue": 4477800000,
      "gross_profit": 1992500000,
      "operating_income": null,
      "net_income": 776700000,
      "opex": 3549400000,
      "cogs": 2485300000,
      "rd": 222200000,
      "sga": 957200000,
      "fcf": 1185700000,
      "ocf": 1185700000,
      "capex": null,
      "gross_margin": 0.444972977801599,
      "op_margin": null,
      "fcf_margin": 0.26479521193443206,
      "rev_growth_yoy": 0.08481721055309252,
      "rev_growth_yoy_accel": -0.007095042936825488,
      "fcf_margin_change": -0.02013924157423308
    },
    {
      "date": "2023-09-30T00:00:00",
      "quarter_label": "2023-09 (Q3)",
      "revenue": 4512400000,
      "gross_profit": 1997000000,
      "operating_income": null,
      "net_income": 859400000,
      "opex": 3487300000,
      "cogs": 2515400000,
      "rd": 236500000,
      "sga": 880300000,
      "fcf": 326500000,
      "ocf": 326500000,
      "capex": null,
      "gross_margin": 0.4425582838400851,
      "op_margin": null,
      "fcf_margin": 0.07235617409804096,
      "rev_growth_yoy": 0.07040516178005503,
      "rev_growth_yoy_accel": -0.014412048773037492,
      "fcf_margin_change": -0.1924390378363911
    },
    {
      "date": "2023-12-31T00:00:00",
      "quarter_label": "2023-12 (Q4)",
      "revenue": 4668000000,
      "gross_profit": 2106400000,
      "operating_income": null,
      "net_income": 878400000,
      "opex": 3589000000,
      "cogs": 2561600000,
      "rd": 228700000,
      "sga": 922500000,
      "fcf": 1032400000,
      "ocf": 1032400000,
      "capex": null,
      "gross_margin": 0.4512425021422451,
      "op_margin": null,
      "fcf_margin": 0.22116538131962296,
      "rev_growth_yoy": 0.06308358005010248,
      "rev_growth_yoy_accel": -0.00732158172995255,
      "op_leverage_ratio": 1.1824161665479944,
      "fcf_margin_change": 0.148809207221582
    },
    {
      "date": "2024-03-31T00:00:00",
      "quarter_label": "2024-03 (Q1)",
      "revenue": 5253800000,
      "gross_profit": 2485600000,
      "operating_income": null,
      "net_income": 1184900000,
      "opex": 3771800000,
      "cogs": 2768200000,
      "rd": 242700000,
      "sga": 940900000,
      "fcf": 1498100000,
      "ocf": 1498100000,
      "capex": null,
      "gross_margin": 0.47310518101183907,
      "op_margin": null,
      "fcf_margin": 0.28514598956945447,
      "rev_growth_yoy": 0.0661552822760664,
      "rev_growth_yoy_accel": 0.0030717022259639237,
      "op_leverage_ratio": 2.463858638075898,
      "fcf_margin_change": 0.06398060824983151
    },
    {
      "date": "2024-06-30T00:00:00",
      "quarter_label": "2024-06 (Q2)",
      "revenue": 4768500000,
      "gross_profit": 2136900000,
      "operating_income": null,
      "net_income": 829300000,
      "opex": 3769100000,
      "cogs": 2631600000,
      "rd": 247900000,
      "sga": 1035300000,
      "fcf": 1300600000,
      "ocf": 1300600000,
      "capex": null,
      "gross_margin": 0.4481283422459893,
      "op_margin": null,
      "fcf_margin": 0.2727482436824997,
      "rev_growth_yoy": 0.06492027334851937,
      "rev_growth_yoy_accel": -0.001235008927547035,
      "fcf_margin_change": -0.012397745886954747
    },
    {
      "date": "2024-09-30T00:00:00",
      "quarter_label": "2024-09 (Q3)",
      "revenue": 4832700000,
      "gross_profit": 2199000000,
      "operating_income": null,
      "net_income": 956300000,
      "opex": 3698200000,
      "cogs": 2633700000,
      "rd": 232600000,
      "sga": 926700000,
      "fcf": 824400000,
      "ocf": 824400000,
      "capex": null,
      "gross_margin": 0.45502514122540194,
      "op_margin": null,
      "fcf_margin": 0.1705878701347073,
      "rev_growth_yoy": 0.07098218243063559,
      "rev_growth_yoy_accel": 0.006061909082116221,
      "op_leverage_ratio": Infinity,
      "fcf_margin_change": -0.10216037354779242
    },
    {
      "date": "2024-12-31T00:00:00",
      "quarter_label": "2024-12 (Q4)",
      "revenue": 5048400000,
      "gross_profit": 2305900000,
      "operating_income": null,
      "net_income": 963200000,
      "opex": 3878200000,
      "cogs": 2742500000,
      "rd": 239500000,
      "sga": 1006100000,
      "fcf": 1150300000,
      "ocf": 1150300000,
      "capex": null,
      "gross_margin": 0.45675857697488315,
      "op_margin": null,
      "fcf_margin": 0.2278543697012915,
      "rev_growth_yoy": 0.08149100257069408,
      "rev_growth_yoy_accel": 0.010508820140058495,
      "op_leverage_ratio": 0.9170187127968493,
      "fcf_margin_change": 0.057266499566584195
    },
    {
      "date": "2025-03-31T00:00:00",
      "quarter_label": "2025-03 (Q1)",
      "revenue": 5553000000,
      "gross_profit": 2648800000,
      "operating_income": null,
      "net_income": 1249500000,
      "opex": 3994800000,
      "cogs": 2904200000,
      "rd": 247100000,
      "sga": 1015800000,
      "fcf": 1525800000,
      "ocf": 1525800000,
      "capex": null,
      "gross_margin": 0.477003421573924,
      "op_margin": null,
      "fcf_margin": 0.27477039438141543,
      "rev_growth_yoy": 0.056949255776771096,
      "rev_growth_yoy_accel": -0.024541746793922986,
      "op_leverage_ratio": 3.3244908326847233,
      "fcf_margin_change": 0.04691602468012393
    },
    {
      "date": "2025-06-30T00:00:00",
      "quarter_label": "2025-06 (Q2)",
      "revenue": 5126800000,
      "gross_profit": 2309900000,
      "operating_income": null,
      "net_income": 910700000,
      "opex": 4033700000,
      "cogs": 2816900000,
      "rd": 269400000,
      "sga": 1103100000,
      "fcf": 1439200000,
      "ocf": 1439200000,
      "capex": null,
      "gross_margin": 0.4505539517827885,
      "op_margin": null,
      "fcf_margin": 0.2807209175314036,
      "rev_growth_yoy": 0.07513893257837895,
      "rev_growth_yoy_accel": 0.01818967680160785,
      "fcf_margin_change": 0.005950523149988174
    },
    {
      "date": "2025-09-30T00:00:00",
      "quarter_label": "2025-09 (Q3)",
      "revenue": 5175200000,
      "gross_profit": 2339100000,
      "operating_income": null,
      "net_income": 1013000000,
      "opex": 3977800000,
      "cogs": 2836100000,
      "rd": 251200000,
      "sga": 1006300000,
      "fcf": 642300000,
      "ocf": 642300000,
      "capex": null,
      "gross_margin": 0.45198253207605504,
      "op_margin": null,
      "fcf_margin": 0.12411114546297727,
      "rev_growth_yoy": 0.07087135555693505,
      "rev_growth_yoy_accel": -0.004267577021443897,
      "fcf_margin_change": -0.15660977206842633
    },
    {
      "date": "2025-12-31T00:00:00",
      "quarter_label": "2025-12 (Q4)",
      "revenue": 5359300000,
      "gross_profit": 2469600000,
      "operating_income": null,
      "net_income": 1062000000,
      "opex": 4081900000,
      "cogs": 2889700000,
      "rd": 257800000,
      "sga": 1068100000,
      "fcf": 1132900000,
      "ocf": 1132900000,
      "capex": null,
      "gross_margin": 0.4608064486033624,
      "op_margin": null,
      "fcf_margin": 0.21138954714235067,
      "rev_growth_yoy": 0.06158386815624752,
      "rev_growth_yoy_accel": -0.009287487400687529,
      "op_leverage_ratio": 1.3593111030230782,
      "fcf_margin_change": 0.0872784016793734
    }
  ],
  "signals": [
    {
      "quarter": "2025-12 (Q4)",
      "signal": "FCF MARGIN EXPANSION",
      "detail": "FCF margin: +12.4% -> +21.1% (+8.7%)",
      "severity": "MEDIUM"
    },
    {
      "quarter": "2025-03 (Q1)",
      "signal": "OPERATING LEVERAGE",
      "detail": "Rev growth +10.0% vs OpEx growth +3.0% (leverage: 3.3x)",
      "severity": "MEDIUM"
    },
    {
      "quarter": "2024-12 (Q4)",
      "signal": "FCF MARGIN EXPANSION",
      "detail": "FCF margin: +17.1% -> +22.8% (+5.7%)",
      "severity": "MEDIUM"
    },
    {
      "quarter": "2024-03 (Q1)",
      "signal": "FCF MARGIN EXPANSION",
      "detail": "FCF margin: +22.1% -> +28.5% (+6.4%)",
      "severity": "MEDIUM"
    },
    {
      "quarter": "2024-03 (Q1)",
      "signal": "OPERATING LEVERAGE",
      "detail": "Rev growth +12.5% vs OpEx growth +5.1% (leverage: 2.5x)",
      "severity": "MEDIUM"
    },
    {
      "quarter": "2023-12 (Q4)",
      "signal": "FCF MARGIN EXPANSION",
      "detail": "FCF margin: +7.2% -> +22.1% (+14.9%)",
      "severity": "MEDIUM"
    },
    {
      "quarter": "2023-03 (Q1)",
      "signal": "FCF MARGIN EXPANSION",
      "detail": "FCF margin: +20.5% -> +28.5% (+8.0%)",
      "severity": "MEDIUM"
    },
    {
      "quarter": "2023-03 (Q1)",
      "signal": "OPERATING LEVERAGE",
      "detail": "Rev growth +12.2% vs OpEx growth +7.0% (leverage: 1.7x)",
      "severity": "MEDIUM"
    },
    {
      "quarter": "2022-03 (Q1)",
      "signal": "OPERATING LEVERAGE",
      "detail": "Rev growth +12.1% vs OpEx growth +6.6% (leverage: 1.8x)",
      "severity": "MEDIUM"
    },
    {
      "quarter": "2022-03 (Q1)",
      "signal": "GROSS MARGIN INFLECTION",
      "detail": "GM: +42.0% -> +41.8% -> +44.3% (reversal +2.5%)",
      "severity": "MEDIUM"
    },
    {
      "quarter": "2021-12 (Q4)",
      "signal": "FCF MARGIN EXPANSION",
      "detail": "FCF margin: +3.2% -> +27.2% (+24.0%)",
      "severity": "MEDIUM"
    }
  ],
  "data_quality": {
    "n_quarters": 20,
    "coverage": {
      "revenue": [
        20,
        20
      ],
      "gross_profit": [
        20,
        20
      ],
      "op_income": [
        0,
        20
      ],
      "fcf": [
        20,
        20
      ]
    },
    "gaps": [],
    "warnings": [
      "op_income: no data"
    ]
  },
  "market_cap": null,
  "source": "SEC EDGAR",
  "last_updated": "2026-02-02T19:50:05.748845",
  "sector": "Technology",
  "industry": "Software - Application"
}