{
  "ticker": "ADT",
  "name": "ADT Inc.",
  "quarters": [
    {
      "date": "2020-12-31T00:00:00",
      "quarter_label": "2020-12 (Q4)",
      "revenue": 1314724000,
      "gross_profit": null,
      "operating_income": 16688000,
      "net_income": -112061000,
      "opex": null,
      "cogs": null,
      "rd": null,
      "sga": 444715000,
      "fcf": 328606000,
      "ocf": 373480000,
      "capex": -44874000,
      "gross_margin": null,
      "op_margin": 0.012693158411955665,
      "fcf_margin": 0.24994295380627418
    },
    {
      "date": "2021-03-31T00:00:00",
      "quarter_label": "2021-03 (Q1)",
      "revenue": 1304704000,
      "gross_profit": null,
      "operating_income": -16380000,
      "net_income": -47894000,
      "opex": null,
      "cogs": null,
      "rd": null,
      "sga": 449602000,
      "fcf": 317829000,
      "ocf": 359334000,
      "capex": -41505000,
      "gross_margin": null,
      "op_margin": -0.012554571764936722,
      "fcf_margin": 0.2436023803100167,
      "fcf_margin_change": -0.0063405734962574956
    },
    {
      "date": "2021-06-30T00:00:00",
      "quarter_label": "2021-06 (Q2)",
      "revenue": 1304417000,
      "gross_profit": null,
      "operating_income": -1879000,
      "net_income": -125850000,
      "opex": null,
      "cogs": null,
      "rd": null,
      "sga": 445636000,
      "fcf": 383840000,
      "ocf": 426326000,
      "capex": -42486000,
      "gross_margin": null,
      "op_margin": -0.001440490272665873,
      "fcf_margin": 0.2942617276530435,
      "fcf_margin_change": 0.050659347343026795
    },
    {
      "date": "2021-09-30T00:00:00",
      "quarter_label": "2021-09 (Q3)",
      "revenue": 1317002000,
      "gross_profit": null,
      "operating_income": 23096000,
      "net_income": -109129000,
      "opex": null,
      "cogs": null,
      "rd": null,
      "sga": 448634000,
      "fcf": 327006000,
      "ocf": 369693000,
      "capex": -42687000,
      "gross_margin": null,
      "op_margin": 0.017536799488535326,
      "fcf_margin": 0.24829575049999925,
      "fcf_margin_change": -0.045965977153044235
    },
    {
      "date": "2021-12-31T00:00:00",
      "quarter_label": "2021-12 (Q4)",
      "revenue": 1380988000,
      "gross_profit": null,
      "operating_income": 10441000,
      "net_income": -57947000,
      "opex": null,
      "cogs": null,
      "rd": null,
      "sga": 445137000,
      "fcf": 452810000,
      "ocf": 494370000,
      "capex": -41560000,
      "gross_margin": null,
      "op_margin": 0.007560529128421102,
      "fcf_margin": 0.32788843929129,
      "incr_op_margin_yoy": -0.0942744174815888,
      "rev_growth_yoy": 0.050401453080646585,
      "fcf_margin_change": 0.07959268879129078
    },
    {
      "date": "2022-03-31T00:00:00",
      "quarter_label": "2022-03 (Q1)",
      "revenue": 1544747000,
      "gross_profit": null,
      "operating_income": 75980000,
      "net_income": 51645000,
      "opex": null,
      "cogs": null,
      "rd": null,
      "sga": 482348000,
      "fcf": 269755000,
      "ocf": 308072000,
      "capex": -38317000,
      "gross_margin": null,
      "op_margin": 0.04918604794183125,
      "fcf_margin": 0.17462730142864819,
      "incr_op_margin_yoy": 0.3847643963789821,
      "rev_growth_yoy": 0.18398272711664868,
      "rev_growth_yoy_accel": 0.1335812740360021,
      "fcf_margin_change": -0.15326113786264184
    },
    {
      "date": "2022-06-30T00:00:00",
      "quarter_label": "2022-06 (Q2)",
      "revenue": 1601030000,
      "gross_profit": null,
      "operating_income": 210577000,
      "net_income": 91517000,
      "opex": null,
      "cogs": null,
      "rd": null,
      "sga": 487069000,
      "fcf": 465260000,
      "ocf": 514564000,
      "capex": -49304000,
      "gross_margin": null,
      "op_margin": 0.13152595516636165,
      "fcf_margin": 0.2906004259757781,
      "incr_op_margin_yoy": 0.7162733932767613,
      "rev_growth_yoy": 0.2273912406845357,
      "rev_growth_yoy_accel": 0.043408513567887025,
      "fcf_margin_change": 0.11597312454712994
    },
    {
      "date": "2022-09-30T00:00:00",
      "quarter_label": "2022-09 (Q3)",
      "revenue": 1604091000,
      "gross_profit": null,
      "operating_income": 67341000,
      "net_income": -121987000,
      "opex": null,
      "cogs": null,
      "rd": null,
      "sga": 480427000,
      "fcf": 450377000,
      "ocf": 498433000,
      "capex": -48056000,
      "gross_margin": null,
      "op_margin": 0.04198078537938309,
      "fcf_margin": 0.28076773699247737,
      "incr_op_margin_yoy": 0.154115971005507,
      "rev_growth_yoy": 0.2179867608401506,
      "rev_growth_yoy_accel": -0.00940447984438511,
      "fcf_margin_change": -0.009832688983300752
    },
    {
      "date": "2022-12-31T00:00:00",
      "quarter_label": "2022-12 (Q4)",
      "revenue": 1317326000,
      "gross_profit": null,
      "operating_income": 195439000,
      "net_income": 150750000,
      "opex": null,
      "cogs": null,
      "rd": null,
      "sga": 480177000,
      "fcf": 525868000,
      "ocf": 566851000,
      "capex": -40983000,
      "gross_margin": null,
      "op_margin": 0.14836039067019097,
      "fcf_margin": 0.3991935177776799,
      "incr_op_margin_yoy": -2.9059407495837393,
      "rev_growth_yoy": -0.0460988799323383,
      "rev_growth_yoy_accel": -0.26408564077248886,
      "fcf_margin_change": 0.11842578078520255
    },
    {
      "date": "2023-03-31T00:00:00",
      "quarter_label": "2023-03 (Q1)",
      "revenue": 1612354000,
      "gross_profit": null,
      "operating_income": 42722000,
      "net_income": -89698000,
      "opex": null,
      "cogs": null,
      "rd": null,
      "sga": 462229000,
      "fcf": 247425000,
      "ocf": 306640000,
      "capex": -59215000,
      "gross_margin": null,
      "op_margin": 0.026496662643563387,
      "fcf_margin": 0.1534557547536087,
      "incr_op_margin_yoy": -0.4919313088881329,
      "rev_growth_yoy": 0.04376574286922066,
      "rev_growth_yoy_accel": 0.08986462280155896,
      "fcf_margin_change": -0.24573776302407122
    },
    {
      "date": "2023-06-30T00:00:00",
      "quarter_label": "2023-06 (Q2)",
      "revenue": 1593128000,
      "gross_profit": null,
      "operating_income": 122574000,
      "net_income": 92211000,
      "opex": null,
      "cogs": null,
      "rd": null,
      "sga": 441771000,
      "fcf": 462663000,
      "ocf": 492795000,
      "capex": -30132000,
      "gross_margin": null,
      "op_margin": 0.07693920388066747,
      "fcf_margin": 0.2904116932223902,
      "incr_op_margin_yoy": 11.136800809921539,
      "rev_growth_yoy": -0.0049355727250582435,
      "rev_growth_yoy_accel": -0.0487013155942789,
      "fcf_margin_change": 0.13695593846878149
    },
    {
      "date": "2023-09-30T00:00:00",
      "quarter_label": "2023-09 (Q3)",
      "revenue": 1237484000,
      "gross_profit": null,
      "operating_income": 167313000,
      "net_income": -86237000,
      "opex": null,
      "cogs": null,
      "rd": null,
      "sga": 395600000,
      "fcf": 405086000,
      "ocf": 446259000,
      "capex": -41173000,
      "gross_margin": null,
      "op_margin": 0.13520417233677365,
      "fcf_margin": 0.3273464545804229,
      "incr_op_margin_yoy": -0.27269528405076826,
      "rev_growth_yoy": -0.2285450139674121,
      "rev_growth_yoy_accel": -0.22360944124235385,
      "fcf_margin_change": 0.0369347613580327
    },
    {
      "date": "2023-12-31T00:00:00",
      "quarter_label": "2023-12 (Q4)",
      "revenue": 1222255000,
      "gross_profit": null,
      "operating_income": 262984000,
      "net_income": 575872000,
      "opex": null,
      "cogs": null,
      "rd": null,
      "sga": 380491000,
      "fcf": 366199000,
      "ocf": 412032000,
      "capex": -45833000,
      "gross_margin": null,
      "op_margin": 0.21516295699342608,
      "fcf_margin": 0.29960932865891327,
      "incr_op_margin_yoy": -0.7104690178918913,
      "rev_growth_yoy": -0.07216968313082714,
      "rev_growth_yoy_accel": 0.15637533083658495,
      "fcf_margin_change": -0.02773712592150962
    },
    {
      "date": "2024-03-31T00:00:00",
      "quarter_label": "2024-03 (Q1)",
      "revenue": 1209311000,
      "gross_profit": null,
      "operating_income": 195496000,
      "net_income": 91551000,
      "opex": null,
      "cogs": null,
      "rd": null,
      "sga": 398453000,
      "fcf": 323113000,
      "ocf": 363802000,
      "capex": -40689000,
      "gross_margin": null,
      "op_margin": 0.16165899425375277,
      "fcf_margin": 0.26718767959606754,
      "incr_op_margin_yoy": -0.37905136672761963,
      "rev_growth_yoy": -0.24997178039065862,
      "rev_growth_yoy_accel": -0.17780209725983148,
      "fcf_margin_change": -0.032421649062845725
    },
    {
      "date": "2024-06-30T00:00:00",
      "quarter_label": "2024-06 (Q2)",
      "revenue": 1204559000,
      "gross_profit": null,
      "operating_income": 284175000,
      "net_income": 92394000,
      "opex": null,
      "cogs": null,
      "rd": null,
      "sga": 388440000,
      "fcf": 516501000,
      "ocf": 563203000,
      "capex": -46702000,
      "gross_margin": null,
      "op_margin": 0.2359162149799221,
      "fcf_margin": 0.42878846117126684,
      "incr_op_margin_yoy": -0.4158875257676243,
      "rev_growth_yoy": -0.2439031891976037,
      "rev_growth_yoy_accel": 0.0060685911930549175,
      "fcf_margin_change": 0.1616007815751993
    },
    {
      "date": "2024-09-30T00:00:00",
      "quarter_label": "2024-09 (Q3)",
      "revenue": 1243836000,
      "gross_profit": null,
      "operating_income": 326350000,
      "net_income": 127151000,
      "opex": null,
      "cogs": null,
      "rd": null,
      "sga": 358520000,
      "fcf": 455495000,
      "ocf": 498218000,
      "capex": -42723000,
      "gross_margin": null,
      "op_margin": 0.26237381777018837,
      "fcf_margin": 0.3662018143871057,
      "incr_op_margin_yoy": 25.037311083123427,
      "rev_growth_yoy": 0.005132995658933772,
      "rev_growth_yoy_accel": 0.24903618485653747,
      "fcf_margin_change": -0.06258664678416115
    },
    {
      "date": "2024-12-31T00:00:00",
      "quarter_label": "2024-12 (Q4)",
      "revenue": 1260379000,
      "gross_profit": null,
      "operating_income": 305390000,
      "net_income": 189957000,
      "opex": null,
      "cogs": null,
      "rd": null,
      "sga": 370823000,
      "fcf": 425985000,
      "ocf": 459676000,
      "capex": -33691000,
      "gross_margin": null,
      "op_margin": 0.24230013353126323,
      "fcf_margin": 0.33798167059273443,
      "incr_op_margin_yoy": 1.112317700136397,
      "rev_growth_yoy": 0.031191527136317707,
      "rev_growth_yoy_accel": 0.026058531477383934,
      "fcf_margin_change": -0.028220143794371266
    },
    {
      "date": "2025-03-31T00:00:00",
      "quarter_label": "2025-03 (Q1)",
      "revenue": 1267491000,
      "gross_profit": null,
      "operating_income": 319252000,
      "net_income": 140246000,
      "opex": null,
      "cogs": null,
      "rd": null,
      "sga": 368600000,
      "fcf": 421206000,
      "ocf": 466626000,
      "capex": -45420000,
      "gross_margin": null,
      "op_margin": 0.25187713364434144,
      "fcf_margin": 0.33231478566711714,
      "incr_op_margin_yoy": 2.1271227225850806,
      "rev_growth_yoy": 0.048110039518370375,
      "rev_growth_yoy_accel": 0.016918512382052667,
      "fcf_margin_change": -0.005666884925617288
    },
    {
      "date": "2025-06-30T00:00:00",
      "quarter_label": "2025-06 (Q2)",
      "revenue": 1287035000,
      "gross_profit": null,
      "operating_income": 341977000,
      "net_income": 165179000,
      "opex": null,
      "cogs": null,
      "rd": null,
      "sga": 356138000,
      "fcf": 526267000,
      "ocf": 563899000,
      "capex": -37632000,
      "gross_margin": null,
      "op_margin": 0.2657091687483246,
      "fcf_margin": 0.40889874789729885,
      "incr_op_margin_yoy": 0.7008341820650856,
      "rev_growth_yoy": 0.06846987154635016,
      "rev_growth_yoy_accel": 0.020359832027979786,
      "fcf_margin_change": 0.07658396223018171
    },
    {
      "date": "2025-09-30T00:00:00",
      "quarter_label": "2025-09 (Q3)",
      "revenue": 1297954000,
      "gross_profit": null,
      "operating_income": 315073000,
      "net_income": 145132000,
      "opex": null,
      "cogs": null,
      "rd": null,
      "sga": 384353000,
      "fcf": 437417000,
      "ocf": 480060000,
      "capex": -42643000,
      "gross_margin": null,
      "op_margin": 0.24274589084050743,
      "fcf_margin": 0.33700500942252193,
      "incr_op_margin_yoy": -0.20837798883920322,
      "rev_growth_yoy": 0.04350895134085201,
      "rev_growth_yoy_accel": -0.02496092020549815,
      "fcf_margin_change": -0.07189373847477692
    }
  ],
  "signals": [
    {
      "quarter": "2025-06 (Q2)",
      "signal": "FCF MARGIN EXPANSION",
      "detail": "FCF margin: +33.2% -> +40.9% (+7.7%)",
      "severity": "MEDIUM"
    },
    {
      "quarter": "2025-06 (Q2)",
      "signal": "INCREMENTAL MARGIN (YoY)",
      "detail": "YoY Incr OPM: +70.1% vs year-ago OPM: +23.6%",
      "severity": "HIGH"
    },
    {
      "quarter": "2025-03 (Q1)",
      "signal": "INCREMENTAL MARGIN (YoY)",
      "detail": "YoY Incr OPM: +212.7% vs year-ago OPM: +16.2%",
      "severity": "HIGH"
    },
    {
      "quarter": "2024-12 (Q4)",
      "signal": "INCREMENTAL MARGIN (YoY)",
      "detail": "YoY Incr OPM: +111.2% vs year-ago OPM: +21.5%",
      "severity": "HIGH"
    },
    {
      "quarter": "2024-09 (Q3)",
      "signal": "YoY REVENUE GROWTH ACCELERATION",
      "detail": "YoY growth: +0.5% vs prior quarter YoY: -24.4% (accel: +24.9%)",
      "severity": "HIGH"
    },
    {
      "quarter": "2024-09 (Q3)",
      "signal": "INCREMENTAL MARGIN (YoY)",
      "detail": "YoY Incr OPM: +2503.7% vs year-ago OPM: +13.5%",
      "severity": "HIGH"
    },
    {
      "quarter": "2024-06 (Q2)",
      "signal": "FCF MARGIN EXPANSION",
      "detail": "FCF margin: +26.7% -> +42.9% (+16.2%)",
      "severity": "MEDIUM"
    },
    {
      "quarter": "2024-03 (Q1)",
      "signal": "YoY REVENUE GROWTH DECELERATION",
      "detail": "YoY growth: -25.0% vs prior quarter YoY: -7.2% (decel: -17.8%)",
      "severity": "WARNING"
    },
    {
      "quarter": "2023-12 (Q4)",
      "signal": "YoY REVENUE GROWTH ACCELERATION",
      "detail": "YoY growth: -7.2% vs prior quarter YoY: -22.9% (accel: +15.6%)",
      "severity": "HIGH"
    },
    {
      "quarter": "2023-09 (Q3)",
      "signal": "YoY REVENUE GROWTH DECELERATION",
      "detail": "YoY growth: -22.9% vs prior quarter YoY: -0.5% (decel: -22.4%)",
      "severity": "WARNING"
    },
    {
      "quarter": "2023-06 (Q2)",
      "signal": "FCF MARGIN EXPANSION",
      "detail": "FCF margin: +15.3% -> +29.0% (+13.7%)",
      "severity": "MEDIUM"
    },
    {
      "quarter": "2023-06 (Q2)",
      "signal": "INCREMENTAL MARGIN (YoY)",
      "detail": "YoY Incr OPM: +1113.7% vs year-ago OPM: +13.2%",
      "severity": "HIGH"
    },
    {
      "quarter": "2023-03 (Q1)",
      "signal": "YoY REVENUE GROWTH ACCELERATION",
      "detail": "YoY growth: +4.4% vs prior quarter YoY: -4.6% (accel: +9.0%)",
      "severity": "MEDIUM"
    },
    {
      "quarter": "2022-12 (Q4)",
      "signal": "FCF MARGIN EXPANSION",
      "detail": "FCF margin: +28.1% -> +39.9% (+11.8%)",
      "severity": "MEDIUM"
    },
    {
      "quarter": "2022-12 (Q4)",
      "signal": "YoY REVENUE GROWTH DECELERATION",
      "detail": "YoY growth: -4.6% vs prior quarter YoY: +21.8% (decel: -26.4%)",
      "severity": "WARNING"
    },
    {
      "quarter": "2022-09 (Q3)",
      "signal": "INCREMENTAL MARGIN (YoY)",
      "detail": "YoY Incr OPM: +15.4% vs year-ago OPM: +1.8%",
      "severity": "MEDIUM"
    },
    {
      "quarter": "2022-06 (Q2)",
      "signal": "FCF MARGIN EXPANSION",
      "detail": "FCF margin: +17.5% -> +29.1% (+11.6%)",
      "severity": "MEDIUM"
    },
    {
      "quarter": "2022-06 (Q2)",
      "signal": "OP MARGIN TURNED POSITIVE (YoY)",
      "detail": "Op margin: -0.1% (year-ago) -> +13.2%",
      "severity": "HIGH"
    },
    {
      "quarter": "2022-03 (Q1)",
      "signal": "YoY REVENUE GROWTH ACCELERATION",
      "detail": "YoY growth: +18.4% vs prior quarter YoY: +5.0% (accel: +13.4%)",
      "severity": "MEDIUM"
    },
    {
      "quarter": "2022-03 (Q1)",
      "signal": "OP MARGIN TURNED POSITIVE (YoY)",
      "detail": "Op margin: -1.3% (year-ago) -> +4.9%",
      "severity": "HIGH"
    },
    {
      "quarter": "2021-12 (Q4)",
      "signal": "FCF MARGIN EXPANSION",
      "detail": "FCF margin: +24.8% -> +32.8% (+8.0%)",
      "severity": "MEDIUM"
    },
    {
      "quarter": "2021-09 (Q3)",
      "signal": "OP MARGIN TURNED POSITIVE (QoQ)",
      "detail": "Op margin: -0.1% -> +1.8%",
      "severity": "HIGH"
    },
    {
      "quarter": "2021-06 (Q2)",
      "signal": "FCF MARGIN EXPANSION",
      "detail": "FCF margin: +24.4% -> +29.4% (+5.1%)",
      "severity": "MEDIUM"
    }
  ],
  "data_quality": {
    "n_quarters": 20,
    "coverage": {
      "revenue": [
        20,
        20
      ],
      "gross_profit": [
        0,
        20
      ],
      "op_income": [
        20,
        20
      ],
      "fcf": [
        20,
        20
      ]
    },
    "gaps": [],
    "warnings": [
      "gross_profit: no data"
    ]
  },
  "market_cap": null,
  "source": "SEC EDGAR",
  "last_updated": "2026-02-02T20:53:15.413198"
}