{
  "ticker": "ADUS",
  "name": "Addus HomeCare Corp",
  "quarters": [
    {
      "date": "2020-12-31T00:00:00",
      "quarter_label": "2020-12 (Q4)",
      "revenue": 195996000,
      "gross_profit": 59104000,
      "operating_income": 11716000,
      "net_income": 8449000,
      "opex": 47388000,
      "cogs": 136892000,
      "rd": null,
      "sga": null,
      "fcf": 35174000,
      "ocf": 36112000,
      "capex": -938000,
      "gross_margin": 0.30155717463621706,
      "op_margin": 0.05977673013734974,
      "fcf_margin": 0.1794628461805343
    },
    {
      "date": "2021-03-31T00:00:00",
      "quarter_label": "2021-03 (Q1)",
      "revenue": 205302000,
      "gross_profit": 61197000,
      "operating_income": 12170000,
      "net_income": 8894000,
      "opex": 49027000,
      "cogs": 144105000,
      "rd": null,
      "sga": null,
      "fcf": -19387000,
      "ocf": -18366000,
      "capex": -1021000,
      "gross_margin": 0.2980828243270889,
      "op_margin": 0.05927852626861891,
      "fcf_margin": -0.09443161781180895,
      "op_leverage_ratio": 1.3727936647385353,
      "fcf_margin_change": -0.27389446399234324
    },
    {
      "date": "2021-06-30T00:00:00",
      "quarter_label": "2021-06 (Q2)",
      "revenue": 217893000,
      "gross_profit": 68810000,
      "operating_income": 17048000,
      "net_income": 11597000,
      "opex": 51762000,
      "cogs": 149083000,
      "rd": null,
      "sga": null,
      "fcf": 14219000,
      "ocf": 15045000,
      "capex": -826000,
      "gross_margin": 0.3157972032144218,
      "op_margin": 0.07824023718063453,
      "fcf_margin": 0.06525680035613811,
      "op_leverage_ratio": 1.0993729129265797,
      "fcf_margin_change": 0.15968841816794704
    },
    {
      "date": "2021-09-30T00:00:00",
      "quarter_label": "2021-09 (Q3)",
      "revenue": 216662000,
      "gross_profit": 67046000,
      "operating_income": 17360000,
      "net_income": 11577000,
      "opex": 49686000,
      "cogs": 149616000,
      "rd": null,
      "sga": null,
      "fcf": 16241000,
      "ocf": 17608000,
      "capex": -1367000,
      "gross_margin": 0.309449741994443,
      "op_margin": 0.0801248026880579,
      "fcf_margin": 0.07496007606317674,
      "fcf_margin_change": 0.009703275707038633
    },
    {
      "date": "2021-12-31T00:00:00",
      "quarter_label": "2021-12 (Q4)",
      "revenue": 224642000,
      "gross_profit": 72795000,
      "operating_income": 19358000,
      "net_income": 13058000,
      "opex": 53437000,
      "cogs": 151847000,
      "rd": null,
      "sga": null,
      "fcf": 23770000,
      "ocf": 25201000,
      "capex": -1431000,
      "gross_margin": 0.3240489311882907,
      "op_margin": 0.08617266584165027,
      "fcf_margin": 0.10581280437318044,
      "incr_op_margin_yoy": 0.266773720589262,
      "rev_growth_yoy": 0.146156044000898,
      "op_leverage_ratio": 0.4878733712783132,
      "fcf_margin_change": 0.0308527283100037
    },
    {
      "date": "2022-03-31T00:00:00",
      "quarter_label": "2022-03 (Q1)",
      "revenue": 226634000,
      "gross_profit": 70186000,
      "operating_income": 13513000,
      "net_income": 8470000,
      "opex": 56673000,
      "cogs": 156448000,
      "rd": null,
      "sga": null,
      "fcf": 4879000,
      "ocf": 5983000,
      "capex": -1104000,
      "gross_margin": 0.3096887492609229,
      "op_margin": 0.05962476945206809,
      "fcf_margin": 0.021528102579489398,
      "incr_op_margin_yoy": 0.06295705981623852,
      "rev_growth_yoy": 0.10390546609385198,
      "rev_growth_yoy_accel": -0.042250577907046005,
      "fcf_margin_change": -0.08428470179369105
    },
    {
      "date": "2022-06-30T00:00:00",
      "quarter_label": "2022-06 (Q2)",
      "revenue": 236940000,
      "gross_profit": 75598000,
      "operating_income": 16894000,
      "net_income": 11250000,
      "opex": 58704000,
      "cogs": 161342000,
      "rd": null,
      "sga": null,
      "fcf": 56085000,
      "ocf": 56519000,
      "capex": -434000,
      "gross_margin": 0.3190596775554993,
      "op_margin": 0.07130075124504094,
      "fcf_margin": 0.23670549506204103,
      "incr_op_margin_yoy": -0.00808526277104006,
      "rev_growth_yoy": 0.0874144648979086,
      "rev_growth_yoy_accel": -0.016491001195943378,
      "op_leverage_ratio": 1.268911558793726,
      "fcf_margin_change": 0.21517739248255163
    },
    {
      "date": "2022-09-30T00:00:00",
      "quarter_label": "2022-09 (Q3)",
      "revenue": 240495000,
      "gross_profit": 75185000,
      "operating_income": 17516000,
      "net_income": 11543000,
      "opex": 57669000,
      "cogs": 165310000,
      "rd": null,
      "sga": null,
      "fcf": 16990000,
      "ocf": 18316000,
      "capex": -1326000,
      "gross_margin": 0.31262604212145784,
      "op_margin": 0.07283311503357658,
      "fcf_margin": 0.07064595937545479,
      "incr_op_margin_yoy": 0.006545546091553728,
      "rev_growth_yoy": 0.11000083078712465,
      "rev_growth_yoy_accel": 0.022586365889216045,
      "op_leverage_ratio": Infinity,
      "fcf_margin_change": -0.16605953568658624
    },
    {
      "date": "2022-12-31T00:00:00",
      "quarter_label": "2022-12 (Q4)",
      "revenue": 247050000,
      "gross_profit": 78769000,
      "operating_income": 20814000,
      "net_income": 14762000,
      "opex": 57955000,
      "cogs": 168281000,
      "rd": null,
      "sga": null,
      "fcf": 18856000,
      "ocf": 24292000,
      "capex": -5436000,
      "gross_margin": 0.31883829184375634,
      "op_margin": 0.0842501517911354,
      "fcf_margin": 0.07632463064157054,
      "incr_op_margin_yoy": 0.0649767940021421,
      "rev_growth_yoy": 0.0997498241646709,
      "rev_growth_yoy_accel": -0.010251006622453748,
      "op_leverage_ratio": 5.495953276437278,
      "fcf_margin_change": 0.005678671266115751
    },
    {
      "date": "2023-03-31T00:00:00",
      "quarter_label": "2023-03 (Q1)",
      "revenue": 251599000,
      "gross_profit": 78415000,
      "operating_income": 18608000,
      "net_income": 12675000,
      "opex": 59807000,
      "cogs": 173184000,
      "rd": null,
      "sga": null,
      "fcf": 18022000,
      "ocf": 18799000,
      "capex": -777000,
      "gross_margin": 0.3116665805507971,
      "op_margin": 0.07395895850142489,
      "fcf_margin": 0.07162985544457649,
      "incr_op_margin_yoy": 0.20408572000801123,
      "rev_growth_yoy": 0.11015558124553244,
      "rev_growth_yoy_accel": 0.010405757080861541,
      "op_leverage_ratio": 0.5762102856908059,
      "fcf_margin_change": -0.004694775196994044
    },
    {
      "date": "2023-06-30T00:00:00",
      "quarter_label": "2023-06 (Q2)",
      "revenue": 259980000,
      "gross_profit": 82318000,
      "operating_income": 21539000,
      "net_income": 14852000,
      "opex": 60779000,
      "cogs": 177662000,
      "rd": null,
      "sga": null,
      "fcf": 40620000,
      "ocf": 41614000,
      "capex": -994000,
      "gross_margin": 0.31663204861912453,
      "op_margin": 0.08284868066774367,
      "fcf_margin": 0.15624278790676205,
      "incr_op_margin_yoy": 0.2016059027777778,
      "rev_growth_yoy": 0.09723980754621424,
      "rev_growth_yoy_accel": -0.012915773699318206,
      "op_leverage_ratio": 2.049616852259042,
      "fcf_margin_change": 0.08461293246218556
    },
    {
      "date": "2023-09-30T00:00:00",
      "quarter_label": "2023-09 (Q3)",
      "revenue": 270721000,
      "gross_profit": 86730000,
      "operating_income": 22839000,
      "net_income": 15411000,
      "opex": 63891000,
      "cogs": 183991000,
      "rd": null,
      "sga": null,
      "fcf": 19422000,
      "ocf": 21785000,
      "capex": -2363000,
      "gross_margin": 0.3203667244136953,
      "op_margin": 0.0843636068129181,
      "fcf_margin": 0.07174175627306341,
      "incr_op_margin_yoy": 0.17610666313769602,
      "rev_growth_yoy": 0.12568244662051187,
      "rev_growth_yoy_accel": 0.02844263907429763,
      "op_leverage_ratio": 0.8068981861072564,
      "fcf_margin_change": -0.08450103163369864
    },
    {
      "date": "2023-12-31T00:00:00",
      "quarter_label": "2023-12 (Q4)",
      "revenue": 276351000,
      "gross_profit": 92413000,
      "operating_income": 27970000,
      "net_income": 19578000,
      "opex": 64443000,
      "cogs": 183938000,
      "rd": null,
      "sga": null,
      "fcf": 24729000,
      "ocf": 30049000,
      "capex": -5320000,
      "gross_margin": 0.3344044349396239,
      "op_margin": 0.10121186462144158,
      "fcf_margin": 0.08948402574986158,
      "incr_op_margin_yoy": 0.24422374662980786,
      "rev_growth_yoy": 0.11860352155434123,
      "rev_growth_yoy_accel": -0.007078925066170638,
      "op_leverage_ratio": 2.407060782776042,
      "fcf_margin_change": 0.017742269476798175
    },
    {
      "date": "2024-03-31T00:00:00",
      "quarter_label": "2024-03 (Q1)",
      "revenue": 280746000,
      "gross_profit": 88177000,
      "operating_income": 23645000,
      "net_income": 15830000,
      "opex": 64532000,
      "cogs": 192569000,
      "rd": null,
      "sga": null,
      "fcf": 37328000,
      "ocf": 38678000,
      "capex": -1350000,
      "gross_margin": 0.31408105547363097,
      "op_margin": 0.08422203700141766,
      "fcf_margin": 0.13296004217335242,
      "incr_op_margin_yoy": 0.17281366864514358,
      "rev_growth_yoy": 0.1158470423173383,
      "rev_growth_yoy_accel": -0.0027564792370029234,
      "op_leverage_ratio": 11.515520747734959,
      "fcf_margin_change": 0.04347601642349083
    },
    {
      "date": "2024-06-30T00:00:00",
      "quarter_label": "2024-06 (Q2)",
      "revenue": 286922000,
      "gross_profit": 93158000,
      "operating_income": 26181000,
      "net_income": 18079000,
      "opex": 66977000,
      "cogs": 193764000,
      "rd": null,
      "sga": null,
      "fcf": 17742000,
      "ocf": 18813000,
      "capex": -1071000,
      "gross_margin": 0.3246805752085933,
      "op_margin": 0.0912477955681335,
      "fcf_margin": 0.06183562083074843,
      "incr_op_margin_yoy": 0.1722960433523866,
      "rev_growth_yoy": 0.10363104854219556,
      "rev_growth_yoy_accel": -0.01221599377514275,
      "op_leverage_ratio": 0.5806172998300162,
      "fcf_margin_change": -0.071124421342604
    },
    {
      "date": "2024-09-30T00:00:00",
      "quarter_label": "2024-09 (Q3)",
      "revenue": 289787000,
      "gross_profit": 92204000,
      "operating_income": 25953000,
      "net_income": 20163000,
      "opex": 66251000,
      "cogs": 197583000,
      "rd": null,
      "sga": null,
      "fcf": 46593000,
      "ocf": 48525000,
      "capex": -1932000,
      "gross_margin": 0.31817852422641457,
      "op_margin": 0.08955888290364993,
      "fcf_margin": 0.16078361003081573,
      "incr_op_margin_yoy": 0.16332738906954788,
      "rev_growth_yoy": 0.07042674931017542,
      "rev_growth_yoy_accel": -0.03320429923202013,
      "fcf_margin_change": 0.09894798920006731
    },
    {
      "date": "2024-12-31T00:00:00",
      "quarter_label": "2024-12 (Q4)",
      "revenue": 297144000,
      "gross_profit": 101482000,
      "operating_income": 26912000,
      "net_income": 19526000,
      "opex": 74570000,
      "cogs": 195662000,
      "rd": null,
      "sga": null,
      "fcf": 8721000,
      "ocf": 10418000,
      "capex": -1697000,
      "gross_margin": 0.3415246479821231,
      "op_margin": 0.09056888242737528,
      "fcf_margin": 0.02934940634843712,
      "incr_op_margin_yoy": -0.05088250853652672,
      "rev_growth_yoy": 0.07524126925540345,
      "rev_growth_yoy_accel": 0.004814519945228024,
      "op_leverage_ratio": 0.20218231773188838,
      "fcf_margin_change": -0.13143420368237863
    },
    {
      "date": "2025-03-31T00:00:00",
      "quarter_label": "2025-03 (Q1)",
      "revenue": 337708000,
      "gross_profit": 107677000,
      "operating_income": 30514000,
      "net_income": 21228000,
      "opex": 77163000,
      "cogs": 230031000,
      "rd": null,
      "sga": null,
      "fcf": 17066000,
      "ocf": 18949000,
      "capex": -1883000,
      "gross_margin": 0.3188464590711502,
      "op_margin": 0.09035616568159476,
      "fcf_margin": 0.05053478152723655,
      "incr_op_margin_yoy": 0.12058916470629542,
      "rev_growth_yoy": 0.2028951436529817,
      "rev_growth_yoy_accel": 0.12765387439757825,
      "op_leverage_ratio": 3.9258656667808682,
      "fcf_margin_change": 0.021185375178799426
    },
    {
      "date": "2025-06-30T00:00:00",
      "quarter_label": "2025-06 (Q2)",
      "revenue": 349443000,
      "gross_profit": 113877000,
      "operating_income": 32887000,
      "net_income": 22052000,
      "opex": 80990000,
      "cogs": 235566000,
      "rd": null,
      "sga": null,
      "fcf": 21276000,
      "ocf": 22529000,
      "capex": -1253000,
      "gross_margin": 0.325881474231849,
      "op_margin": 0.09411263067224125,
      "fcf_margin": 0.06088546629922477,
      "incr_op_margin_yoy": 0.10725996065322052,
      "rev_growth_yoy": 0.21790242644342364,
      "rev_growth_yoy_accel": 0.015007282790441945,
      "op_leverage_ratio": 0.7006359009475916,
      "fcf_margin_change": 0.010350684771988222
    },
    {
      "date": "2025-09-30T00:00:00",
      "quarter_label": "2025-09 (Q3)",
      "revenue": 362301000,
      "gross_profit": 116715000,
      "operating_income": 32937000,
      "net_income": 22848000,
      "opex": 83778000,
      "cogs": 245586000,
      "rd": null,
      "sga": null,
      "fcf": 49346000,
      "ocf": 51266000,
      "capex": -1920000,
      "gross_margin": 0.3221492626296919,
      "op_margin": 0.0909105964377686,
      "fcf_margin": 0.1362016665700619,
      "incr_op_margin_yoy": 0.09631243621921284,
      "rev_growth_yoy": 0.25023206700093514,
      "rev_growth_yoy_accel": 0.0323296405575115,
      "op_leverage_ratio": 1.0688966249962109,
      "fcf_margin_change": 0.07531620027083714
    }
  ],
  "signals": [
    {
      "quarter": "2025-09 (Q3)",
      "signal": "FCF MARGIN EXPANSION",
      "detail": "FCF margin: +6.1% -> +13.6% (+7.5%)",
      "severity": "MEDIUM"
    },
    {
      "quarter": "2025-03 (Q1)",
      "signal": "OPERATING LEVERAGE",
      "detail": "Rev growth +13.7% vs OpEx growth +3.5% (leverage: 3.9x)",
      "severity": "MEDIUM"
    },
    {
      "quarter": "2025-03 (Q1)",
      "signal": "YoY REVENUE GROWTH ACCELERATION",
      "detail": "YoY growth: +20.3% vs prior quarter YoY: +7.5% (accel: +12.8%)",
      "severity": "MEDIUM"
    },
    {
      "quarter": "2024-12 (Q4)",
      "signal": "GROSS MARGIN INFLECTION",
      "detail": "GM: +32.5% -> +31.8% -> +34.2% (reversal +2.3%)",
      "severity": "MEDIUM"
    },
    {
      "quarter": "2024-09 (Q3)",
      "signal": "FCF MARGIN EXPANSION",
      "detail": "FCF margin: +6.2% -> +16.1% (+9.9%)",
      "severity": "MEDIUM"
    },
    {
      "quarter": "2024-03 (Q1)",
      "signal": "OPERATING LEVERAGE",
      "detail": "Rev growth +1.6% vs OpEx growth +0.1% (leverage: 11.5x)",
      "severity": "MEDIUM"
    },
    {
      "quarter": "2023-12 (Q4)",
      "signal": "OPERATING LEVERAGE",
      "detail": "Rev growth +2.1% vs OpEx growth +0.9% (leverage: 2.4x)",
      "severity": "MEDIUM"
    },
    {
      "quarter": "2023-12 (Q4)",
      "signal": "INCREMENTAL MARGIN (YoY)",
      "detail": "YoY Incr OPM: +24.4% vs year-ago OPM: +8.4%",
      "severity": "MEDIUM"
    },
    {
      "quarter": "2023-09 (Q3)",
      "signal": "INCREMENTAL MARGIN (YoY)",
      "detail": "YoY Incr OPM: +17.6% vs year-ago OPM: +7.3%",
      "severity": "MEDIUM"
    },
    {
      "quarter": "2023-06 (Q2)",
      "signal": "FCF MARGIN EXPANSION",
      "detail": "FCF margin: +7.2% -> +15.6% (+8.5%)",
      "severity": "MEDIUM"
    },
    {
      "quarter": "2023-06 (Q2)",
      "signal": "OPERATING LEVERAGE",
      "detail": "Rev growth +3.3% vs OpEx growth +1.6% (leverage: 2.0x)",
      "severity": "MEDIUM"
    },
    {
      "quarter": "2023-06 (Q2)",
      "signal": "INCREMENTAL MARGIN (YoY)",
      "detail": "YoY Incr OPM: +20.2% vs year-ago OPM: +7.1%",
      "severity": "MEDIUM"
    },
    {
      "quarter": "2023-03 (Q1)",
      "signal": "INCREMENTAL MARGIN (YoY)",
      "detail": "YoY Incr OPM: +20.4% vs year-ago OPM: +6.0%",
      "severity": "MEDIUM"
    },
    {
      "quarter": "2022-12 (Q4)",
      "signal": "OPERATING LEVERAGE",
      "detail": "Rev growth +2.7% vs OpEx growth +0.5% (leverage: 5.5x)",
      "severity": "MEDIUM"
    },
    {
      "quarter": "2022-06 (Q2)",
      "signal": "FCF MARGIN EXPANSION",
      "detail": "FCF margin: +2.2% -> +23.7% (+21.5%)",
      "severity": "MEDIUM"
    },
    {
      "quarter": "2021-12 (Q4)",
      "signal": "INCREMENTAL MARGIN (YoY)",
      "detail": "YoY Incr OPM: +26.7% vs year-ago OPM: +6.0%",
      "severity": "HIGH"
    },
    {
      "quarter": "2021-06 (Q2)",
      "signal": "FCF TURNED POSITIVE",
      "detail": "FCF margin: -9.4% -> +6.5%",
      "severity": "HIGH"
    }
  ],
  "data_quality": {
    "n_quarters": 20,
    "coverage": {
      "revenue": [
        20,
        20
      ],
      "gross_profit": [
        20,
        20
      ],
      "op_income": [
        20,
        20
      ],
      "fcf": [
        20,
        20
      ]
    },
    "gaps": [],
    "warnings": []
  },
  "market_cap": null,
  "source": "SEC EDGAR",
  "last_updated": "2026-02-02T21:37:58.561042"
}