{
  "ticker": "AEE",
  "name": "Ameren Corporation",
  "quarters": [
    {
      "date": "2020-12-31T00:00:00",
      "quarter_label": "2020-12 (Q4)",
      "revenue": 1328000000,
      "gross_profit": null,
      "operating_income": 211000000,
      "net_income": null,
      "opex": 1117000000,
      "cogs": null,
      "rd": null,
      "sga": null,
      "fcf": -951000000,
      "ocf": 398000000,
      "capex": -1349000000,
      "gross_margin": null,
      "op_margin": 0.1588855421686747,
      "fcf_margin": -0.7161144578313253
    },
    {
      "date": "2021-03-31T00:00:00",
      "quarter_label": "2021-03 (Q1)",
      "revenue": 1566000000,
      "gross_profit": null,
      "operating_income": 316000000,
      "net_income": null,
      "opex": 1250000000,
      "cogs": null,
      "rd": null,
      "sga": null,
      "fcf": -922000000,
      "ocf": -35000000,
      "capex": -887000000,
      "gross_margin": null,
      "op_margin": 0.20178799489144317,
      "fcf_margin": -0.5887611749680716,
      "op_leverage_ratio": 1.505152187698161,
      "fcf_margin_change": 0.12735328286325376
    },
    {
      "date": "2021-06-30T00:00:00",
      "quarter_label": "2021-06 (Q2)",
      "revenue": 1472000000,
      "gross_profit": null,
      "operating_income": 286000000,
      "net_income": null,
      "opex": 1186000000,
      "cogs": null,
      "rd": null,
      "sga": null,
      "fcf": -405000000,
      "ocf": 471000000,
      "capex": -876000000,
      "gross_margin": null,
      "op_margin": 0.19429347826086957,
      "fcf_margin": -0.2751358695652174,
      "fcf_margin_change": 0.31362530540285416
    },
    {
      "date": "2021-09-30T00:00:00",
      "quarter_label": "2021-09 (Q3)",
      "revenue": 1811000000,
      "gross_profit": null,
      "operating_income": 534000000,
      "net_income": null,
      "opex": 1277000000,
      "cogs": null,
      "rd": null,
      "sga": null,
      "fcf": -94000000,
      "ocf": 756000000,
      "capex": -850000000,
      "gross_margin": null,
      "op_margin": 0.29486471562672556,
      "fcf_margin": -0.05190502484815019,
      "op_leverage_ratio": 3.0014781414237937,
      "fcf_margin_change": 0.22323084471706722
    },
    {
      "date": "2021-12-31T00:00:00",
      "quarter_label": "2021-12 (Q4)",
      "revenue": 1545000000,
      "gross_profit": null,
      "operating_income": 197000000,
      "net_income": null,
      "opex": 1348000000,
      "cogs": null,
      "rd": null,
      "sga": null,
      "fcf": -397000000,
      "ocf": 469000000,
      "capex": -866000000,
      "gross_margin": null,
      "op_margin": 0.12750809061488674,
      "fcf_margin": -0.256957928802589,
      "incr_op_margin_yoy": -0.06451612903225806,
      "rev_growth_yoy": 0.16340361445783133,
      "fcf_margin_change": -0.20505290395443881
    },
    {
      "date": "2022-03-31T00:00:00",
      "quarter_label": "2022-03 (Q1)",
      "revenue": 1879000000,
      "gross_profit": null,
      "operating_income": 331000000,
      "net_income": null,
      "opex": 1548000000,
      "cogs": null,
      "rd": null,
      "sga": null,
      "fcf": -386000000,
      "ocf": 388000000,
      "capex": -774000000,
      "gross_margin": null,
      "op_margin": 0.17615753060138373,
      "fcf_margin": -0.2054284193720064,
      "incr_op_margin_yoy": 0.04792332268370607,
      "rev_growth_yoy": 0.19987228607918264,
      "rev_growth_yoy_accel": 0.03646867162135131,
      "op_leverage_ratio": 1.4570614886731394,
      "fcf_margin_change": 0.0515295094305826
    },
    {
      "date": "2022-06-30T00:00:00",
      "quarter_label": "2022-06 (Q2)",
      "revenue": 1726000000,
      "gross_profit": null,
      "operating_income": 309000000,
      "net_income": null,
      "opex": 1417000000,
      "cogs": null,
      "rd": null,
      "sga": null,
      "fcf": -280000000,
      "ocf": 484000000,
      "capex": -764000000,
      "gross_margin": null,
      "op_margin": 0.17902665121668598,
      "fcf_margin": -0.16222479721900349,
      "incr_op_margin_yoy": 0.09055118110236221,
      "rev_growth_yoy": 0.17255434782608695,
      "rev_growth_yoy_accel": -0.027317938253095697,
      "fcf_margin_change": 0.04320362215300291
    },
    {
      "date": "2022-09-30T00:00:00",
      "quarter_label": "2022-09 (Q3)",
      "revenue": 2306000000,
      "gross_profit": null,
      "operating_income": 599000000,
      "net_income": null,
      "opex": 1707000000,
      "cogs": null,
      "rd": null,
      "sga": null,
      "fcf": -172000000,
      "ocf": 727000000,
      "capex": -899000000,
      "gross_margin": null,
      "op_margin": 0.2597571552471813,
      "fcf_margin": -0.0745880312228968,
      "incr_op_margin_yoy": 0.13131313131313133,
      "rev_growth_yoy": 0.27332965212589727,
      "rev_growth_yoy_accel": 0.10077530429981033,
      "op_leverage_ratio": 1.641946697566628,
      "fcf_margin_change": 0.08763676599610669
    },
    {
      "date": "2022-12-31T00:00:00",
      "quarter_label": "2022-12 (Q4)",
      "revenue": 2046000000,
      "gross_profit": null,
      "operating_income": 276000000,
      "net_income": null,
      "opex": 1770000000,
      "cogs": null,
      "rd": null,
      "sga": null,
      "fcf": -250000000,
      "ocf": 664000000,
      "capex": -914000000,
      "gross_margin": null,
      "op_margin": 0.1348973607038123,
      "fcf_margin": -0.12218963831867058,
      "incr_op_margin_yoy": 0.15768463073852296,
      "rev_growth_yoy": 0.32427184466019415,
      "rev_growth_yoy_accel": 0.05094219253429688,
      "fcf_margin_change": -0.04760160709577378
    },
    {
      "date": "2023-03-31T00:00:00",
      "quarter_label": "2023-03 (Q1)",
      "revenue": 2062000000,
      "gross_profit": null,
      "operating_income": 351000000,
      "net_income": null,
      "opex": 1711000000,
      "cogs": null,
      "rd": null,
      "sga": null,
      "fcf": -435000000,
      "ocf": 496000000,
      "capex": -931000000,
      "gross_margin": null,
      "op_margin": 0.17022308438409312,
      "fcf_margin": -0.21096023278370515,
      "incr_op_margin_yoy": 0.1092896174863388,
      "rev_growth_yoy": 0.09739222990952634,
      "rev_growth_yoy_accel": -0.2268796147506678,
      "fcf_margin_change": -0.08877059446503457
    },
    {
      "date": "2023-06-30T00:00:00",
      "quarter_label": "2023-06 (Q2)",
      "revenue": 1760000000,
      "gross_profit": null,
      "operating_income": 329000000,
      "net_income": null,
      "opex": 1431000000,
      "cogs": null,
      "rd": null,
      "sga": null,
      "fcf": -276000000,
      "ocf": 615000000,
      "capex": -891000000,
      "gross_margin": null,
      "op_margin": 0.18693181818181817,
      "fcf_margin": -0.15681818181818183,
      "incr_op_margin_yoy": 0.5882352941176471,
      "rev_growth_yoy": 0.019698725376593278,
      "rev_growth_yoy_accel": -0.07769350453293306,
      "fcf_margin_change": 0.054142050965523325
    },
    {
      "date": "2023-09-30T00:00:00",
      "quarter_label": "2023-09 (Q3)",
      "revenue": 2060000000,
      "gross_profit": null,
      "operating_income": 614000000,
      "net_income": null,
      "opex": 1446000000,
      "cogs": null,
      "rd": null,
      "sga": null,
      "fcf": 171000000,
      "ocf": 920000000,
      "capex": -749000000,
      "gross_margin": null,
      "op_margin": 0.2980582524271845,
      "fcf_margin": 0.08300970873786408,
      "incr_op_margin_yoy": -0.06097560975609756,
      "rev_growth_yoy": -0.10667823070251518,
      "rev_growth_yoy_accel": -0.12637695607910845,
      "op_leverage_ratio": 16.261363636363633,
      "fcf_margin_change": 0.23982789055604592
    },
    {
      "date": "2023-12-31T00:00:00",
      "quarter_label": "2023-12 (Q4)",
      "revenue": 1618000000,
      "gross_profit": null,
      "operating_income": 264000000,
      "net_income": null,
      "opex": 1354000000,
      "cogs": null,
      "rd": null,
      "sga": null,
      "fcf": -493000000,
      "ocf": 533000000,
      "capex": -1026000000,
      "gross_margin": null,
      "op_margin": 0.1631644004944376,
      "fcf_margin": -0.3046971569839308,
      "incr_op_margin_yoy": 0.028037383177570093,
      "rev_growth_yoy": -0.20918866080156404,
      "rev_growth_yoy_accel": -0.10251043009904885,
      "fcf_margin_change": -0.38770686572179486
    },
    {
      "date": "2024-03-31T00:00:00",
      "quarter_label": "2024-03 (Q1)",
      "revenue": 1816000000,
      "gross_profit": null,
      "operating_income": 371000000,
      "net_income": null,
      "opex": 1445000000,
      "cogs": null,
      "rd": null,
      "sga": null,
      "fcf": -398000000,
      "ocf": 492000000,
      "capex": -890000000,
      "gross_margin": null,
      "op_margin": 0.20429515418502203,
      "fcf_margin": -0.21916299559471367,
      "incr_op_margin_yoy": -0.08130081300813008,
      "rev_growth_yoy": -0.11930164888457807,
      "rev_growth_yoy_accel": 0.08988701191698596,
      "op_leverage_ratio": 1.8208071285945204,
      "fcf_margin_change": 0.08553416138921713
    },
    {
      "date": "2024-06-30T00:00:00",
      "quarter_label": "2024-06 (Q2)",
      "revenue": 1693000000,
      "gross_profit": null,
      "operating_income": 361000000,
      "net_income": null,
      "opex": 1332000000,
      "cogs": null,
      "rd": null,
      "sga": null,
      "fcf": -445000000,
      "ocf": 557000000,
      "capex": -1002000000,
      "gross_margin": null,
      "op_margin": 0.2132309509746013,
      "fcf_margin": -0.26284701712935615,
      "incr_op_margin_yoy": -0.47761194029850745,
      "rev_growth_yoy": -0.03806818181818182,
      "rev_growth_yoy_accel": 0.08123346706639625,
      "fcf_margin_change": -0.043684021534642486
    },
    {
      "date": "2024-09-30T00:00:00",
      "quarter_label": "2024-09 (Q3)",
      "revenue": 2173000000,
      "gross_profit": null,
      "operating_income": 586000000,
      "net_income": null,
      "opex": 1587000000,
      "cogs": null,
      "rd": null,
      "sga": null,
      "fcf": -240000000,
      "ocf": 897000000,
      "capex": -1137000000,
      "gross_margin": null,
      "op_margin": 0.2696732627703636,
      "fcf_margin": -0.11044638748274276,
      "incr_op_margin_yoy": -0.24778761061946902,
      "rev_growth_yoy": 0.054854368932038836,
      "rev_growth_yoy_accel": 0.09292255075022066,
      "op_leverage_ratio": 1.4809770334595742,
      "fcf_margin_change": 0.15240062964661338
    },
    {
      "date": "2024-12-31T00:00:00",
      "quarter_label": "2024-12 (Q4)",
      "revenue": 1941000000,
      "gross_profit": null,
      "operating_income": 198000000,
      "net_income": null,
      "opex": 1743000000,
      "cogs": null,
      "rd": null,
      "sga": null,
      "fcf": -473000000,
      "ocf": 817000000,
      "capex": -1290000000,
      "gross_margin": null,
      "op_margin": 0.10200927357032458,
      "fcf_margin": -0.24368882019577537,
      "incr_op_margin_yoy": -0.2043343653250774,
      "rev_growth_yoy": 0.1996291718170581,
      "rev_growth_yoy_accel": 0.14477480288501926,
      "fcf_margin_change": -0.1332424327130326
    },
    {
      "date": "2025-03-31T00:00:00",
      "quarter_label": "2025-03 (Q1)",
      "revenue": 2097000000,
      "gross_profit": null,
      "operating_income": 430000000,
      "net_income": null,
      "opex": 1667000000,
      "cogs": null,
      "rd": null,
      "sga": null,
      "fcf": -633000000,
      "ocf": 431000000,
      "capex": -1064000000,
      "gross_margin": null,
      "op_margin": 0.2050548402479733,
      "fcf_margin": -0.30185979971387694,
      "incr_op_margin_yoy": 0.2099644128113879,
      "rev_growth_yoy": 0.15473568281938327,
      "rev_growth_yoy_accel": -0.04489348899767484,
      "op_leverage_ratio": Infinity,
      "fcf_margin_change": -0.05817097951810157
    },
    {
      "date": "2025-06-30T00:00:00",
      "quarter_label": "2025-06 (Q2)",
      "revenue": 2221000000,
      "gross_profit": null,
      "operating_income": 411000000,
      "net_income": null,
      "opex": 1810000000,
      "cogs": null,
      "rd": null,
      "sga": null,
      "fcf": -204000000,
      "ocf": 862000000,
      "capex": -1066000000,
      "gross_margin": null,
      "op_margin": 0.18505177847816298,
      "fcf_margin": -0.09185051778478164,
      "incr_op_margin_yoy": 0.0946969696969697,
      "rev_growth_yoy": 0.3118724158298878,
      "rev_growth_yoy_accel": 0.15713673301050451,
      "op_leverage_ratio": 0.68932307558917,
      "fcf_margin_change": 0.2100092819290953
    },
    {
      "date": "2025-09-30T00:00:00",
      "quarter_label": "2025-09 (Q3)",
      "revenue": 2699000000,
      "gross_profit": null,
      "operating_income": 825000000,
      "net_income": null,
      "opex": 1874000000,
      "cogs": null,
      "rd": null,
      "sga": null,
      "fcf": 116000000,
      "ocf": 1104000000,
      "capex": -988000000,
      "gross_margin": null,
      "op_margin": 0.3056687662097073,
      "fcf_margin": 0.04297888106706187,
      "incr_op_margin_yoy": 0.4543726235741445,
      "rev_growth_yoy": 0.24206166589967787,
      "rev_growth_yoy_accel": -0.06981074993020991,
      "op_leverage_ratio": 6.0866445294912195,
      "fcf_margin_change": 0.1348293988518435
    }
  ],
  "signals": [
    {
      "quarter": "2025-09 (Q3)",
      "signal": "FCF TURNED POSITIVE",
      "detail": "FCF margin: -9.2% -> +4.3%",
      "severity": "HIGH"
    },
    {
      "quarter": "2025-09 (Q3)",
      "signal": "OPERATING LEVERAGE",
      "detail": "Rev growth +21.5% vs OpEx growth +3.5% (leverage: 6.1x)",
      "severity": "MEDIUM"
    },
    {
      "quarter": "2025-09 (Q3)",
      "signal": "YoY REVENUE GROWTH DECELERATION",
      "detail": "YoY growth: +24.2% vs prior quarter YoY: +31.2% (decel: -7.0%)",
      "severity": "WARNING"
    },
    {
      "quarter": "2025-09 (Q3)",
      "signal": "INCREMENTAL MARGIN (YoY)",
      "detail": "YoY Incr OPM: +45.4% vs year-ago OPM: +27.0%",
      "severity": "MEDIUM"
    },
    {
      "quarter": "2025-06 (Q2)",
      "signal": "FCF MARGIN EXPANSION",
      "detail": "FCF margin: -30.2% -> -9.2% (+21.0%)",
      "severity": "MEDIUM"
    },
    {
      "quarter": "2025-06 (Q2)",
      "signal": "YoY REVENUE GROWTH ACCELERATION",
      "detail": "YoY growth: +31.2% vs prior quarter YoY: +15.5% (accel: +15.7%)",
      "severity": "HIGH"
    },
    {
      "quarter": "2024-12 (Q4)",
      "signal": "YoY REVENUE GROWTH ACCELERATION",
      "detail": "YoY growth: +20.0% vs prior quarter YoY: +5.5% (accel: +14.5%)",
      "severity": "MEDIUM"
    },
    {
      "quarter": "2024-09 (Q3)",
      "signal": "FCF MARGIN EXPANSION",
      "detail": "FCF margin: -26.3% -> -11.0% (+15.2%)",
      "severity": "MEDIUM"
    },
    {
      "quarter": "2024-09 (Q3)",
      "signal": "YoY REVENUE GROWTH ACCELERATION",
      "detail": "YoY growth: +5.5% vs prior quarter YoY: -3.8% (accel: +9.3%)",
      "severity": "MEDIUM"
    },
    {
      "quarter": "2024-06 (Q2)",
      "signal": "YoY REVENUE GROWTH ACCELERATION",
      "detail": "YoY growth: -3.8% vs prior quarter YoY: -11.9% (accel: +8.1%)",
      "severity": "MEDIUM"
    },
    {
      "quarter": "2024-03 (Q1)",
      "signal": "FCF MARGIN EXPANSION",
      "detail": "FCF margin: -30.5% -> -21.9% (+8.6%)",
      "severity": "MEDIUM"
    },
    {
      "quarter": "2024-03 (Q1)",
      "signal": "OPERATING LEVERAGE",
      "detail": "Rev growth +12.2% vs OpEx growth +6.7% (leverage: 1.8x)",
      "severity": "MEDIUM"
    },
    {
      "quarter": "2024-03 (Q1)",
      "signal": "YoY REVENUE GROWTH ACCELERATION",
      "detail": "YoY growth: -11.9% vs prior quarter YoY: -20.9% (accel: +9.0%)",
      "severity": "MEDIUM"
    },
    {
      "quarter": "2023-12 (Q4)",
      "signal": "YoY REVENUE GROWTH DECELERATION",
      "detail": "YoY growth: -20.9% vs prior quarter YoY: -10.7% (decel: -10.3%)",
      "severity": "WARNING"
    },
    {
      "quarter": "2023-09 (Q3)",
      "signal": "FCF TURNED POSITIVE",
      "detail": "FCF margin: -15.7% -> +8.3%",
      "severity": "HIGH"
    },
    {
      "quarter": "2023-09 (Q3)",
      "signal": "OPERATING LEVERAGE",
      "detail": "Rev growth +17.0% vs OpEx growth +1.0% (leverage: 16.3x)",
      "severity": "MEDIUM"
    },
    {
      "quarter": "2023-09 (Q3)",
      "signal": "YoY REVENUE GROWTH DECELERATION",
      "detail": "YoY growth: -10.7% vs prior quarter YoY: +2.0% (decel: -12.6%)",
      "severity": "WARNING"
    },
    {
      "quarter": "2023-06 (Q2)",
      "signal": "FCF MARGIN EXPANSION",
      "detail": "FCF margin: -21.1% -> -15.7% (+5.4%)",
      "severity": "MEDIUM"
    },
    {
      "quarter": "2023-06 (Q2)",
      "signal": "YoY REVENUE GROWTH DECELERATION",
      "detail": "YoY growth: +2.0% vs prior quarter YoY: +9.7% (decel: -7.8%)",
      "severity": "WARNING"
    },
    {
      "quarter": "2023-06 (Q2)",
      "signal": "INCREMENTAL MARGIN (YoY)",
      "detail": "YoY Incr OPM: +58.8% vs year-ago OPM: +17.9%",
      "severity": "HIGH"
    },
    {
      "quarter": "2023-03 (Q1)",
      "signal": "YoY REVENUE GROWTH DECELERATION",
      "detail": "YoY growth: +9.7% vs prior quarter YoY: +32.4% (decel: -22.7%)",
      "severity": "WARNING"
    },
    {
      "quarter": "2022-12 (Q4)",
      "signal": "YoY REVENUE GROWTH ACCELERATION",
      "detail": "YoY growth: +32.4% vs prior quarter YoY: +27.3% (accel: +5.1%)",
      "severity": "MEDIUM"
    },
    {
      "quarter": "2022-09 (Q3)",
      "signal": "FCF MARGIN EXPANSION",
      "detail": "FCF margin: -16.2% -> -7.5% (+8.8%)",
      "severity": "MEDIUM"
    },
    {
      "quarter": "2022-09 (Q3)",
      "signal": "OPERATING LEVERAGE",
      "detail": "Rev growth +33.6% vs OpEx growth +20.5% (leverage: 1.6x)",
      "severity": "MEDIUM"
    },
    {
      "quarter": "2022-09 (Q3)",
      "signal": "YoY REVENUE GROWTH ACCELERATION",
      "detail": "YoY growth: +27.3% vs prior quarter YoY: +17.3% (accel: +10.1%)",
      "severity": "MEDIUM"
    },
    {
      "quarter": "2022-03 (Q1)",
      "signal": "FCF MARGIN EXPANSION",
      "detail": "FCF margin: -25.7% -> -20.5% (+5.2%)",
      "severity": "MEDIUM"
    },
    {
      "quarter": "2021-09 (Q3)",
      "signal": "FCF MARGIN EXPANSION",
      "detail": "FCF margin: -27.5% -> -5.2% (+22.3%)",
      "severity": "MEDIUM"
    },
    {
      "quarter": "2021-09 (Q3)",
      "signal": "OPERATING LEVERAGE",
      "detail": "Rev growth +23.0% vs OpEx growth +7.7% (leverage: 3.0x)",
      "severity": "MEDIUM"
    },
    {
      "quarter": "2021-06 (Q2)",
      "signal": "FCF MARGIN EXPANSION",
      "detail": "FCF margin: -58.9% -> -27.5% (+31.4%)",
      "severity": "MEDIUM"
    },
    {
      "quarter": "2021-03 (Q1)",
      "signal": "FCF MARGIN EXPANSION",
      "detail": "FCF margin: -71.6% -> -58.9% (+12.7%)",
      "severity": "MEDIUM"
    },
    {
      "quarter": "2021-03 (Q1)",
      "signal": "OPERATING LEVERAGE",
      "detail": "Rev growth +17.9% vs OpEx growth +11.9% (leverage: 1.5x)",
      "severity": "MEDIUM"
    }
  ],
  "data_quality": {
    "n_quarters": 20,
    "coverage": {
      "revenue": [
        20,
        20
      ],
      "gross_profit": [
        0,
        20
      ],
      "op_income": [
        20,
        20
      ],
      "fcf": [
        20,
        20
      ]
    },
    "gaps": [],
    "warnings": [
      "gross_profit: no data"
    ]
  },
  "market_cap": null,
  "source": "SEC EDGAR",
  "last_updated": "2026-02-02T20:10:34.970131",
  "sector": "Utilities",
  "industry": "Utilities - Regulated Electric"
}