{
  "ticker": "AEP",
  "name": "AMERICAN ELECTRIC POWER COMPANY, INC.",
  "sector": "Utilities",
  "industry": "Utilities - Regulated Electric",
  "quarters": [
    {
      "date": "2021-03-31T00:00:00",
      "quarter_label": "2021-03 (Q1)",
      "revenue": 4281100000,
      "gross_profit": null,
      "operating_income": 810300000,
      "net_income": null,
      "opex": 3470800000,
      "cogs": null,
      "rd": null,
      "sga": null,
      "fcf": -220100000,
      "ocf": -117200000,
      "capex": -102900000,
      "gross_margin": null,
      "op_margin": 0.18927378477494103,
      "fcf_margin": -0.05141202027516292
    },
    {
      "date": "2021-06-30T00:00:00",
      "quarter_label": "2021-06 (Q2)",
      "revenue": 3826500000,
      "gross_profit": null,
      "operating_income": 809900000,
      "net_income": null,
      "opex": 3016600000,
      "cogs": null,
      "rd": null,
      "sga": null,
      "fcf": 1161100000,
      "ocf": 1161100000,
      "capex": null,
      "gross_margin": null,
      "op_margin": 0.21165555991114596,
      "fcf_margin": 0.30343656082581993,
      "fcf_margin_change": 0.35484858110098283
    },
    {
      "date": "2021-09-30T00:00:00",
      "quarter_label": "2021-09 (Q3)",
      "revenue": 4623000000,
      "gross_profit": null,
      "operating_income": 1107400000,
      "net_income": null,
      "opex": 3515600000,
      "cogs": null,
      "rd": null,
      "sga": null,
      "fcf": 1929100000,
      "ocf": 1929100000,
      "capex": null,
      "gross_margin": null,
      "op_margin": 0.23954142331819164,
      "fcf_margin": 0.4172831494700411,
      "op_leverage_ratio": 1.2583493918452349,
      "fcf_margin_change": 0.11384658864422115
    },
    {
      "date": "2021-12-31T00:00:00",
      "quarter_label": "2021-12 (Q4)",
      "revenue": 4061400000,
      "gross_profit": null,
      "operating_income": 683700000,
      "net_income": null,
      "opex": 3377700000,
      "cogs": null,
      "rd": null,
      "sga": null,
      "fcf": 866900000,
      "ocf": 866900000,
      "capex": null,
      "gross_margin": null,
      "op_margin": 0.16834096616930122,
      "fcf_margin": 0.213448564534397,
      "fcf_margin_change": -0.20383458493564408
    },
    {
      "date": "2022-03-31T00:00:00",
      "quarter_label": "2022-03 (Q1)",
      "revenue": 4592600000,
      "gross_profit": null,
      "operating_income": 988100000,
      "net_income": null,
      "opex": 3604500000,
      "cogs": null,
      "rd": null,
      "sga": null,
      "fcf": 1622200000,
      "ocf": 1622200000,
      "capex": null,
      "gross_margin": null,
      "op_margin": 0.21515045943474284,
      "fcf_margin": 0.3532203980316161,
      "incr_op_margin_yoy": 0.5707865168539326,
      "rev_growth_yoy": 0.07276167340169583,
      "op_leverage_ratio": 1.947871599518815,
      "fcf_margin_change": 0.13977183349721908
    },
    {
      "date": "2022-06-30T00:00:00",
      "quarter_label": "2022-06 (Q2)",
      "revenue": 4639700000,
      "gross_profit": null,
      "operating_income": 1004400000,
      "net_income": 520800000,
      "opex": 3635300000,
      "cogs": null,
      "rd": null,
      "sga": null,
      "fcf": 1368500000,
      "ocf": 1368500000,
      "capex": null,
      "gross_margin": null,
      "op_margin": 0.21647951376166563,
      "fcf_margin": 0.29495441515615234,
      "incr_op_margin_yoy": 0.23917855386128872,
      "rev_growth_yoy": 0.21251796681040114,
      "rev_growth_yoy_accel": 0.13975629340870532,
      "op_leverage_ratio": 1.2002082259942732,
      "fcf_margin_change": -0.05826598287546375
    },
    {
      "date": "2022-09-30T00:00:00",
      "quarter_label": "2022-09 (Q3)",
      "revenue": 5526100000,
      "gross_profit": null,
      "operating_income": 930100000,
      "net_income": 520800000,
      "opex": 4596000000,
      "cogs": null,
      "rd": null,
      "sga": null,
      "fcf": 1742500000,
      "ocf": 1742500000,
      "capex": null,
      "gross_margin": null,
      "op_margin": 0.1683103816434737,
      "fcf_margin": 0.31532183637646805,
      "incr_op_margin_yoy": -0.19632377366847525,
      "rev_growth_yoy": 0.1953493402552455,
      "rev_growth_yoy_accel": -0.017168626555155636,
      "op_leverage_ratio": 0.7229234506106585,
      "fcf_margin_change": 0.020367421220315707
    },
    {
      "date": "2022-12-31T00:00:00",
      "quarter_label": "2022-12 (Q4)",
      "revenue": 4881100000,
      "gross_profit": null,
      "operating_income": 560100000,
      "net_income": null,
      "opex": 4321000000,
      "cogs": null,
      "rd": null,
      "sga": null,
      "fcf": 554800000,
      "ocf": 554800000,
      "capex": null,
      "gross_margin": null,
      "op_margin": 0.11474872467271721,
      "fcf_margin": 0.11366290385363954,
      "incr_op_margin_yoy": -0.15078687324630963,
      "rev_growth_yoy": 0.20182695622199243,
      "rev_growth_yoy_accel": 0.006477615966746925,
      "fcf_margin_change": -0.20165893252282852
    },
    {
      "date": "2023-03-31T00:00:00",
      "quarter_label": "2023-03 (Q1)",
      "revenue": 4690900000,
      "gross_profit": null,
      "operating_income": 704800000,
      "net_income": 400400000,
      "opex": 3986100000,
      "cogs": null,
      "rd": null,
      "sga": null,
      "fcf": 717800000,
      "ocf": 717800000,
      "capex": null,
      "gross_margin": null,
      "op_margin": 0.15024835319448293,
      "fcf_margin": 0.1530196763947217,
      "incr_op_margin_yoy": -2.881993896236012,
      "rev_growth_yoy": 0.021403997735487523,
      "rev_growth_yoy_accel": -0.18042295848650491,
      "fcf_margin_change": 0.03935677254108215
    },
    {
      "date": "2023-06-30T00:00:00",
      "quarter_label": "2023-06 (Q2)",
      "revenue": 4372500000,
      "gross_profit": null,
      "operating_income": 874700000,
      "net_income": 516100000,
      "opex": 3497800000,
      "cogs": null,
      "rd": null,
      "sga": null,
      "fcf": 1163800000,
      "ocf": 1163800000,
      "capex": null,
      "gross_margin": null,
      "op_margin": 0.20004574042309892,
      "fcf_margin": 0.2661635220125786,
      "incr_op_margin_yoy": 0.48540419161676646,
      "rev_growth_yoy": -0.057589930383429966,
      "rev_growth_yoy_accel": -0.07899392811891749,
      "fcf_margin_change": 0.1131438456178569
    },
    {
      "date": "2023-09-30T00:00:00",
      "quarter_label": "2023-09 (Q3)",
      "revenue": 5341700000,
      "gross_profit": null,
      "operating_income": 1353300000,
      "net_income": 516100000,
      "opex": 3988400000,
      "cogs": null,
      "rd": null,
      "sga": null,
      "fcf": 1794100000,
      "ocf": 1794100000,
      "capex": null,
      "gross_margin": null,
      "op_margin": 0.25334631297152593,
      "fcf_margin": 0.33586685886515527,
      "incr_op_margin_yoy": -2.295010845986985,
      "rev_growth_yoy": -0.033368922024574296,
      "rev_growth_yoy_accel": 0.02422100835885567,
      "op_leverage_ratio": 1.5803417618873472,
      "fcf_margin_change": 0.06970333685257668
    },
    {
      "date": "2023-12-31T00:00:00",
      "quarter_label": "2023-12 (Q4)",
      "revenue": 4577200000,
      "gross_profit": null,
      "operating_income": 623400000,
      "net_income": null,
      "opex": 3953800000,
      "cogs": null,
      "rd": null,
      "sga": null,
      "fcf": 1336300000,
      "ocf": 1336300000,
      "capex": null,
      "gross_margin": null,
      "op_margin": 0.13619680153805822,
      "fcf_margin": 0.2919470418596522,
      "incr_op_margin_yoy": -0.20829220138203355,
      "rev_growth_yoy": -0.06226055602220811,
      "rev_growth_yoy_accel": -0.028891633997633816,
      "fcf_margin_change": -0.04391981700550307
    },
    {
      "date": "2024-03-31T00:00:00",
      "quarter_label": "2024-03 (Q1)",
      "revenue": 5025700000,
      "gross_profit": 3449900000,
      "operating_income": 1172600000,
      "net_income": 1005700000,
      "opex": 3853100000,
      "cogs": 1575800000,
      "rd": null,
      "sga": null,
      "fcf": 1442200000,
      "ocf": 1442200000,
      "capex": null,
      "gross_margin": 0.6864516385777105,
      "op_margin": 0.23332073144039636,
      "fcf_margin": 0.2869649999005114,
      "incr_op_margin_yoy": 1.397252090800478,
      "rev_growth_yoy": 0.0713722313415336,
      "rev_growth_yoy_accel": 0.1336327873637417,
      "op_leverage_ratio": null,
      "fcf_margin_change": -0.004982041959140815
    },
    {
      "date": "2024-06-30T00:00:00",
      "quarter_label": "2024-06 (Q2)",
      "revenue": 4579200000,
      "gross_profit": 3210700000,
      "operating_income": 683900000,
      "net_income": null,
      "opex": 3895300000,
      "cogs": 1368500000,
      "rd": null,
      "sga": null,
      "fcf": 1462000000,
      "ocf": 1462000000,
      "capex": null,
      "gross_margin": 0.7011486722571628,
      "op_margin": 0.1493492313067785,
      "fcf_margin": 0.3192697414395528,
      "incr_op_margin_yoy": -0.9230769230769231,
      "rev_growth_yoy": 0.04727272727272727,
      "rev_growth_yoy_accel": -0.02409950406880633,
      "fcf_margin_change": 0.03230474153904139
    },
    {
      "date": "2024-09-30T00:00:00",
      "quarter_label": "2024-09 (Q3)",
      "revenue": 5420100000,
      "gross_profit": 3760900000,
      "operating_income": 1351500000,
      "net_income": 961700000,
      "opex": 4068600000,
      "cogs": 1659200000,
      "rd": null,
      "sga": null,
      "fcf": 2172700000,
      "ocf": 2172700000,
      "capex": null,
      "gross_margin": 0.6938801867124222,
      "op_margin": 0.24934964299551668,
      "fcf_margin": 0.4008597627350049,
      "incr_op_margin_yoy": -0.02295918367346939,
      "rev_growth_yoy": 0.0146769754946927,
      "rev_growth_yoy_accel": -0.03259575177803457,
      "op_leverage_ratio": 4.127595103255222,
      "fcf_margin_change": 0.08159002129545212
    },
    {
      "date": "2024-12-31T00:00:00",
      "quarter_label": "2024-12 (Q4)",
      "revenue": 4696300000,
      "gross_profit": 3363500000,
      "operating_income": 1095600000,
      "net_income": null,
      "opex": 3600700000,
      "cogs": 1332800000,
      "rd": null,
      "sga": null,
      "fcf": 1727100000,
      "ocf": 1727100000,
      "capex": null,
      "gross_margin": 0.716202116559845,
      "op_margin": 0.23329003683751037,
      "fcf_margin": 0.36775759640568106,
      "incr_op_margin_yoy": 3.9647355163727958,
      "rev_growth_yoy": 0.0260202744035655,
      "rev_growth_yoy_accel": 0.0113432989088728,
      "fcf_margin_change": -0.033102166329323834
    },
    {
      "date": "2025-03-31T00:00:00",
      "quarter_label": "2025-03 (Q1)",
      "revenue": 5463400000,
      "gross_profit": 3610500000,
      "operating_income": 1284200000,
      "net_income": null,
      "opex": 4179200000,
      "cogs": 1852900000,
      "rd": null,
      "sga": null,
      "fcf": 1450000000,
      "ocf": 1450000000,
      "capex": null,
      "gross_margin": 0.6608522165684373,
      "op_margin": 0.23505509389757295,
      "fcf_margin": 0.2654024966138302,
      "incr_op_margin_yoy": 0.25496915695681976,
      "rev_growth_yoy": 0.08709234534492707,
      "rev_growth_yoy_accel": 0.06107207094136158,
      "op_leverage_ratio": 1.0166693392254897,
      "fcf_margin_change": -0.10235509979185087
    },
    {
      "date": "2025-06-30T00:00:00",
      "quarter_label": "2025-06 (Q2)",
      "revenue": 5086900000,
      "gross_profit": 3545500000,
      "operating_income": 1399100000,
      "net_income": null,
      "opex": 3687800000,
      "cogs": 1541400000,
      "rd": null,
      "sga": null,
      "fcf": 1221100000,
      "ocf": 1221100000,
      "capex": null,
      "gross_margin": 0.6969863767717077,
      "op_margin": 0.2750398081346203,
      "fcf_margin": 0.2400479663449252,
      "incr_op_margin_yoy": 1.4087059286980501,
      "rev_growth_yoy": 0.11087089447938504,
      "rev_growth_yoy_accel": 0.02377854913445797,
      "fcf_margin_change": -0.025354530268904996
    },
    {
      "date": "2025-09-30T00:00:00",
      "quarter_label": "2025-09 (Q3)",
      "revenue": 6010400000,
      "gross_profit": 4030200000,
      "operating_income": 1521400000,
      "net_income": null,
      "opex": 4489000000,
      "cogs": 1980200000,
      "rd": null,
      "sga": null,
      "fcf": 2459700000,
      "ocf": 2459700000,
      "capex": null,
      "gross_margin": 0.6705377345933715,
      "op_margin": 0.2531279116198589,
      "fcf_margin": 0.409240649540796,
      "incr_op_margin_yoy": 0.28781975266813487,
      "rev_growth_yoy": 0.1089094297153189,
      "rev_growth_yoy_accel": -0.00196146476406614,
      "op_leverage_ratio": 0.8356224877529683,
      "fcf_margin_change": 0.16919268319587077
    },
    {
      "date": "2025-12-31T00:00:00",
      "quarter_label": "2025-12 (Q4)",
      "revenue": 5315300000,
      "gross_profit": 3658800000,
      "operating_income": 1114300000,
      "net_income": null,
      "opex": 4201000000,
      "cogs": 1656500000,
      "rd": null,
      "sga": null,
      "fcf": 1813200000,
      "ocf": 1813200000,
      "capex": null,
      "gross_margin": 0.6883524918631121,
      "op_margin": 0.20964009557315674,
      "fcf_margin": 0.3411284405395744,
      "incr_op_margin_yoy": 0.030210016155088854,
      "rev_growth_yoy": 0.13180588974298915,
      "rev_growth_yoy_accel": 0.02289646002767025,
      "fcf_margin_change": -0.06811220900122156
    }
  ],
  "signals": [
    {
      "quarter": "2025-09 (Q3)",
      "signal": "FCF MARGIN EXPANSION",
      "detail": "FCF margin: +24.0% -> +40.9% (+16.9%)",
      "severity": "MEDIUM"
    },
    {
      "quarter": "2025-06 (Q2)",
      "signal": "GROSS MARGIN INFLECTION",
      "detail": "GM: +71.6% -> +66.1% -> +69.7% (reversal +3.6%)",
      "severity": "MEDIUM"
    },
    {
      "quarter": "2025-06 (Q2)",
      "signal": "INCREMENTAL MARGIN (YoY)",
      "detail": "YoY Incr OPM: +140.9% vs year-ago OPM: +14.9%",
      "severity": "HIGH"
    },
    {
      "quarter": "2025-03 (Q1)",
      "signal": "YoY REVENUE GROWTH ACCELERATION",
      "detail": "YoY growth: +8.7% vs prior quarter YoY: +2.6% (accel: +6.1%)",
      "severity": "MEDIUM"
    },
    {
      "quarter": "2024-12 (Q4)",
      "signal": "GROSS MARGIN INFLECTION",
      "detail": "GM: +70.1% -> +69.4% -> +71.6% (reversal +2.2%)",
      "severity": "MEDIUM"
    },
    {
      "quarter": "2024-12 (Q4)",
      "signal": "INCREMENTAL MARGIN (YoY)",
      "detail": "YoY Incr OPM: +396.5% vs year-ago OPM: +13.6%",
      "severity": "HIGH"
    },
    {
      "quarter": "2024-09 (Q3)",
      "signal": "FCF MARGIN EXPANSION",
      "detail": "FCF margin: +31.9% -> +40.1% (+8.2%)",
      "severity": "MEDIUM"
    },
    {
      "quarter": "2024-09 (Q3)",
      "signal": "OPERATING LEVERAGE",
      "detail": "Rev growth +18.4% vs OpEx growth +4.4% (leverage: 4.1x)",
      "severity": "MEDIUM"
    },
    {
      "quarter": "2024-03 (Q1)",
      "signal": "YoY REVENUE GROWTH ACCELERATION",
      "detail": "YoY growth: +7.1% vs prior quarter YoY: -6.2% (accel: +13.4%)",
      "severity": "MEDIUM"
    },
    {
      "quarter": "2024-03 (Q1)",
      "signal": "INCREMENTAL MARGIN (YoY)",
      "detail": "YoY Incr OPM: +139.7% vs year-ago OPM: +15.0%",
      "severity": "HIGH"
    },
    {
      "quarter": "2023-09 (Q3)",
      "signal": "FCF MARGIN EXPANSION",
      "detail": "FCF margin: +26.6% -> +33.6% (+7.0%)",
      "severity": "MEDIUM"
    },
    {
      "quarter": "2023-09 (Q3)",
      "signal": "OPERATING LEVERAGE",
      "detail": "Rev growth +22.2% vs OpEx growth +14.0% (leverage: 1.6x)",
      "severity": "MEDIUM"
    },
    {
      "quarter": "2023-06 (Q2)",
      "signal": "FCF MARGIN EXPANSION",
      "detail": "FCF margin: +15.3% -> +26.6% (+11.3%)",
      "severity": "MEDIUM"
    },
    {
      "quarter": "2023-06 (Q2)",
      "signal": "YoY REVENUE GROWTH DECELERATION",
      "detail": "YoY growth: -5.8% vs prior quarter YoY: +2.1% (decel: -7.9%)",
      "severity": "WARNING"
    },
    {
      "quarter": "2023-06 (Q2)",
      "signal": "INCREMENTAL MARGIN (YoY)",
      "detail": "YoY Incr OPM: +48.5% vs year-ago OPM: +21.6%",
      "severity": "HIGH"
    },
    {
      "quarter": "2023-03 (Q1)",
      "signal": "YoY REVENUE GROWTH DECELERATION",
      "detail": "YoY growth: +2.1% vs prior quarter YoY: +20.2% (decel: -18.0%)",
      "severity": "WARNING"
    },
    {
      "quarter": "2022-06 (Q2)",
      "signal": "YoY REVENUE GROWTH ACCELERATION",
      "detail": "YoY growth: +21.3% vs prior quarter YoY: +7.3% (accel: +14.0%)",
      "severity": "MEDIUM"
    },
    {
      "quarter": "2022-03 (Q1)",
      "signal": "FCF MARGIN EXPANSION",
      "detail": "FCF margin: +21.3% -> +35.3% (+14.0%)",
      "severity": "MEDIUM"
    },
    {
      "quarter": "2022-03 (Q1)",
      "signal": "OPERATING LEVERAGE",
      "detail": "Rev growth +13.1% vs OpEx growth +6.7% (leverage: 1.9x)",
      "severity": "MEDIUM"
    },
    {
      "quarter": "2022-03 (Q1)",
      "signal": "INCREMENTAL MARGIN (YoY)",
      "detail": "YoY Incr OPM: +57.1% vs year-ago OPM: +18.9%",
      "severity": "HIGH"
    },
    {
      "quarter": "2021-09 (Q3)",
      "signal": "FCF MARGIN EXPANSION",
      "detail": "FCF margin: +30.3% -> +41.7% (+11.4%)",
      "severity": "MEDIUM"
    },
    {
      "quarter": "2021-06 (Q2)",
      "signal": "FCF TURNED POSITIVE",
      "detail": "FCF margin: -5.1% -> +30.3%",
      "severity": "HIGH"
    }
  ],
  "data_quality": {
    "n_quarters": 20,
    "coverage": {
      "revenue": [
        20,
        20
      ],
      "gross_profit": [
        8,
        20
      ],
      "op_income": [
        20,
        20
      ],
      "fcf": [
        20,
        20
      ]
    },
    "gaps": [],
    "warnings": [
      "gross_profit: 8/20Q"
    ]
  },
  "market_cap": null,
  "source": "SEC EDGAR",
  "last_updated": "2026-02-24T10:52:16.990763"
}