{
  "ticker": "AES",
  "name": "THE AES CORPORATION",
  "quarters": [
    {
      "date": "2020-12-31T00:00:00",
      "quarter_label": "2020-12 (Q4)",
      "revenue": 2560000000,
      "gross_profit": 906000000,
      "operating_income": null,
      "net_income": 318000000,
      "opex": null,
      "cogs": 1654000000,
      "rd": null,
      "sga": null,
      "fcf": 143000000,
      "ocf": 668000000,
      "capex": -525000000,
      "gross_margin": 0.35390625,
      "op_margin": null,
      "fcf_margin": 0.055859375
    },
    {
      "date": "2021-03-31T00:00:00",
      "quarter_label": "2021-03 (Q1)",
      "revenue": 2635000000,
      "gross_profit": 664000000,
      "operating_income": null,
      "net_income": -148000000,
      "opex": null,
      "cogs": 1971000000,
      "rd": null,
      "sga": null,
      "fcf": -179000000,
      "ocf": 253000000,
      "capex": -432000000,
      "gross_margin": 0.2519924098671727,
      "op_margin": null,
      "fcf_margin": -0.06793168880455408,
      "fcf_margin_change": -0.12379106380455408
    },
    {
      "date": "2021-06-30T00:00:00",
      "quarter_label": "2021-06 (Q2)",
      "revenue": 2700000000,
      "gross_profit": 728000000,
      "operating_income": null,
      "net_income": 28000000,
      "opex": null,
      "cogs": 1972000000,
      "rd": null,
      "sga": null,
      "fcf": -216000000,
      "ocf": 351000000,
      "capex": -567000000,
      "gross_margin": 0.2696296296296296,
      "op_margin": null,
      "fcf_margin": -0.08,
      "fcf_margin_change": -0.012068311195445922
    },
    {
      "date": "2021-09-30T00:00:00",
      "quarter_label": "2021-09 (Q3)",
      "revenue": 3036000000,
      "gross_profit": 760000000,
      "operating_income": null,
      "net_income": 343000000,
      "opex": null,
      "cogs": 2276000000,
      "rd": null,
      "sga": null,
      "fcf": 240000000,
      "ocf": 775000000,
      "capex": -535000000,
      "gross_margin": 0.2503293807641634,
      "op_margin": null,
      "fcf_margin": 0.07905138339920949,
      "fcf_margin_change": 0.1590513833992095
    },
    {
      "date": "2021-12-31T00:00:00",
      "quarter_label": "2021-12 (Q4)",
      "revenue": 2770000000,
      "gross_profit": 559000000,
      "operating_income": null,
      "net_income": -632000000,
      "opex": null,
      "cogs": 2211000000,
      "rd": null,
      "sga": null,
      "fcf": -59000000,
      "ocf": 523000000,
      "capex": -582000000,
      "gross_margin": 0.20180505415162456,
      "op_margin": null,
      "fcf_margin": -0.021299638989169676,
      "rev_growth_yoy": 0.08203125,
      "fcf_margin_change": -0.10035102238837916
    },
    {
      "date": "2022-03-31T00:00:00",
      "quarter_label": "2022-03 (Q1)",
      "revenue": 2852000000,
      "gross_profit": 530000000,
      "operating_income": null,
      "net_income": 115000000,
      "opex": null,
      "cogs": 2322000000,
      "rd": null,
      "sga": null,
      "fcf": -309000000,
      "ocf": 457000000,
      "capex": -766000000,
      "gross_margin": 0.18583450210378682,
      "op_margin": null,
      "fcf_margin": -0.10834502103786817,
      "rev_growth_yoy": 0.08235294117647059,
      "rev_growth_yoy_accel": 0.0003216911764705871,
      "fcf_margin_change": -0.0870453820486985
    },
    {
      "date": "2022-06-30T00:00:00",
      "quarter_label": "2022-06 (Q2)",
      "revenue": 3078000000,
      "gross_profit": 563000000,
      "operating_income": null,
      "net_income": -179000000,
      "opex": null,
      "cogs": 2515000000,
      "rd": null,
      "sga": null,
      "fcf": -485000000,
      "ocf": 408000000,
      "capex": -893000000,
      "gross_margin": 0.18291098115659518,
      "op_margin": null,
      "fcf_margin": -0.15756985055230668,
      "rev_growth_yoy": 0.14,
      "rev_growth_yoy_accel": 0.057647058823529426,
      "fcf_margin_change": -0.04922482951443852
    },
    {
      "date": "2022-09-30T00:00:00",
      "quarter_label": "2022-09 (Q3)",
      "revenue": 3627000000,
      "gross_profit": 892000000,
      "operating_income": null,
      "net_income": 421000000,
      "opex": null,
      "cogs": 2735000000,
      "rd": null,
      "sga": null,
      "fcf": -268000000,
      "ocf": 784000000,
      "capex": -1052000000,
      "gross_margin": 0.2459332781913427,
      "op_margin": null,
      "fcf_margin": -0.07389026743865454,
      "rev_growth_yoy": 0.19466403162055335,
      "rev_growth_yoy_accel": 0.05466403162055333,
      "fcf_margin_change": 0.08367958311365215
    },
    {
      "date": "2022-12-31T00:00:00",
      "quarter_label": "2022-12 (Q4)",
      "revenue": 3060000000,
      "gross_profit": 563000000,
      "operating_income": null,
      "net_income": -903000000,
      "opex": null,
      "cogs": 2497000000,
      "rd": null,
      "sga": null,
      "fcf": -774000000,
      "ocf": 1066000000,
      "capex": -1840000000,
      "gross_margin": 0.18398692810457518,
      "op_margin": null,
      "fcf_margin": -0.2529411764705882,
      "rev_growth_yoy": 0.10469314079422383,
      "rev_growth_yoy_accel": -0.08997089082632952,
      "fcf_margin_change": -0.17905090903193369
    },
    {
      "date": "2023-03-31T00:00:00",
      "quarter_label": "2023-03 (Q1)",
      "revenue": 3239000000,
      "gross_profit": 594000000,
      "operating_income": null,
      "net_income": 151000000,
      "opex": null,
      "cogs": 2645000000,
      "rd": null,
      "sga": null,
      "fcf": -926000000,
      "ocf": 625000000,
      "capex": -1551000000,
      "gross_margin": 0.18338993516517443,
      "op_margin": null,
      "fcf_margin": -0.2858907070083359,
      "rev_growth_yoy": 0.13569424964936885,
      "rev_growth_yoy_accel": 0.031001108855145024,
      "fcf_margin_change": -0.032949530537747684
    },
    {
      "date": "2023-06-30T00:00:00",
      "quarter_label": "2023-06 (Q2)",
      "revenue": 3027000000,
      "gross_profit": 498000000,
      "operating_income": null,
      "net_income": -39000000,
      "opex": null,
      "cogs": 2529000000,
      "rd": null,
      "sga": null,
      "fcf": -1283000000,
      "ocf": 562000000,
      "capex": -1845000000,
      "gross_margin": 0.1645193260654113,
      "op_margin": null,
      "fcf_margin": -0.4238519986785596,
      "rev_growth_yoy": -0.016569200779727095,
      "rev_growth_yoy_accel": -0.15226345042909595,
      "fcf_margin_change": -0.1379612916702237
    },
    {
      "date": "2023-09-30T00:00:00",
      "quarter_label": "2023-09 (Q3)",
      "revenue": 3434000000,
      "gross_profit": 918000000,
      "operating_income": null,
      "net_income": 231000000,
      "opex": null,
      "cogs": 2516000000,
      "rd": null,
      "sga": null,
      "fcf": -777000000,
      "ocf": 1122000000,
      "capex": -1899000000,
      "gross_margin": 0.26732673267326734,
      "op_margin": null,
      "fcf_margin": -0.22626674432149096,
      "rev_growth_yoy": -0.05321202095395644,
      "rev_growth_yoy_accel": -0.036642820174229346,
      "fcf_margin_change": 0.19758525435706864
    },
    {
      "date": "2023-12-31T00:00:00",
      "quarter_label": "2023-12 (Q4)",
      "revenue": 2968000000,
      "gross_profit": 494000000,
      "operating_income": null,
      "net_income": -94000000,
      "opex": null,
      "cogs": 2474000000,
      "rd": null,
      "sga": null,
      "fcf": -1704000000,
      "ocf": 725000000,
      "capex": -2429000000,
      "gross_margin": 0.1664420485175202,
      "op_margin": null,
      "fcf_margin": -0.5741239892183289,
      "rev_growth_yoy": -0.030065359477124184,
      "rev_growth_yoy_accel": 0.023146661476832257,
      "fcf_margin_change": -0.3478572448968379
    },
    {
      "date": "2024-03-31T00:00:00",
      "quarter_label": "2024-03 (Q1)",
      "revenue": 3085000000,
      "gross_profit": 619000000,
      "operating_income": null,
      "net_income": 432000000,
      "opex": null,
      "cogs": 2466000000,
      "rd": null,
      "sga": null,
      "fcf": -1861000000,
      "ocf": 287000000,
      "capex": -2148000000,
      "gross_margin": 0.20064829821717992,
      "op_margin": null,
      "fcf_margin": -0.6032414910858995,
      "rev_growth_yoy": -0.04754553874652671,
      "rev_growth_yoy_accel": -0.017480179269402523,
      "fcf_margin_change": -0.029117501867570672
    },
    {
      "date": "2024-06-30T00:00:00",
      "quarter_label": "2024-06 (Q2)",
      "revenue": 2942000000,
      "gross_profit": 553000000,
      "operating_income": null,
      "net_income": 185000000,
      "opex": null,
      "cogs": 2389000000,
      "rd": null,
      "sga": null,
      "fcf": -1293000000,
      "ocf": 392000000,
      "capex": -1685000000,
      "gross_margin": 0.18796736913664175,
      "op_margin": null,
      "fcf_margin": -0.43949694085656016,
      "rev_growth_yoy": -0.028080607862570203,
      "rev_growth_yoy_accel": 0.019464930883956504,
      "fcf_margin_change": 0.16374455022933937
    },
    {
      "date": "2024-09-30T00:00:00",
      "quarter_label": "2024-09 (Q3)",
      "revenue": 3289000000,
      "gross_profit": 722000000,
      "operating_income": null,
      "net_income": 502000000,
      "opex": null,
      "cogs": 2567000000,
      "rd": null,
      "sga": null,
      "fcf": -847000000,
      "ocf": 985000000,
      "capex": -1832000000,
      "gross_margin": 0.21951961082395866,
      "op_margin": null,
      "fcf_margin": -0.25752508361204013,
      "rev_growth_yoy": -0.04222481071636575,
      "rev_growth_yoy_accel": -0.01414420285379555,
      "fcf_margin_change": 0.18197185724452003
    },
    {
      "date": "2024-12-31T00:00:00",
      "quarter_label": "2024-12 (Q4)",
      "revenue": 2962000000,
      "gross_profit": 420000000,
      "operating_income": null,
      "net_income": 560000000,
      "opex": null,
      "cogs": 2542000000,
      "rd": null,
      "sga": null,
      "fcf": -639000000,
      "ocf": 1088000000,
      "capex": -1727000000,
      "gross_margin": 0.14179608372721134,
      "op_margin": null,
      "fcf_margin": -0.21573261309925726,
      "rev_growth_yoy": -0.0020215633423180594,
      "rev_growth_yoy_accel": 0.04020324737404769,
      "fcf_margin_change": 0.04179247051278287
    },
    {
      "date": "2025-03-31T00:00:00",
      "quarter_label": "2025-03 (Q1)",
      "revenue": 2926000000,
      "gross_profit": 441000000,
      "operating_income": null,
      "net_income": 46000000,
      "opex": null,
      "cogs": 2485000000,
      "rd": null,
      "sga": null,
      "fcf": -709000000,
      "ocf": 545000000,
      "capex": -1254000000,
      "gross_margin": 0.1507177033492823,
      "op_margin": null,
      "fcf_margin": -0.24231032125768967,
      "rev_growth_yoy": -0.051539708265802266,
      "rev_growth_yoy_accel": -0.049518144923484206,
      "fcf_margin_change": -0.02657770815843241
    },
    {
      "date": "2025-06-30T00:00:00",
      "quarter_label": "2025-06 (Q2)",
      "revenue": 2855000000,
      "gross_profit": 453000000,
      "operating_income": null,
      "net_income": -95000000,
      "opex": null,
      "cogs": 2402000000,
      "rd": null,
      "sga": null,
      "fcf": -356000000,
      "ocf": 976000000,
      "capex": -1332000000,
      "gross_margin": 0.1586690017513135,
      "op_margin": null,
      "fcf_margin": -0.12469352014010508,
      "rev_growth_yoy": -0.02957171991842284,
      "rev_growth_yoy_accel": 0.021967988347379425,
      "fcf_margin_change": 0.11761680111758459
    },
    {
      "date": "2025-09-30T00:00:00",
      "quarter_label": "2025-09 (Q3)",
      "revenue": 3351000000,
      "gross_profit": 735000000,
      "operating_income": null,
      "net_income": 639000000,
      "opex": null,
      "cogs": 2616000000,
      "rd": null,
      "sga": null,
      "fcf": -511000000,
      "ocf": 1297000000,
      "capex": -1808000000,
      "gross_margin": 0.21933751119068934,
      "op_margin": null,
      "fcf_margin": -0.15249179349447925,
      "rev_growth_yoy": 0.018850714502888416,
      "rev_growth_yoy_accel": 0.04842243442131126,
      "fcf_margin_change": -0.027798273354374167
    }
  ],
  "signals": [
    {
      "quarter": "2025-06 (Q2)",
      "signal": "FCF MARGIN EXPANSION",
      "detail": "FCF margin: -24.2% -> -12.5% (+11.8%)",
      "severity": "MEDIUM"
    },
    {
      "quarter": "2024-09 (Q3)",
      "signal": "FCF MARGIN EXPANSION",
      "detail": "FCF margin: -43.9% -> -25.8% (+18.2%)",
      "severity": "MEDIUM"
    },
    {
      "quarter": "2024-09 (Q3)",
      "signal": "GROSS MARGIN INFLECTION",
      "detail": "GM: +20.1% -> +18.8% -> +22.0% (reversal +3.2%)",
      "severity": "MEDIUM"
    },
    {
      "quarter": "2024-06 (Q2)",
      "signal": "FCF MARGIN EXPANSION",
      "detail": "FCF margin: -60.3% -> -43.9% (+16.4%)",
      "severity": "MEDIUM"
    },
    {
      "quarter": "2024-03 (Q1)",
      "signal": "GROSS MARGIN INFLECTION",
      "detail": "GM: +26.7% -> +16.6% -> +20.1% (reversal +3.4%)",
      "severity": "MEDIUM"
    },
    {
      "quarter": "2023-09 (Q3)",
      "signal": "FCF MARGIN EXPANSION",
      "detail": "FCF margin: -42.4% -> -22.6% (+19.8%)",
      "severity": "MEDIUM"
    },
    {
      "quarter": "2023-09 (Q3)",
      "signal": "GROSS MARGIN INFLECTION",
      "detail": "GM: +18.3% -> +16.5% -> +26.7% (reversal +10.3%)",
      "severity": "HIGH"
    },
    {
      "quarter": "2023-06 (Q2)",
      "signal": "YoY REVENUE GROWTH DECELERATION",
      "detail": "YoY growth: -1.7% vs prior quarter YoY: +13.6% (decel: -15.2%)",
      "severity": "WARNING"
    },
    {
      "quarter": "2022-12 (Q4)",
      "signal": "YoY REVENUE GROWTH DECELERATION",
      "detail": "YoY growth: +10.5% vs prior quarter YoY: +19.5% (decel: -9.0%)",
      "severity": "WARNING"
    },
    {
      "quarter": "2022-09 (Q3)",
      "signal": "FCF MARGIN EXPANSION",
      "detail": "FCF margin: -15.8% -> -7.4% (+8.4%)",
      "severity": "MEDIUM"
    },
    {
      "quarter": "2022-09 (Q3)",
      "signal": "GROSS MARGIN INFLECTION",
      "detail": "GM: +18.6% -> +18.3% -> +24.6% (reversal +6.3%)",
      "severity": "HIGH"
    },
    {
      "quarter": "2022-09 (Q3)",
      "signal": "YoY REVENUE GROWTH ACCELERATION",
      "detail": "YoY growth: +19.5% vs prior quarter YoY: +14.0% (accel: +5.5%)",
      "severity": "MEDIUM"
    },
    {
      "quarter": "2022-06 (Q2)",
      "signal": "YoY REVENUE GROWTH ACCELERATION",
      "detail": "YoY growth: +14.0% vs prior quarter YoY: +8.2% (accel: +5.8%)",
      "severity": "MEDIUM"
    },
    {
      "quarter": "2021-09 (Q3)",
      "signal": "FCF TURNED POSITIVE",
      "detail": "FCF margin: -8.0% -> +7.9%",
      "severity": "HIGH"
    }
  ],
  "data_quality": {
    "n_quarters": 20,
    "coverage": {
      "revenue": [
        20,
        20
      ],
      "gross_profit": [
        20,
        20
      ],
      "op_income": [
        0,
        20
      ],
      "fcf": [
        20,
        20
      ]
    },
    "gaps": [],
    "warnings": [
      "op_income: no data"
    ]
  },
  "market_cap": null,
  "source": "SEC EDGAR",
  "last_updated": "2026-02-02T20:36:21.825678",
  "sector": "Utilities",
  "industry": "Utilities - Diversified"
}