{
  "ticker": "AEYE",
  "name": "AUDIOEYE, INC.",
  "quarters": [
    {
      "date": "2020-12-31T00:00:00",
      "quarter_label": "2020-12 (Q4)",
      "revenue": 5590000,
      "gross_profit": 4107000,
      "operating_income": -3003000,
      "net_income": -3007000,
      "opex": 7110000,
      "cogs": 1483000,
      "rd": 429000,
      "sga": null,
      "fcf": -856000,
      "ocf": -856000,
      "capex": null,
      "gross_margin": 0.7347048300536673,
      "op_margin": -0.5372093023255814,
      "fcf_margin": -0.15313059033989265
    },
    {
      "date": "2021-03-31T00:00:00",
      "quarter_label": "2021-03 (Q1)",
      "revenue": 5788000,
      "gross_profit": 4435000,
      "operating_income": -2761000,
      "net_income": -2765000,
      "opex": 7196000,
      "cogs": 1353000,
      "rd": 1032000,
      "sga": null,
      "fcf": 652000,
      "ocf": 652000,
      "capex": null,
      "gross_margin": 0.7662404975812025,
      "op_margin": -0.47702142363510713,
      "fcf_margin": 0.11264685556323428,
      "op_leverage_ratio": 2.928360444315014,
      "fcf_margin_change": 0.2657774459031269
    },
    {
      "date": "2021-06-30T00:00:00",
      "quarter_label": "2021-06 (Q2)",
      "revenue": 6021000,
      "gross_profit": 4509000,
      "operating_income": -3095000,
      "net_income": -1784000,
      "opex": 7604000,
      "cogs": 1512000,
      "rd": 1307000,
      "sga": null,
      "fcf": -585000,
      "ocf": -585000,
      "capex": null,
      "gross_margin": 0.7488789237668162,
      "op_margin": -0.514034213585783,
      "fcf_margin": -0.09715994020926756,
      "op_leverage_ratio": 0.7100000677534317,
      "fcf_margin_change": -0.20980679577250183
    },
    {
      "date": "2021-09-30T00:00:00",
      "quarter_label": "2021-09 (Q3)",
      "revenue": 6202000,
      "gross_profit": 4635000,
      "operating_income": -4655000,
      "net_income": -4657000,
      "opex": 9290000,
      "cogs": 1567000,
      "rd": 1611000,
      "sga": null,
      "fcf": -2545000,
      "ocf": -2538000,
      "capex": -7000,
      "gross_margin": 0.7473395678813286,
      "op_margin": -0.7505643340857788,
      "fcf_margin": -0.4103514995162851,
      "op_leverage_ratio": 0.1355796428593241,
      "fcf_margin_change": -0.31319155930701753
    },
    {
      "date": "2021-12-31T00:00:00",
      "quarter_label": "2021-12 (Q4)",
      "revenue": 6492000,
      "gross_profit": 4803000,
      "operating_income": -5002000,
      "net_income": -5003000,
      "opex": 9805000,
      "cogs": 1689000,
      "rd": 1354000,
      "sga": null,
      "fcf": -2584000,
      "ocf": -2509000,
      "capex": -75000,
      "gross_margin": 0.7398336414048059,
      "op_margin": -0.770486752926679,
      "fcf_margin": -0.39802834257547753,
      "rev_growth_yoy": 0.16135957066189624,
      "op_leverage_ratio": 0.8434798671271089,
      "fcf_margin_change": 0.012323156940807545
    },
    {
      "date": "2022-03-31T00:00:00",
      "quarter_label": "2022-03 (Q1)",
      "revenue": 6906000,
      "gross_profit": 5196000,
      "operating_income": -3615000,
      "net_income": -3616000,
      "opex": 8811000,
      "cogs": 1710000,
      "rd": 1529000,
      "sga": null,
      "fcf": -1970000,
      "ocf": -1948000,
      "capex": -22000,
      "gross_margin": 0.7523892267593397,
      "op_margin": -0.5234578627280626,
      "fcf_margin": -0.2852591949029829,
      "incr_op_margin_yoy": -0.7638640429338104,
      "rev_growth_yoy": 0.1931582584657913,
      "rev_growth_yoy_accel": 0.031798687803895054,
      "op_leverage_ratio": Infinity,
      "fcf_margin_change": 0.11276914767249463
    },
    {
      "date": "2022-06-30T00:00:00",
      "quarter_label": "2022-06 (Q2)",
      "revenue": 7569000,
      "gross_profit": 5728000,
      "operating_income": -2608000,
      "net_income": -2610000,
      "opex": 8336000,
      "cogs": 1841000,
      "rd": 1406000,
      "sga": null,
      "fcf": -1698000,
      "ocf": -1698000,
      "capex": null,
      "gross_margin": 0.7567710397674726,
      "op_margin": -0.3445633505086537,
      "fcf_margin": -0.22433610780816488,
      "incr_op_margin_yoy": 0.3145994832041344,
      "rev_growth_yoy": 0.2571001494768311,
      "rev_growth_yoy_accel": 0.06394189101103978,
      "op_leverage_ratio": Infinity,
      "fcf_margin_change": 0.06092308709481803
    },
    {
      "date": "2022-09-30T00:00:00",
      "quarter_label": "2022-09 (Q3)",
      "revenue": 7700000,
      "gross_profit": 5777000,
      "operating_income": -2282000,
      "net_income": -2283000,
      "opex": 8059000,
      "cogs": 1923000,
      "rd": 1542000,
      "sga": null,
      "fcf": -889000,
      "ocf": -846000,
      "capex": -43000,
      "gross_margin": 0.7502597402597403,
      "op_margin": -0.2963636363636364,
      "fcf_margin": -0.11545454545454545,
      "incr_op_margin_yoy": 1.5841121495327102,
      "rev_growth_yoy": 0.24153498871331827,
      "rev_growth_yoy_accel": -0.015565160763512803,
      "op_leverage_ratio": Infinity,
      "fcf_margin_change": 0.10888156235361943
    },
    {
      "date": "2022-12-31T00:00:00",
      "quarter_label": "2022-12 (Q4)",
      "revenue": 7738000,
      "gross_profit": 5993000,
      "operating_income": -1924000,
      "net_income": -1924000,
      "opex": 7917000,
      "cogs": 1745000,
      "rd": 1608000,
      "sga": null,
      "fcf": -514000,
      "ocf": -507000,
      "capex": -7000,
      "gross_margin": 0.7744895321788576,
      "op_margin": -0.24864306022227967,
      "fcf_margin": -0.06642543292840528,
      "incr_op_margin_yoy": 2.4703049759229536,
      "rev_growth_yoy": 0.19192852741836106,
      "rev_growth_yoy_accel": -0.049606461294957216,
      "fcf_margin_change": 0.04902911252614017
    },
    {
      "date": "2023-03-31T00:00:00",
      "quarter_label": "2023-03 (Q1)",
      "revenue": 7772000,
      "gross_profit": 6070000,
      "operating_income": -2054000,
      "net_income": -2011000,
      "opex": 8124000,
      "cogs": 1702000,
      "rd": 1746000,
      "sga": null,
      "fcf": 290000,
      "ocf": 297000,
      "capex": -7000,
      "gross_margin": 0.781008749356665,
      "op_margin": -0.2642820380854349,
      "fcf_margin": 0.03731343283582089,
      "rev_growth_yoy": 0.12539820445988994,
      "rev_growth_yoy_accel": -0.06653032295847111,
      "fcf_margin_change": 0.10373886576422617
    },
    {
      "date": "2023-06-30T00:00:00",
      "quarter_label": "2023-06 (Q2)",
      "revenue": 7836000,
      "gross_profit": 6049000,
      "operating_income": -2028000,
      "net_income": -1973000,
      "opex": 8077000,
      "cogs": 1787000,
      "rd": 2033000,
      "sga": null,
      "fcf": -538000,
      "ocf": -488000,
      "capex": -50000,
      "gross_margin": 0.7719499744767738,
      "op_margin": -0.25880551301684535,
      "fcf_margin": -0.06865747830525779,
      "rev_growth_yoy": 0.035275465715418154,
      "rev_growth_yoy_accel": -0.0901227387444718,
      "fcf_margin_change": -0.10597091114107868
    },
    {
      "date": "2023-09-30T00:00:00",
      "quarter_label": "2023-09 (Q3)",
      "revenue": 7838000,
      "gross_profit": 6050000,
      "operating_income": -1390000,
      "net_income": -1355000,
      "opex": 7440000,
      "cogs": 1788000,
      "rd": 1955000,
      "sga": null,
      "fcf": -409000,
      "ocf": -324000,
      "capex": -85000,
      "gross_margin": 0.7718805817810666,
      "op_margin": -0.1773411584587905,
      "fcf_margin": -0.05218167899974483,
      "rev_growth_yoy": 0.017922077922077922,
      "rev_growth_yoy_accel": -0.01735338779334023,
      "fcf_margin_change": 0.016475799305512955
    },
    {
      "date": "2023-12-31T00:00:00",
      "quarter_label": "2023-12 (Q4)",
      "revenue": 7870000,
      "gross_profit": 6173000,
      "operating_income": -493000,
      "net_income": -533000,
      "opex": 6666000,
      "cogs": 1697000,
      "rd": 1255000,
      "sga": null,
      "fcf": 804000,
      "ocf": 833000,
      "capex": -29000,
      "gross_margin": 0.7843710292249046,
      "op_margin": -0.06264294790343075,
      "fcf_margin": 0.10216010165184244,
      "rev_growth_yoy": 0.01705867149134143,
      "rev_growth_yoy_accel": -0.0008634064307364922,
      "fcf_margin_change": 0.15434178065158727
    },
    {
      "date": "2024-03-31T00:00:00",
      "quarter_label": "2024-03 (Q1)",
      "revenue": 8083000,
      "gross_profit": 6322000,
      "operating_income": -631000,
      "net_income": -829000,
      "opex": 6953000,
      "cogs": 1761000,
      "rd": 1322000,
      "sga": null,
      "fcf": 146000,
      "ocf": 203000,
      "capex": -57000,
      "gross_margin": 0.7821353457874551,
      "op_margin": -0.07806507484844735,
      "fcf_margin": 0.018062600519609055,
      "rev_growth_yoy": 0.040015440041173446,
      "rev_growth_yoy_accel": 0.022956768549832016,
      "op_leverage_ratio": 0.6286201293670225,
      "fcf_margin_change": -0.08409750113223338
    },
    {
      "date": "2024-06-30T00:00:00",
      "quarter_label": "2024-06 (Q2)",
      "revenue": 8470000,
      "gross_profit": 6706000,
      "operating_income": -497000,
      "net_income": -735000,
      "opex": 7203000,
      "cogs": 1764000,
      "rd": 1221000,
      "sga": null,
      "fcf": 392000,
      "ocf": 410000,
      "capex": -18000,
      "gross_margin": 0.7917355371900826,
      "op_margin": -0.05867768595041322,
      "fcf_margin": 0.04628099173553719,
      "rev_growth_yoy": 0.0809086268504339,
      "rev_growth_yoy_accel": 0.040893186809260455,
      "op_leverage_ratio": 1.3315902511443771,
      "fcf_margin_change": 0.028218391215928132
    },
    {
      "date": "2024-09-30T00:00:00",
      "quarter_label": "2024-09 (Q3)",
      "revenue": 8925000,
      "gross_profit": 7102000,
      "operating_income": -991000,
      "net_income": -1202000,
      "opex": 8093000,
      "cogs": 1823000,
      "rd": 1151000,
      "sga": null,
      "fcf": 1540000,
      "ocf": 1553000,
      "capex": -13000,
      "gross_margin": 0.7957422969187675,
      "op_margin": -0.11103641456582633,
      "fcf_margin": 0.17254901960784313,
      "incr_op_margin_yoy": 0.3670653173873045,
      "rev_growth_yoy": 0.13868333758611892,
      "rev_growth_yoy_accel": 0.05777471073568502,
      "op_leverage_ratio": 0.4347618163246355,
      "fcf_margin_change": 0.12626802787230595
    },
    {
      "date": "2024-12-31T00:00:00",
      "quarter_label": "2024-12 (Q4)",
      "revenue": 9723000,
      "gross_profit": 7810000,
      "operating_income": -1271000,
      "net_income": -1488000,
      "opex": 9081000,
      "cogs": 1913000,
      "rd": 1383000,
      "sga": null,
      "fcf": 525000,
      "ocf": 565000,
      "capex": -40000,
      "gross_margin": 0.8032500257122287,
      "op_margin": -0.13072097089375706,
      "fcf_margin": 0.05399568034557235,
      "incr_op_margin_yoy": -0.4198596869940637,
      "rev_growth_yoy": 0.23545108005082593,
      "rev_growth_yoy_accel": 0.09676774246470701,
      "op_leverage_ratio": 0.732398190045249,
      "fcf_margin_change": -0.11855333926227078
    },
    {
      "date": "2025-03-31T00:00:00",
      "quarter_label": "2025-03 (Q1)",
      "revenue": 9733000,
      "gross_profit": 7738000,
      "operating_income": -940000,
      "net_income": -1469000,
      "opex": 8678000,
      "cogs": 1995000,
      "rd": 1153000,
      "sga": null,
      "fcf": -47000,
      "ocf": -44000,
      "capex": -3000,
      "gross_margin": 0.7950272269598274,
      "op_margin": -0.09657864995376554,
      "fcf_margin": -0.004828932497688277,
      "incr_op_margin_yoy": -0.18727272727272729,
      "rev_growth_yoy": 0.20413212915996537,
      "rev_growth_yoy_accel": -0.031318950890860564,
      "fcf_margin_change": -0.058824612843260626
    },
    {
      "date": "2025-06-30T00:00:00",
      "quarter_label": "2025-06 (Q2)",
      "revenue": 9857000,
      "gross_profit": 7619000,
      "operating_income": 242000,
      "net_income": -2000,
      "opex": 7377000,
      "cogs": 2238000,
      "rd": 1200000,
      "sga": null,
      "fcf": 1195000,
      "ocf": 1215000,
      "capex": -20000,
      "gross_margin": 0.7729532312062494,
      "op_margin": 0.024551080450441312,
      "fcf_margin": 0.12123364106726184,
      "incr_op_margin_yoy": 0.5328046142754146,
      "rev_growth_yoy": 0.16375442739079102,
      "rev_growth_yoy_accel": -0.04037770176917435,
      "op_leverage_ratio": Infinity,
      "fcf_margin_change": 0.12606257356495013
    },
    {
      "date": "2025-09-30T00:00:00",
      "quarter_label": "2025-09 (Q3)",
      "revenue": 10227000,
      "gross_profit": 7915000,
      "operating_income": -318000,
      "net_income": -554000,
      "opex": 8233000,
      "cogs": 2312000,
      "rd": 1118000,
      "sga": null,
      "fcf": 1046000,
      "ocf": 1049000,
      "capex": -3000,
      "gross_margin": 0.7739317492910922,
      "op_margin": -0.031094162511000292,
      "fcf_margin": 0.10227828297643493,
      "incr_op_margin_yoy": 0.5168970814132104,
      "rev_growth_yoy": 0.14588235294117646,
      "rev_growth_yoy_accel": -0.017872074449614556,
      "op_leverage_ratio": 0.32349158385473015,
      "fcf_margin_change": -0.018955358090826907
    }
  ],
  "signals": [
    {
      "quarter": "2025-06 (Q2)",
      "signal": "FCF TURNED POSITIVE",
      "detail": "FCF margin: -0.5% -> +12.1%",
      "severity": "HIGH"
    },
    {
      "quarter": "2025-06 (Q2)",
      "signal": "OP MARGIN TURNED POSITIVE (YoY)",
      "detail": "Op margin: -5.9% (year-ago) -> +2.5%",
      "severity": "HIGH"
    },
    {
      "quarter": "2025-06 (Q2)",
      "signal": "OP MARGIN TURNED POSITIVE (QoQ)",
      "detail": "Op margin: -9.7% -> +2.5%",
      "severity": "HIGH"
    },
    {
      "quarter": "2024-12 (Q4)",
      "signal": "YoY REVENUE GROWTH ACCELERATION",
      "detail": "YoY growth: +23.5% vs prior quarter YoY: +13.9% (accel: +9.7%)",
      "severity": "MEDIUM"
    },
    {
      "quarter": "2024-09 (Q3)",
      "signal": "FCF MARGIN EXPANSION",
      "detail": "FCF margin: +4.6% -> +17.3% (+12.6%)",
      "severity": "MEDIUM"
    },
    {
      "quarter": "2024-09 (Q3)",
      "signal": "YoY REVENUE GROWTH ACCELERATION",
      "detail": "YoY growth: +13.9% vs prior quarter YoY: +8.1% (accel: +5.8%)",
      "severity": "MEDIUM"
    },
    {
      "quarter": "2023-12 (Q4)",
      "signal": "FCF TURNED POSITIVE",
      "detail": "FCF margin: -5.2% -> +10.2%",
      "severity": "HIGH"
    },
    {
      "quarter": "2023-06 (Q2)",
      "signal": "YoY REVENUE GROWTH DECELERATION",
      "detail": "YoY growth: +3.5% vs prior quarter YoY: +12.5% (decel: -9.0%)",
      "severity": "WARNING"
    },
    {
      "quarter": "2023-03 (Q1)",
      "signal": "FCF TURNED POSITIVE",
      "detail": "FCF margin: -6.6% -> +3.7%",
      "severity": "HIGH"
    },
    {
      "quarter": "2023-03 (Q1)",
      "signal": "YoY REVENUE GROWTH DECELERATION",
      "detail": "YoY growth: +12.5% vs prior quarter YoY: +19.2% (decel: -6.7%)",
      "severity": "WARNING"
    },
    {
      "quarter": "2022-12 (Q4)",
      "signal": "GROSS MARGIN INFLECTION",
      "detail": "GM: +75.7% -> +75.0% -> +77.4% (reversal +2.4%)",
      "severity": "MEDIUM"
    },
    {
      "quarter": "2022-09 (Q3)",
      "signal": "FCF MARGIN EXPANSION",
      "detail": "FCF margin: -22.4% -> -11.5% (+10.9%)",
      "severity": "MEDIUM"
    },
    {
      "quarter": "2022-06 (Q2)",
      "signal": "FCF MARGIN EXPANSION",
      "detail": "FCF margin: -28.5% -> -22.4% (+6.1%)",
      "severity": "MEDIUM"
    },
    {
      "quarter": "2022-06 (Q2)",
      "signal": "YoY REVENUE GROWTH ACCELERATION",
      "detail": "YoY growth: +25.7% vs prior quarter YoY: +19.3% (accel: +6.4%)",
      "severity": "MEDIUM"
    },
    {
      "quarter": "2022-03 (Q1)",
      "signal": "FCF MARGIN EXPANSION",
      "detail": "FCF margin: -39.8% -> -28.5% (+11.3%)",
      "severity": "MEDIUM"
    },
    {
      "quarter": "2021-03 (Q1)",
      "signal": "FCF TURNED POSITIVE",
      "detail": "FCF margin: -15.3% -> +11.3%",
      "severity": "HIGH"
    },
    {
      "quarter": "2021-03 (Q1)",
      "signal": "OPERATING LEVERAGE",
      "detail": "Rev growth +3.5% vs OpEx growth +1.2% (leverage: 2.9x)",
      "severity": "MEDIUM"
    }
  ],
  "data_quality": {
    "n_quarters": 20,
    "coverage": {
      "revenue": [
        20,
        20
      ],
      "gross_profit": [
        20,
        20
      ],
      "op_income": [
        20,
        20
      ],
      "fcf": [
        20,
        20
      ]
    },
    "gaps": [],
    "warnings": []
  },
  "market_cap": null,
  "source": "SEC EDGAR",
  "last_updated": "2026-02-02T23:17:04.155541"
}