{
  "ticker": "AFCG",
  "name": "ADVANCED FLOWER CAPITAL INC.",
  "quarters": [
    {
      "date": "2021-03-31T00:00:00",
      "quarter_label": "2021-03 (Q1)",
      "revenue": 4685005,
      "gross_profit": null,
      "operating_income": null,
      "net_income": 1400755,
      "opex": 3073748,
      "cogs": null,
      "rd": null,
      "sga": null,
      "fcf": 2370785,
      "ocf": 2370785,
      "capex": null,
      "gross_margin": null,
      "op_margin": null,
      "fcf_margin": 0.5060368131944363
    },
    {
      "date": "2021-06-30T00:00:00",
      "quarter_label": "2021-06 (Q2)",
      "revenue": 8748519,
      "gross_profit": null,
      "operating_income": null,
      "net_income": 4627787,
      "opex": 2991787,
      "cogs": null,
      "rd": null,
      "sga": null,
      "fcf": 5125102,
      "ocf": 5125102,
      "capex": null,
      "gross_margin": null,
      "op_margin": null,
      "fcf_margin": 0.585825097939434,
      "op_leverage_ratio": Infinity,
      "fcf_margin_change": 0.07978828474499777
    },
    {
      "date": "2021-09-30T00:00:00",
      "quarter_label": "2021-09 (Q3)",
      "revenue": 10616538,
      "gross_profit": null,
      "operating_income": null,
      "net_income": 7930680,
      "opex": 3849175,
      "cogs": null,
      "rd": null,
      "sga": null,
      "fcf": 109857,
      "ocf": 109857,
      "capex": null,
      "gross_margin": null,
      "op_margin": null,
      "fcf_margin": 0.010347723523431085,
      "op_leverage_ratio": 0.7450750485377002,
      "fcf_margin_change": -0.575477374416003
    },
    {
      "date": "2022-03-31T00:00:00",
      "quarter_label": "2022-03 (Q1)",
      "revenue": 16935738,
      "gross_profit": null,
      "operating_income": null,
      "net_income": 10162120,
      "opex": 6381048,
      "cogs": null,
      "rd": null,
      "sga": null,
      "fcf": 4665347,
      "ocf": 4665347,
      "capex": null,
      "gross_margin": null,
      "op_margin": null,
      "fcf_margin": 0.2754734987043375,
      "rev_growth_yoy": 2.6148815209375442,
      "op_leverage_ratio": 0.9049090283251904,
      "fcf_margin_change": 0.2651257751809064
    },
    {
      "date": "2022-06-30T00:00:00",
      "quarter_label": "2022-06 (Q2)",
      "revenue": 19904203,
      "gross_profit": null,
      "operating_income": null,
      "net_income": 11351673,
      "opex": 5789713,
      "cogs": null,
      "rd": null,
      "sga": null,
      "fcf": 10560875,
      "ocf": 10560875,
      "capex": null,
      "gross_margin": null,
      "op_margin": null,
      "fcf_margin": 0.5305851733927753,
      "rev_growth_yoy": 1.275151142724843,
      "rev_growth_yoy_accel": -1.3397303782127012,
      "op_leverage_ratio": Infinity,
      "fcf_margin_change": 0.2551116746884378
    },
    {
      "date": "2022-09-30T00:00:00",
      "quarter_label": "2022-09 (Q3)",
      "revenue": 18141495,
      "gross_profit": null,
      "operating_income": null,
      "net_income": 11480519,
      "opex": 5314575,
      "cogs": null,
      "rd": null,
      "sga": null,
      "fcf": 12229844,
      "ocf": 12229844,
      "capex": null,
      "gross_margin": null,
      "op_margin": null,
      "fcf_margin": 0.6741365030831252,
      "rev_growth_yoy": 0.7087957486706118,
      "rev_growth_yoy_accel": -0.5663553940542312,
      "fcf_margin_change": 0.1435513296903499
    },
    {
      "date": "2022-12-31T00:00:00",
      "quarter_label": "2022-12 (Q4)",
      "revenue": 19703206,
      "gross_profit": null,
      "operating_income": null,
      "net_income": 2938085,
      "opex": 5920020,
      "cogs": null,
      "rd": null,
      "sga": null,
      "fcf": 3865907,
      "ocf": 3865907,
      "capex": null,
      "gross_margin": null,
      "op_margin": null,
      "fcf_margin": 0.19620700306335934,
      "op_leverage_ratio": 0.755651309222824,
      "fcf_margin_change": -0.47792950001976586
    },
    {
      "date": "2023-03-31T00:00:00",
      "quarter_label": "2023-03 (Q1)",
      "revenue": 16832326,
      "gross_profit": null,
      "operating_income": null,
      "net_income": 10025274,
      "opex": 6411830,
      "cogs": null,
      "rd": null,
      "sga": null,
      "fcf": 4382627,
      "ocf": 4382627,
      "capex": null,
      "gross_margin": null,
      "op_margin": null,
      "fcf_margin": 0.2603696601408504,
      "rev_growth_yoy": -0.006106140753948839,
      "fcf_margin_change": 0.06416265707749105
    },
    {
      "date": "2023-06-30T00:00:00",
      "quarter_label": "2023-06 (Q2)",
      "revenue": 16099413,
      "gross_profit": null,
      "operating_income": null,
      "net_income": 12135333,
      "opex": 4939712,
      "cogs": null,
      "rd": null,
      "sga": null,
      "fcf": 5145835,
      "ocf": 5145835,
      "capex": null,
      "gross_margin": null,
      "op_margin": null,
      "fcf_margin": 0.31962873428987754,
      "rev_growth_yoy": -0.19115510427621743,
      "rev_growth_yoy_accel": -0.1850489635222686,
      "fcf_margin_change": 0.05925907414902715
    },
    {
      "date": "2023-09-30T00:00:00",
      "quarter_label": "2023-09 (Q3)",
      "revenue": 15273265,
      "gross_profit": null,
      "operating_income": null,
      "net_income": 7979875,
      "opex": 5151155,
      "cogs": null,
      "rd": null,
      "sga": null,
      "fcf": 5461892,
      "ocf": 5461892,
      "capex": null,
      "gross_margin": null,
      "op_margin": null,
      "fcf_margin": 0.35761129005487696,
      "rev_growth_yoy": -0.1581032875184763,
      "rev_growth_yoy_accel": 0.03305181675774113,
      "fcf_margin_change": 0.037982555764999426
    },
    {
      "date": "2023-12-31T00:00:00",
      "quarter_label": "2023-12 (Q4)",
      "revenue": 15972626,
      "gross_profit": null,
      "operating_income": null,
      "net_income": -9188483,
      "opex": 5063420,
      "cogs": null,
      "rd": null,
      "sga": null,
      "fcf": 6238580,
      "ocf": 6238580,
      "capex": null,
      "gross_margin": null,
      "op_margin": null,
      "fcf_margin": 0.39057948267241716,
      "rev_growth_yoy": -0.18933872995085166,
      "rev_growth_yoy_accel": -0.03123544243237536,
      "op_leverage_ratio": Infinity,
      "fcf_margin_change": 0.03296819261754019
    },
    {
      "date": "2024-03-31T00:00:00",
      "quarter_label": "2024-03 (Q1)",
      "revenue": 14757897,
      "gross_profit": null,
      "operating_income": null,
      "net_income": -54116,
      "opex": 6014948,
      "cogs": null,
      "rd": null,
      "sga": null,
      "fcf": 6372548,
      "ocf": 6372548,
      "capex": null,
      "gross_margin": null,
      "op_margin": null,
      "fcf_margin": 0.431805968018343,
      "rev_growth_yoy": -0.1232407808641539,
      "rev_growth_yoy_accel": 0.06609794908669776,
      "fcf_margin_change": 0.04122648534592582
    },
    {
      "date": "2024-06-30T00:00:00",
      "quarter_label": "2024-06 (Q2)",
      "revenue": 18384246,
      "gross_profit": null,
      "operating_income": null,
      "net_income": 16446121,
      "opex": 6422389,
      "cogs": null,
      "rd": null,
      "sga": null,
      "fcf": 10319549,
      "ocf": 10319549,
      "capex": null,
      "gross_margin": null,
      "op_margin": null,
      "fcf_margin": 0.5613256589364611,
      "rev_growth_yoy": 0.14192026752776637,
      "rev_growth_yoy_accel": 0.2651610483919203,
      "op_leverage_ratio": 3.627540513176148,
      "fcf_margin_change": 0.12951969091811816
    },
    {
      "date": "2024-09-30T00:00:00",
      "quarter_label": "2024-09 (Q3)",
      "revenue": 8882316,
      "gross_profit": null,
      "operating_income": null,
      "net_income": null,
      "opex": 2475198,
      "cogs": null,
      "rd": null,
      "sga": null,
      "fcf": 2643550,
      "ocf": 2643550,
      "capex": null,
      "gross_margin": null,
      "op_margin": null,
      "fcf_margin": 0.2976194497020822,
      "rev_growth_yoy": -0.41844026146341334,
      "rev_growth_yoy_accel": -0.5603605289911797,
      "fcf_margin_change": -0.26370620923437893
    },
    {
      "date": "2024-12-31T00:00:00",
      "quarter_label": "2024-12 (Q4)",
      "revenue": 7636904,
      "gross_profit": null,
      "operating_income": null,
      "net_income": null,
      "opex": 3549416,
      "cogs": null,
      "rd": null,
      "sga": null,
      "fcf": 2222028,
      "ocf": 2222028,
      "capex": null,
      "gross_margin": null,
      "op_margin": null,
      "fcf_margin": 0.29095926831082336,
      "rev_growth_yoy": -0.5218754887267755,
      "rev_growth_yoy_accel": -0.10343522726336213,
      "fcf_margin_change": -0.006660181391258846
    },
    {
      "date": "2025-03-31T00:00:00",
      "quarter_label": "2025-03 (Q1)",
      "revenue": 6642977,
      "gross_profit": null,
      "operating_income": null,
      "net_income": null,
      "opex": 2476832,
      "cogs": null,
      "rd": null,
      "sga": null,
      "fcf": 3921374,
      "ocf": 3921374,
      "capex": null,
      "gross_margin": null,
      "op_margin": null,
      "fcf_margin": 0.5903037147351256,
      "rev_growth_yoy": -0.5498696731654924,
      "rev_growth_yoy_accel": -0.02799418443871693,
      "fcf_margin_change": 0.2993444464243022
    },
    {
      "date": "2025-06-30T00:00:00",
      "quarter_label": "2025-06 (Q2)",
      "revenue": 6203335,
      "gross_profit": null,
      "operating_income": null,
      "net_income": null,
      "opex": 2598494,
      "cogs": null,
      "rd": null,
      "sga": null,
      "fcf": 1759991,
      "ocf": 1759991,
      "capex": null,
      "gross_margin": null,
      "op_margin": null,
      "fcf_margin": 0.28371690389121335,
      "rev_growth_yoy": -0.6625733250088146,
      "rev_growth_yoy_accel": -0.1127036518433222,
      "fcf_margin_change": -0.3065868108439122
    },
    {
      "date": "2025-09-30T00:00:00",
      "quarter_label": "2025-09 (Q3)",
      "revenue": 6530948,
      "gross_profit": null,
      "operating_income": null,
      "net_income": null,
      "opex": 2810911,
      "cogs": null,
      "rd": null,
      "sga": null,
      "fcf": 6114869,
      "ocf": 6114869,
      "capex": null,
      "gross_margin": null,
      "op_margin": null,
      "fcf_margin": 0.9362911785547825,
      "rev_growth_yoy": -0.2647246506429179,
      "rev_growth_yoy_accel": 0.3978486743658967,
      "op_leverage_ratio": 0.6460532848469501,
      "fcf_margin_change": 0.6525742746635692
    }
  ],
  "signals": [
    {
      "quarter": "2025-09 (Q3)",
      "signal": "FCF MARGIN EXPANSION",
      "detail": "FCF margin: +28.4% -> +93.6% (+65.3%)",
      "severity": "MEDIUM"
    },
    {
      "quarter": "2025-09 (Q3)",
      "signal": "YoY REVENUE GROWTH ACCELERATION",
      "detail": "YoY growth: -26.5% vs prior quarter YoY: -66.3% (accel: +39.8%)",
      "severity": "HIGH"
    },
    {
      "quarter": "2025-06 (Q2)",
      "signal": "YoY REVENUE GROWTH DECELERATION",
      "detail": "YoY growth: -66.3% vs prior quarter YoY: -55.0% (decel: -11.3%)",
      "severity": "WARNING"
    },
    {
      "quarter": "2025-03 (Q1)",
      "signal": "FCF MARGIN EXPANSION",
      "detail": "FCF margin: +29.1% -> +59.0% (+29.9%)",
      "severity": "MEDIUM"
    },
    {
      "quarter": "2024-12 (Q4)",
      "signal": "YoY REVENUE GROWTH DECELERATION",
      "detail": "YoY growth: -52.2% vs prior quarter YoY: -41.8% (decel: -10.3%)",
      "severity": "WARNING"
    },
    {
      "quarter": "2024-09 (Q3)",
      "signal": "YoY REVENUE GROWTH DECELERATION",
      "detail": "YoY growth: -41.8% vs prior quarter YoY: +14.2% (decel: -56.0%)",
      "severity": "WARNING"
    },
    {
      "quarter": "2024-06 (Q2)",
      "signal": "FCF MARGIN EXPANSION",
      "detail": "FCF margin: +43.2% -> +56.1% (+13.0%)",
      "severity": "MEDIUM"
    },
    {
      "quarter": "2024-06 (Q2)",
      "signal": "OPERATING LEVERAGE",
      "detail": "Rev growth +24.6% vs OpEx growth +6.8% (leverage: 3.6x)",
      "severity": "MEDIUM"
    },
    {
      "quarter": "2024-06 (Q2)",
      "signal": "YoY REVENUE GROWTH ACCELERATION",
      "detail": "YoY growth: +14.2% vs prior quarter YoY: -12.3% (accel: +26.5%)",
      "severity": "HIGH"
    },
    {
      "quarter": "2024-03 (Q1)",
      "signal": "YoY REVENUE GROWTH ACCELERATION",
      "detail": "YoY growth: -12.3% vs prior quarter YoY: -18.9% (accel: +6.6%)",
      "severity": "MEDIUM"
    },
    {
      "quarter": "2023-06 (Q2)",
      "signal": "FCF MARGIN EXPANSION",
      "detail": "FCF margin: +26.0% -> +32.0% (+5.9%)",
      "severity": "MEDIUM"
    },
    {
      "quarter": "2023-06 (Q2)",
      "signal": "YoY REVENUE GROWTH DECELERATION",
      "detail": "YoY growth: -19.1% vs prior quarter YoY: -0.6% (decel: -18.5%)",
      "severity": "WARNING"
    },
    {
      "quarter": "2023-03 (Q1)",
      "signal": "FCF MARGIN EXPANSION",
      "detail": "FCF margin: +19.6% -> +26.0% (+6.4%)",
      "severity": "MEDIUM"
    },
    {
      "quarter": "2022-09 (Q3)",
      "signal": "FCF MARGIN EXPANSION",
      "detail": "FCF margin: +53.1% -> +67.4% (+14.4%)",
      "severity": "MEDIUM"
    },
    {
      "quarter": "2022-09 (Q3)",
      "signal": "YoY REVENUE GROWTH DECELERATION",
      "detail": "YoY growth: +70.9% vs prior quarter YoY: +127.5% (decel: -56.6%)",
      "severity": "WARNING"
    },
    {
      "quarter": "2022-06 (Q2)",
      "signal": "FCF MARGIN EXPANSION",
      "detail": "FCF margin: +27.5% -> +53.1% (+25.5%)",
      "severity": "MEDIUM"
    },
    {
      "quarter": "2022-06 (Q2)",
      "signal": "YoY REVENUE GROWTH DECELERATION",
      "detail": "YoY growth: +127.5% vs prior quarter YoY: +261.5% (decel: -134.0%)",
      "severity": "WARNING"
    },
    {
      "quarter": "2022-03 (Q1)",
      "signal": "FCF MARGIN EXPANSION",
      "detail": "FCF margin: +1.0% -> +27.5% (+26.5%)",
      "severity": "MEDIUM"
    },
    {
      "quarter": "2021-06 (Q2)",
      "signal": "FCF MARGIN EXPANSION",
      "detail": "FCF margin: +50.6% -> +58.6% (+8.0%)",
      "severity": "MEDIUM"
    }
  ],
  "data_quality": {
    "n_quarters": 18,
    "coverage": {
      "revenue": [
        18,
        18
      ],
      "gross_profit": [
        0,
        18
      ],
      "op_income": [
        0,
        18
      ],
      "fcf": [
        18,
        18
      ]
    },
    "gaps": [
      [
        "2021-09 (Q3)",
        "2022-03 (Q1)",
        182
      ]
    ],
    "warnings": [
      "gross_profit: no data",
      "op_income: no data",
      "gap: 1Q missing between 2021-09 (Q3) and 2022-03 (Q1)"
    ]
  },
  "market_cap": null,
  "source": "SEC EDGAR",
  "last_updated": "2026-02-02T23:36:33.065251"
}