{
  "ticker": "AFG",
  "name": "AMERICAN FINANCIAL GROUP, INC.",
  "quarters": [
    {
      "date": "2020-12-31T00:00:00",
      "quarter_label": "2020-12 (Q4)",
      "revenue": 2623000000,
      "gross_profit": null,
      "operating_income": 884000000,
      "net_income": 692000000,
      "opex": null,
      "cogs": null,
      "rd": null,
      "sga": null,
      "fcf": 487000000,
      "ocf": 487000000,
      "capex": null,
      "gross_margin": null,
      "op_margin": 0.33701868089973314,
      "fcf_margin": 0.18566526877621045
    },
    {
      "date": "2021-03-31T00:00:00",
      "quarter_label": "2021-03 (Q1)",
      "revenue": 1509000000,
      "gross_profit": null,
      "operating_income": 335000000,
      "net_income": 419000000,
      "opex": null,
      "cogs": null,
      "rd": null,
      "sga": null,
      "fcf": 627000000,
      "ocf": 627000000,
      "capex": null,
      "gross_margin": null,
      "op_margin": 0.22200132538104705,
      "fcf_margin": 0.415506958250497,
      "fcf_margin_change": 0.22984168947428654
    },
    {
      "date": "2021-06-30T00:00:00",
      "quarter_label": "2021-06 (Q2)",
      "revenue": 1531000000,
      "gross_profit": null,
      "operating_income": 288000000,
      "net_income": 1002000000,
      "opex": null,
      "cogs": null,
      "rd": null,
      "sga": 390000000,
      "fcf": 343000000,
      "ocf": 343000000,
      "capex": null,
      "gross_margin": null,
      "op_margin": 0.18811234487263226,
      "fcf_margin": 0.2240365774003919,
      "fcf_margin_change": -0.1914703808501051
    },
    {
      "date": "2021-09-30T00:00:00",
      "quarter_label": "2021-09 (Q3)",
      "revenue": 1754000000,
      "gross_profit": null,
      "operating_income": 267000000,
      "net_income": 219000000,
      "opex": null,
      "cogs": null,
      "rd": null,
      "sga": 417000000,
      "fcf": 455000000,
      "ocf": 455000000,
      "capex": null,
      "gross_margin": null,
      "op_margin": 0.15222348916761688,
      "fcf_margin": 0.2594070695553022,
      "fcf_margin_change": 0.03537049215491028
    },
    {
      "date": "2021-12-31T00:00:00",
      "quarter_label": "2021-12 (Q4)",
      "revenue": 1758000000,
      "gross_profit": null,
      "operating_income": 445000000,
      "net_income": 355000000,
      "opex": null,
      "cogs": null,
      "rd": null,
      "sga": 360000000,
      "fcf": 289000000,
      "ocf": 289000000,
      "capex": null,
      "gross_margin": null,
      "op_margin": 0.25312855517633676,
      "fcf_margin": 0.16439135381114903,
      "incr_op_margin_yoy": 0.507514450867052,
      "rev_growth_yoy": -0.32977506671749907,
      "fcf_margin_change": -0.09501571574415316
    },
    {
      "date": "2022-03-31T00:00:00",
      "quarter_label": "2022-03 (Q1)",
      "revenue": 1588000000,
      "gross_profit": null,
      "operating_income": 361000000,
      "net_income": 290000000,
      "opex": null,
      "cogs": null,
      "rd": null,
      "sga": 414000000,
      "fcf": 503000000,
      "ocf": 503000000,
      "capex": null,
      "gross_margin": null,
      "op_margin": 0.22732997481108314,
      "fcf_margin": 0.3167506297229219,
      "incr_op_margin_yoy": 0.3291139240506329,
      "rev_growth_yoy": 0.052352551358515576,
      "rev_growth_yoy_accel": 0.38212761807601464,
      "fcf_margin_change": 0.15235927591177287
    },
    {
      "date": "2022-06-30T00:00:00",
      "quarter_label": "2022-06 (Q2)",
      "revenue": 1539000000,
      "gross_profit": null,
      "operating_income": 206000000,
      "net_income": 167000000,
      "opex": null,
      "cogs": null,
      "rd": null,
      "sga": 432000000,
      "fcf": 11000000,
      "ocf": 11000000,
      "capex": null,
      "gross_margin": null,
      "op_margin": 0.13385315139701104,
      "fcf_margin": 0.007147498375568551,
      "incr_op_margin_yoy": -10.25,
      "rev_growth_yoy": 0.005225342913128674,
      "rev_growth_yoy_accel": -0.0471272084453869,
      "fcf_margin_change": -0.30960313134735334
    },
    {
      "date": "2022-09-30T00:00:00",
      "quarter_label": "2022-09 (Q3)",
      "revenue": 1984000000,
      "gross_profit": null,
      "operating_income": 210000000,
      "net_income": 165000000,
      "opex": null,
      "cogs": null,
      "rd": null,
      "sga": 445000000,
      "fcf": 529000000,
      "ocf": 529000000,
      "capex": null,
      "gross_margin": null,
      "op_margin": 0.10584677419354839,
      "fcf_margin": 0.26663306451612906,
      "incr_op_margin_yoy": -0.24782608695652175,
      "rev_growth_yoy": 0.13112884834663627,
      "rev_growth_yoy_accel": 0.1259035054335076,
      "fcf_margin_change": 0.2594855661405605
    },
    {
      "date": "2022-12-31T00:00:00",
      "quarter_label": "2022-12 (Q4)",
      "revenue": 1929000000,
      "gross_profit": null,
      "operating_income": 346000000,
      "net_income": 276000000,
      "opex": null,
      "cogs": null,
      "rd": null,
      "sga": 427000000,
      "fcf": 110000000,
      "ocf": 110000000,
      "capex": null,
      "gross_margin": null,
      "op_margin": 0.1793675479523069,
      "fcf_margin": 0.05702436495593572,
      "incr_op_margin_yoy": -0.5789473684210527,
      "rev_growth_yoy": 0.09726962457337884,
      "rev_growth_yoy_accel": -0.033859223773257424,
      "fcf_margin_change": -0.20960869956019335
    },
    {
      "date": "2023-03-31T00:00:00",
      "quarter_label": "2023-03 (Q1)",
      "revenue": 1740000000,
      "gross_profit": null,
      "operating_income": 264000000,
      "net_income": 212000000,
      "opex": null,
      "cogs": null,
      "rd": null,
      "sga": 473000000,
      "fcf": 403000000,
      "ocf": 403000000,
      "capex": null,
      "gross_margin": null,
      "op_margin": 0.15172413793103448,
      "fcf_margin": 0.23160919540229885,
      "incr_op_margin_yoy": -0.6381578947368421,
      "rev_growth_yoy": 0.09571788413098237,
      "rev_growth_yoy_accel": -0.0015517404423964765,
      "fcf_margin_change": 0.17458483044636314
    },
    {
      "date": "2023-06-30T00:00:00",
      "quarter_label": "2023-06 (Q2)",
      "revenue": 1840000000,
      "gross_profit": null,
      "operating_income": 255000000,
      "net_income": 200000000,
      "opex": null,
      "cogs": null,
      "rd": null,
      "sga": 485000000,
      "fcf": 115000000,
      "ocf": 115000000,
      "capex": null,
      "gross_margin": null,
      "op_margin": 0.13858695652173914,
      "fcf_margin": 0.0625,
      "incr_op_margin_yoy": 0.16279069767441862,
      "rev_growth_yoy": 0.19558154645873943,
      "rev_growth_yoy_accel": 0.09986366232775706,
      "fcf_margin_change": -0.16910919540229885
    },
    {
      "date": "2023-09-30T00:00:00",
      "quarter_label": "2023-09 (Q3)",
      "revenue": 2164000000,
      "gross_profit": null,
      "operating_income": 219000000,
      "net_income": 177000000,
      "opex": null,
      "cogs": null,
      "rd": null,
      "sga": 497000000,
      "fcf": 696000000,
      "ocf": 696000000,
      "capex": null,
      "gross_margin": null,
      "op_margin": 0.1012014787430684,
      "fcf_margin": 0.32162661737523107,
      "incr_op_margin_yoy": 0.05,
      "rev_growth_yoy": 0.0907258064516129,
      "rev_growth_yoy_accel": -0.10485574000712652,
      "fcf_margin_change": 0.25912661737523107
    },
    {
      "date": "2023-12-31T00:00:00",
      "quarter_label": "2023-12 (Q4)",
      "revenue": 2083000000,
      "gross_profit": null,
      "operating_income": 335000000,
      "net_income": 263000000,
      "opex": null,
      "cogs": null,
      "rd": null,
      "sga": 480000000,
      "fcf": 756000000,
      "ocf": 756000000,
      "capex": null,
      "gross_margin": null,
      "op_margin": 0.16082573211713874,
      "fcf_margin": 0.3629380700912146,
      "incr_op_margin_yoy": -0.07142857142857142,
      "rev_growth_yoy": 0.07983411093831,
      "rev_growth_yoy_accel": -0.010891695513302907,
      "fcf_margin_change": 0.04131145271598352
    },
    {
      "date": "2024-03-31T00:00:00",
      "quarter_label": "2024-03 (Q1)",
      "revenue": 1906000000,
      "gross_profit": null,
      "operating_income": 304000000,
      "net_income": 242000000,
      "opex": null,
      "cogs": null,
      "rd": null,
      "sga": 503000000,
      "fcf": 107000000,
      "ocf": 107000000,
      "capex": null,
      "gross_margin": null,
      "op_margin": 0.15949632738719832,
      "fcf_margin": 0.05613850996852046,
      "incr_op_margin_yoy": 0.24096385542168675,
      "rev_growth_yoy": 0.09540229885057472,
      "rev_growth_yoy_accel": 0.01556818791226472,
      "fcf_margin_change": -0.30679956012269416
    },
    {
      "date": "2024-06-30T00:00:00",
      "quarter_label": "2024-06 (Q2)",
      "revenue": 1900000000,
      "gross_profit": null,
      "operating_income": 271000000,
      "net_income": 209000000,
      "opex": null,
      "cogs": null,
      "rd": null,
      "sga": 506000000,
      "fcf": -88000000,
      "ocf": -88000000,
      "capex": null,
      "gross_margin": null,
      "op_margin": 0.14263157894736841,
      "fcf_margin": -0.04631578947368421,
      "incr_op_margin_yoy": 0.26666666666666666,
      "rev_growth_yoy": 0.03260869565217391,
      "rev_growth_yoy_accel": -0.0627936031984008,
      "fcf_margin_change": -0.10245429944220467
    },
    {
      "date": "2024-09-30T00:00:00",
      "quarter_label": "2024-09 (Q3)",
      "revenue": 2369000000,
      "gross_profit": null,
      "operating_income": 229000000,
      "net_income": 181000000,
      "opex": null,
      "cogs": null,
      "rd": null,
      "sga": 518000000,
      "fcf": 459000000,
      "ocf": 459000000,
      "capex": null,
      "gross_margin": null,
      "op_margin": 0.0966652596032081,
      "fcf_margin": 0.1937526382439848,
      "incr_op_margin_yoy": 0.04878048780487805,
      "rev_growth_yoy": 0.09473197781885398,
      "rev_growth_yoy_accel": 0.06212328216668007,
      "fcf_margin_change": 0.240068427717669
    },
    {
      "date": "2024-12-31T00:00:00",
      "quarter_label": "2024-12 (Q4)",
      "revenue": 2149000000,
      "gross_profit": null,
      "operating_income": 320000000,
      "net_income": 255000000,
      "opex": null,
      "cogs": null,
      "rd": null,
      "sga": 480000000,
      "fcf": 674000000,
      "ocf": 674000000,
      "capex": null,
      "gross_margin": null,
      "op_margin": 0.14890646812470917,
      "fcf_margin": 0.3136342484876687,
      "incr_op_margin_yoy": -0.22727272727272727,
      "rev_growth_yoy": 0.03168506961113778,
      "rev_growth_yoy_accel": -0.06304690820771619,
      "fcf_margin_change": 0.11988161024368388
    },
    {
      "date": "2025-03-31T00:00:00",
      "quarter_label": "2025-03 (Q1)",
      "revenue": 1856000000,
      "gross_profit": null,
      "operating_income": 197000000,
      "net_income": 154000000,
      "opex": null,
      "cogs": null,
      "rd": null,
      "sga": 530000000,
      "fcf": 342000000,
      "ocf": 342000000,
      "capex": null,
      "gross_margin": null,
      "op_margin": 0.10614224137931035,
      "fcf_margin": 0.18426724137931033,
      "incr_op_margin_yoy": 2.14,
      "rev_growth_yoy": -0.026232948583420776,
      "rev_growth_yoy_accel": -0.05791801819455856,
      "fcf_margin_change": -0.12936700710835836
    },
    {
      "date": "2025-06-30T00:00:00",
      "quarter_label": "2025-06 (Q2)",
      "revenue": 1924000000,
      "gross_profit": null,
      "operating_income": 229000000,
      "net_income": 174000000,
      "opex": null,
      "cogs": null,
      "rd": null,
      "sga": 534000000,
      "fcf": 191000000,
      "ocf": 191000000,
      "capex": null,
      "gross_margin": null,
      "op_margin": 0.11902286902286903,
      "fcf_margin": 0.09927234927234928,
      "incr_op_margin_yoy": -1.75,
      "rev_growth_yoy": 0.01263157894736842,
      "rev_growth_yoy_accel": 0.0388645275307892,
      "fcf_margin_change": -0.08499489210696105
    },
    {
      "date": "2025-09-30T00:00:00",
      "quarter_label": "2025-09 (Q3)",
      "revenue": 2331000000,
      "gross_profit": null,
      "operating_income": 268000000,
      "net_income": 215000000,
      "opex": null,
      "cogs": null,
      "rd": null,
      "sga": 529000000,
      "fcf": 216000000,
      "ocf": 216000000,
      "capex": null,
      "gross_margin": null,
      "op_margin": 0.11497211497211497,
      "fcf_margin": 0.09266409266409266,
      "incr_op_margin_yoy": -1.0263157894736843,
      "rev_growth_yoy": -0.016040523427606587,
      "rev_growth_yoy_accel": -0.028672102374975007,
      "fcf_margin_change": -0.0066082566082566185
    }
  ],
  "signals": [
    {
      "quarter": "2025-03 (Q1)",
      "signal": "YoY REVENUE GROWTH DECELERATION",
      "detail": "YoY growth: -2.6% vs prior quarter YoY: +3.2% (decel: -5.8%)",
      "severity": "WARNING"
    },
    {
      "quarter": "2025-03 (Q1)",
      "signal": "INCREMENTAL MARGIN (YoY)",
      "detail": "YoY Incr OPM: +214.0% vs year-ago OPM: +15.9%",
      "severity": "HIGH"
    },
    {
      "quarter": "2024-12 (Q4)",
      "signal": "FCF MARGIN EXPANSION",
      "detail": "FCF margin: +19.4% -> +31.4% (+12.0%)",
      "severity": "MEDIUM"
    },
    {
      "quarter": "2024-12 (Q4)",
      "signal": "YoY REVENUE GROWTH DECELERATION",
      "detail": "YoY growth: +3.2% vs prior quarter YoY: +9.5% (decel: -6.3%)",
      "severity": "WARNING"
    },
    {
      "quarter": "2024-09 (Q3)",
      "signal": "FCF TURNED POSITIVE",
      "detail": "FCF margin: -4.6% -> +19.4%",
      "severity": "HIGH"
    },
    {
      "quarter": "2024-09 (Q3)",
      "signal": "YoY REVENUE GROWTH ACCELERATION",
      "detail": "YoY growth: +9.5% vs prior quarter YoY: +3.3% (accel: +6.2%)",
      "severity": "MEDIUM"
    },
    {
      "quarter": "2024-06 (Q2)",
      "signal": "YoY REVENUE GROWTH DECELERATION",
      "detail": "YoY growth: +3.3% vs prior quarter YoY: +9.5% (decel: -6.3%)",
      "severity": "WARNING"
    },
    {
      "quarter": "2024-06 (Q2)",
      "signal": "INCREMENTAL MARGIN (YoY)",
      "detail": "YoY Incr OPM: +26.7% vs year-ago OPM: +13.9%",
      "severity": "MEDIUM"
    },
    {
      "quarter": "2023-09 (Q3)",
      "signal": "FCF MARGIN EXPANSION",
      "detail": "FCF margin: +6.2% -> +32.2% (+25.9%)",
      "severity": "MEDIUM"
    },
    {
      "quarter": "2023-09 (Q3)",
      "signal": "YoY REVENUE GROWTH DECELERATION",
      "detail": "YoY growth: +9.1% vs prior quarter YoY: +19.6% (decel: -10.5%)",
      "severity": "WARNING"
    },
    {
      "quarter": "2023-06 (Q2)",
      "signal": "YoY REVENUE GROWTH ACCELERATION",
      "detail": "YoY growth: +19.6% vs prior quarter YoY: +9.6% (accel: +10.0%)",
      "severity": "MEDIUM"
    },
    {
      "quarter": "2023-03 (Q1)",
      "signal": "FCF MARGIN EXPANSION",
      "detail": "FCF margin: +5.7% -> +23.2% (+17.5%)",
      "severity": "MEDIUM"
    },
    {
      "quarter": "2022-09 (Q3)",
      "signal": "FCF MARGIN EXPANSION",
      "detail": "FCF margin: +0.7% -> +26.7% (+25.9%)",
      "severity": "MEDIUM"
    },
    {
      "quarter": "2022-09 (Q3)",
      "signal": "YoY REVENUE GROWTH ACCELERATION",
      "detail": "YoY growth: +13.1% vs prior quarter YoY: +0.5% (accel: +12.6%)",
      "severity": "MEDIUM"
    },
    {
      "quarter": "2022-03 (Q1)",
      "signal": "FCF MARGIN EXPANSION",
      "detail": "FCF margin: +16.4% -> +31.7% (+15.2%)",
      "severity": "MEDIUM"
    },
    {
      "quarter": "2022-03 (Q1)",
      "signal": "YoY REVENUE GROWTH ACCELERATION",
      "detail": "YoY growth: +5.2% vs prior quarter YoY: -33.0% (accel: +38.2%)",
      "severity": "HIGH"
    },
    {
      "quarter": "2022-03 (Q1)",
      "signal": "INCREMENTAL MARGIN (YoY)",
      "detail": "YoY Incr OPM: +32.9% vs year-ago OPM: +22.2%",
      "severity": "MEDIUM"
    },
    {
      "quarter": "2021-12 (Q4)",
      "signal": "INCREMENTAL MARGIN (YoY)",
      "detail": "YoY Incr OPM: +50.8% vs year-ago OPM: +33.7%",
      "severity": "MEDIUM"
    },
    {
      "quarter": "2021-03 (Q1)",
      "signal": "FCF MARGIN EXPANSION",
      "detail": "FCF margin: +18.6% -> +41.6% (+23.0%)",
      "severity": "MEDIUM"
    }
  ],
  "data_quality": {
    "n_quarters": 20,
    "coverage": {
      "revenue": [
        20,
        20
      ],
      "gross_profit": [
        0,
        20
      ],
      "op_income": [
        20,
        20
      ],
      "fcf": [
        20,
        20
      ]
    },
    "gaps": [],
    "warnings": [
      "gross_profit: no data"
    ]
  },
  "market_cap": null,
  "source": "SEC EDGAR",
  "last_updated": "2026-02-02T20:36:08.598611",
  "sector": "Financial Services",
  "industry": "Insurance - Property & Casualty"
}