{
  "ticker": "AFL",
  "name": "Aflac Incorporated",
  "quarters": [
    {
      "date": "2020-12-31T00:00:00",
      "quarter_label": "2020-12 (Q4)",
      "revenue": 5913000000,
      "gross_profit": null,
      "operating_income": 961000000,
      "net_income": 952000000,
      "opex": null,
      "cogs": null,
      "rd": null,
      "sga": 1038000000,
      "fcf": 1357000000,
      "ocf": 1357000000,
      "capex": null,
      "gross_margin": null,
      "op_margin": 0.16252325384745475,
      "fcf_margin": 0.22949433451716555
    },
    {
      "date": "2021-03-31T00:00:00",
      "quarter_label": "2021-03 (Q1)",
      "revenue": 5869000000,
      "gross_profit": null,
      "operating_income": 1306000000,
      "net_income": 1293000000,
      "opex": 1531000000,
      "cogs": null,
      "rd": null,
      "sga": 832000000,
      "fcf": 1366000000,
      "ocf": 1366000000,
      "capex": null,
      "gross_margin": null,
      "op_margin": 0.22252513204975294,
      "fcf_margin": 0.23274833872891465,
      "fcf_margin_change": 0.0032540042117490953
    },
    {
      "date": "2021-06-30T00:00:00",
      "quarter_label": "2021-06 (Q2)",
      "revenue": 5564000000,
      "gross_profit": null,
      "operating_income": 1341000000,
      "net_income": 1105000000,
      "opex": 1538000000,
      "cogs": null,
      "rd": null,
      "sga": 881000000,
      "fcf": 962000000,
      "ocf": 962000000,
      "capex": null,
      "gross_margin": null,
      "op_margin": 0.2410136592379583,
      "fcf_margin": 0.17289719626168223,
      "fcf_margin_change": -0.059851142467232415
    },
    {
      "date": "2021-09-30T00:00:00",
      "quarter_label": "2021-09 (Q3)",
      "revenue": 5237000000,
      "gross_profit": null,
      "operating_income": 1293000000,
      "net_income": 888000000,
      "opex": 1515000000,
      "cogs": null,
      "rd": null,
      "sga": 869000000,
      "fcf": 1853000000,
      "ocf": 1853000000,
      "capex": null,
      "gross_margin": null,
      "op_margin": 0.24689707848004583,
      "fcf_margin": 0.35382852778308194,
      "fcf_margin_change": 0.1809313315213997
    },
    {
      "date": "2021-12-31T00:00:00",
      "quarter_label": "2021-12 (Q4)",
      "revenue": 5436000000,
      "gross_profit": null,
      "operating_income": 994000000,
      "net_income": 1039000000,
      "opex": 1624000000,
      "cogs": null,
      "rd": null,
      "sga": 962000000,
      "fcf": 870000000,
      "ocf": 870000000,
      "capex": null,
      "gross_margin": null,
      "op_margin": 0.1828550404709345,
      "fcf_margin": 0.1600441501103753,
      "incr_op_margin_yoy": -0.06918238993710692,
      "rev_growth_yoy": -0.0806697108066971,
      "op_leverage_ratio": 0.5281492135177889,
      "fcf_margin_change": -0.19378437767270665
    },
    {
      "date": "2022-03-31T00:00:00",
      "quarter_label": "2022-03 (Q1)",
      "revenue": 5272000000,
      "gross_profit": null,
      "operating_income": 1143000000,
      "net_income": 1032000000,
      "opex": 1509000000,
      "cogs": null,
      "rd": null,
      "sga": 831000000,
      "fcf": 1260000000,
      "ocf": 1260000000,
      "capex": null,
      "gross_margin": null,
      "op_margin": 0.21680576631259485,
      "fcf_margin": 0.23899848254931716,
      "incr_op_margin_yoy": 0.2730318257956449,
      "rev_growth_yoy": -0.10172090645765888,
      "rev_growth_yoy_accel": -0.02105119565096178,
      "fcf_margin_change": 0.07895433243894187
    },
    {
      "date": "2022-06-30T00:00:00",
      "quarter_label": "2022-06 (Q2)",
      "revenue": 5400000000,
      "gross_profit": null,
      "operating_income": 1134000000,
      "net_income": 1388000000,
      "opex": 1401000000,
      "cogs": null,
      "rd": null,
      "sga": 799000000,
      "fcf": 510000000,
      "ocf": 510000000,
      "capex": null,
      "gross_margin": null,
      "op_margin": 0.21,
      "fcf_margin": 0.09444444444444444,
      "incr_op_margin_yoy": 1.2621951219512195,
      "rev_growth_yoy": -0.029475197699496764,
      "rev_growth_yoy_accel": 0.07224570875816212,
      "op_leverage_ratio": Infinity,
      "fcf_margin_change": -0.14455403810487272
    },
    {
      "date": "2022-09-30T00:00:00",
      "quarter_label": "2022-09 (Q3)",
      "revenue": 4820000000,
      "gross_profit": null,
      "operating_income": 880000000,
      "net_income": 1596000000,
      "opex": 1377000000,
      "cogs": null,
      "rd": null,
      "sga": 783000000,
      "fcf": 1076000000,
      "ocf": 1076000000,
      "capex": null,
      "gross_margin": null,
      "op_margin": 0.1825726141078838,
      "fcf_margin": 0.2232365145228216,
      "incr_op_margin_yoy": 0.9904076738609112,
      "rev_growth_yoy": -0.07962573992743938,
      "rev_growth_yoy_accel": -0.050150542227942616,
      "fcf_margin_change": 0.12879207007837715
    },
    {
      "date": "2022-12-31T00:00:00",
      "quarter_label": "2022-12 (Q4)",
      "revenue": 3948000000,
      "gross_profit": null,
      "operating_income": 1001000000,
      "net_income": 185000000,
      "opex": 1458000000,
      "cogs": null,
      "rd": null,
      "sga": 838000000,
      "fcf": 1033000000,
      "ocf": 1033000000,
      "capex": null,
      "gross_margin": null,
      "op_margin": 0.25354609929078015,
      "fcf_margin": 0.26165146909827763,
      "incr_op_margin_yoy": -0.004704301075268817,
      "rev_growth_yoy": -0.2737306843267108,
      "rev_growth_yoy_accel": -0.19410494439927145,
      "fcf_margin_change": 0.038414954575456045
    },
    {
      "date": "2023-03-31T00:00:00",
      "quarter_label": "2023-03 (Q1)",
      "revenue": 4800000000,
      "gross_profit": null,
      "operating_income": 1133000000,
      "net_income": 1188000000,
      "opex": 1308000000,
      "cogs": null,
      "rd": null,
      "sga": 775000000,
      "fcf": 890000000,
      "ocf": 890000000,
      "capex": null,
      "gross_margin": null,
      "op_margin": 0.23604166666666668,
      "fcf_margin": 0.18541666666666667,
      "incr_op_margin_yoy": 0.0211864406779661,
      "rev_growth_yoy": -0.08952959028831563,
      "rev_growth_yoy_accel": 0.18420109403839519,
      "op_leverage_ratio": Infinity,
      "fcf_margin_change": -0.07623480243161096
    },
    {
      "date": "2023-06-30T00:00:00",
      "quarter_label": "2023-06 (Q2)",
      "revenue": 5172000000,
      "gross_profit": null,
      "operating_income": 1139000000,
      "net_income": 1634000000,
      "opex": 1249000000,
      "cogs": null,
      "rd": null,
      "sga": 728000000,
      "fcf": 442000000,
      "ocf": 442000000,
      "capex": null,
      "gross_margin": null,
      "op_margin": 0.2202242846094354,
      "fcf_margin": 0.08546017014694508,
      "incr_op_margin_yoy": -0.021929824561403508,
      "rev_growth_yoy": -0.042222222222222223,
      "rev_growth_yoy_accel": 0.047307368066093404,
      "op_leverage_ratio": Infinity,
      "fcf_margin_change": -0.09995649651972159
    },
    {
      "date": "2023-09-30T00:00:00",
      "quarter_label": "2023-09 (Q3)",
      "revenue": 4950000000,
      "gross_profit": null,
      "operating_income": 1298000000,
      "net_income": 1569000000,
      "opex": 1285000000,
      "cogs": null,
      "rd": null,
      "sga": 785000000,
      "fcf": 1276000000,
      "ocf": 1276000000,
      "capex": null,
      "gross_margin": null,
      "op_margin": 0.26222222222222225,
      "fcf_margin": 0.2577777777777778,
      "incr_op_margin_yoy": 3.2153846153846155,
      "rev_growth_yoy": 0.026970954356846474,
      "rev_growth_yoy_accel": 0.0691931765790687,
      "fcf_margin_change": 0.1723176076308327
    },
    {
      "date": "2023-12-31T00:00:00",
      "quarter_label": "2023-12 (Q4)",
      "revenue": 3777000000,
      "gross_profit": null,
      "operating_income": null,
      "net_income": 268000000,
      "opex": 1385000000,
      "cogs": null,
      "rd": null,
      "sga": 875000000,
      "fcf": 582000000,
      "ocf": 582000000,
      "capex": null,
      "gross_margin": null,
      "op_margin": null,
      "fcf_margin": 0.15409054805401112,
      "rev_growth_yoy": -0.04331306990881459,
      "rev_growth_yoy_accel": -0.07028402426566106,
      "fcf_margin_change": -0.10368722972376665
    },
    {
      "date": "2024-03-31T00:00:00",
      "quarter_label": "2024-03 (Q1)",
      "revenue": 5436000000,
      "gross_profit": null,
      "operating_income": null,
      "net_income": 1879000000,
      "opex": 1256000000,
      "cogs": null,
      "rd": null,
      "sga": 739000000,
      "fcf": 849000000,
      "ocf": 849000000,
      "capex": null,
      "gross_margin": null,
      "op_margin": null,
      "fcf_margin": 0.15618101545253862,
      "rev_growth_yoy": 0.1325,
      "rev_growth_yoy_accel": 0.1758130699088146,
      "op_leverage_ratio": Infinity,
      "fcf_margin_change": 0.0020904673985275013
    },
    {
      "date": "2024-06-30T00:00:00",
      "quarter_label": "2024-06 (Q2)",
      "revenue": 5138000000,
      "gross_profit": null,
      "operating_income": null,
      "net_income": 1755000000,
      "opex": 1198000000,
      "cogs": null,
      "rd": null,
      "sga": 694000000,
      "fcf": 255000000,
      "ocf": 255000000,
      "capex": null,
      "gross_margin": null,
      "op_margin": null,
      "fcf_margin": 0.049630206305955625,
      "rev_growth_yoy": -0.006573859242072699,
      "rev_growth_yoy_accel": -0.13907385924207272,
      "fcf_margin_change": -0.10655080914658299
    },
    {
      "date": "2024-09-30T00:00:00",
      "quarter_label": "2024-09 (Q3)",
      "revenue": 2949000000,
      "gross_profit": null,
      "operating_income": null,
      "net_income": -93000000,
      "opex": 1262000000,
      "cogs": null,
      "rd": null,
      "sga": 747000000,
      "fcf": 1270000000,
      "ocf": 1270000000,
      "capex": null,
      "gross_margin": null,
      "op_margin": null,
      "fcf_margin": 0.4306544591386911,
      "rev_growth_yoy": -0.40424242424242424,
      "rev_growth_yoy_accel": -0.3976685650003515,
      "fcf_margin_change": 0.3810242528327355
    },
    {
      "date": "2024-12-31T00:00:00",
      "quarter_label": "2024-12 (Q4)",
      "revenue": 5403000000,
      "gross_profit": null,
      "operating_income": null,
      "net_income": 1902000000,
      "opex": 1345000000,
      "cogs": null,
      "rd": null,
      "sga": 835000000,
      "fcf": 333000000,
      "ocf": 333000000,
      "capex": null,
      "gross_margin": null,
      "op_margin": null,
      "fcf_margin": 0.061632426429761245,
      "rev_growth_yoy": 0.43050039714058774,
      "rev_growth_yoy_accel": 0.8347428213830119,
      "op_leverage_ratio": 12.652636997634483,
      "fcf_margin_change": -0.36902203270892986
    },
    {
      "date": "2025-03-31T00:00:00",
      "quarter_label": "2025-03 (Q1)",
      "revenue": 3398000000,
      "gross_profit": null,
      "operating_income": null,
      "net_income": 29000000,
      "opex": 1308000000,
      "cogs": null,
      "rd": null,
      "sga": 802000000,
      "fcf": 589000000,
      "ocf": 589000000,
      "capex": null,
      "gross_margin": null,
      "op_margin": null,
      "fcf_margin": 0.1733372572101236,
      "rev_growth_yoy": -0.37490802060338485,
      "rev_growth_yoy_accel": -0.8054084177439726,
      "fcf_margin_change": 0.11170483078036236
    },
    {
      "date": "2025-06-30T00:00:00",
      "quarter_label": "2025-06 (Q2)",
      "revenue": 4160000000,
      "gross_profit": null,
      "operating_income": null,
      "net_income": 599000000,
      "opex": 1328000000,
      "cogs": null,
      "rd": null,
      "sga": 804000000,
      "fcf": 399000000,
      "ocf": 399000000,
      "capex": null,
      "gross_margin": null,
      "op_margin": null,
      "fcf_margin": 0.09591346153846154,
      "rev_growth_yoy": -0.19034643830284156,
      "rev_growth_yoy_accel": 0.1845615823005433,
      "op_leverage_ratio": 14.665921130076516,
      "fcf_margin_change": -0.07742379567166206
    },
    {
      "date": "2025-09-30T00:00:00",
      "quarter_label": "2025-09 (Q3)",
      "revenue": 4740000000,
      "gross_profit": null,
      "operating_income": null,
      "net_income": 1639000000,
      "opex": 1310000000,
      "cogs": null,
      "rd": null,
      "sga": 781000000,
      "fcf": 1252000000,
      "ocf": 1252000000,
      "capex": null,
      "gross_margin": null,
      "op_margin": null,
      "fcf_margin": 0.2641350210970464,
      "rev_growth_yoy": 0.6073245167853509,
      "rev_growth_yoy_accel": 0.7976709550881925,
      "op_leverage_ratio": Infinity,
      "fcf_margin_change": 0.16822155955858487
    }
  ],
  "signals": [
    {
      "quarter": "2025-09 (Q3)",
      "signal": "FCF MARGIN EXPANSION",
      "detail": "FCF margin: +9.6% -> +26.4% (+16.8%)",
      "severity": "MEDIUM"
    },
    {
      "quarter": "2025-09 (Q3)",
      "signal": "YoY REVENUE GROWTH ACCELERATION",
      "detail": "YoY growth: +60.7% vs prior quarter YoY: -19.0% (accel: +79.8%)",
      "severity": "HIGH"
    },
    {
      "quarter": "2025-06 (Q2)",
      "signal": "OPERATING LEVERAGE",
      "detail": "Rev growth +22.4% vs OpEx growth +1.5% (leverage: 14.7x)",
      "severity": "MEDIUM"
    },
    {
      "quarter": "2025-06 (Q2)",
      "signal": "YoY REVENUE GROWTH ACCELERATION",
      "detail": "YoY growth: -19.0% vs prior quarter YoY: -37.5% (accel: +18.5%)",
      "severity": "HIGH"
    },
    {
      "quarter": "2025-03 (Q1)",
      "signal": "FCF MARGIN EXPANSION",
      "detail": "FCF margin: +6.2% -> +17.3% (+11.2%)",
      "severity": "MEDIUM"
    },
    {
      "quarter": "2025-03 (Q1)",
      "signal": "YoY REVENUE GROWTH DECELERATION",
      "detail": "YoY growth: -37.5% vs prior quarter YoY: +43.1% (decel: -80.5%)",
      "severity": "WARNING"
    },
    {
      "quarter": "2024-12 (Q4)",
      "signal": "OPERATING LEVERAGE",
      "detail": "Rev growth +83.2% vs OpEx growth +6.6% (leverage: 12.7x)",
      "severity": "MEDIUM"
    },
    {
      "quarter": "2024-12 (Q4)",
      "signal": "YoY REVENUE GROWTH ACCELERATION",
      "detail": "YoY growth: +43.1% vs prior quarter YoY: -40.4% (accel: +83.5%)",
      "severity": "HIGH"
    },
    {
      "quarter": "2024-09 (Q3)",
      "signal": "FCF MARGIN EXPANSION",
      "detail": "FCF margin: +5.0% -> +43.1% (+38.1%)",
      "severity": "MEDIUM"
    },
    {
      "quarter": "2024-09 (Q3)",
      "signal": "YoY REVENUE GROWTH DECELERATION",
      "detail": "YoY growth: -40.4% vs prior quarter YoY: -0.7% (decel: -39.8%)",
      "severity": "WARNING"
    },
    {
      "quarter": "2024-06 (Q2)",
      "signal": "YoY REVENUE GROWTH DECELERATION",
      "detail": "YoY growth: -0.7% vs prior quarter YoY: +13.2% (decel: -13.9%)",
      "severity": "WARNING"
    },
    {
      "quarter": "2024-03 (Q1)",
      "signal": "YoY REVENUE GROWTH ACCELERATION",
      "detail": "YoY growth: +13.2% vs prior quarter YoY: -4.3% (accel: +17.6%)",
      "severity": "HIGH"
    },
    {
      "quarter": "2023-12 (Q4)",
      "signal": "YoY REVENUE GROWTH DECELERATION",
      "detail": "YoY growth: -4.3% vs prior quarter YoY: +2.7% (decel: -7.0%)",
      "severity": "WARNING"
    },
    {
      "quarter": "2023-09 (Q3)",
      "signal": "FCF MARGIN EXPANSION",
      "detail": "FCF margin: +8.5% -> +25.8% (+17.2%)",
      "severity": "MEDIUM"
    },
    {
      "quarter": "2023-09 (Q3)",
      "signal": "YoY REVENUE GROWTH ACCELERATION",
      "detail": "YoY growth: +2.7% vs prior quarter YoY: -4.2% (accel: +6.9%)",
      "severity": "MEDIUM"
    },
    {
      "quarter": "2023-09 (Q3)",
      "signal": "INCREMENTAL MARGIN (YoY)",
      "detail": "YoY Incr OPM: +321.5% vs year-ago OPM: +18.3%",
      "severity": "HIGH"
    },
    {
      "quarter": "2023-03 (Q1)",
      "signal": "YoY REVENUE GROWTH ACCELERATION",
      "detail": "YoY growth: -9.0% vs prior quarter YoY: -27.4% (accel: +18.4%)",
      "severity": "HIGH"
    },
    {
      "quarter": "2022-12 (Q4)",
      "signal": "YoY REVENUE GROWTH DECELERATION",
      "detail": "YoY growth: -27.4% vs prior quarter YoY: -8.0% (decel: -19.4%)",
      "severity": "WARNING"
    },
    {
      "quarter": "2022-09 (Q3)",
      "signal": "FCF MARGIN EXPANSION",
      "detail": "FCF margin: +9.4% -> +22.3% (+12.9%)",
      "severity": "MEDIUM"
    },
    {
      "quarter": "2022-09 (Q3)",
      "signal": "YoY REVENUE GROWTH DECELERATION",
      "detail": "YoY growth: -8.0% vs prior quarter YoY: -2.9% (decel: -5.0%)",
      "severity": "WARNING"
    },
    {
      "quarter": "2022-09 (Q3)",
      "signal": "INCREMENTAL MARGIN (YoY)",
      "detail": "YoY Incr OPM: +99.0% vs year-ago OPM: +24.7%",
      "severity": "HIGH"
    },
    {
      "quarter": "2022-06 (Q2)",
      "signal": "YoY REVENUE GROWTH ACCELERATION",
      "detail": "YoY growth: -2.9% vs prior quarter YoY: -10.2% (accel: +7.2%)",
      "severity": "MEDIUM"
    },
    {
      "quarter": "2022-06 (Q2)",
      "signal": "INCREMENTAL MARGIN (YoY)",
      "detail": "YoY Incr OPM: +126.2% vs year-ago OPM: +24.1%",
      "severity": "HIGH"
    },
    {
      "quarter": "2022-03 (Q1)",
      "signal": "FCF MARGIN EXPANSION",
      "detail": "FCF margin: +16.0% -> +23.9% (+7.9%)",
      "severity": "MEDIUM"
    },
    {
      "quarter": "2021-09 (Q3)",
      "signal": "FCF MARGIN EXPANSION",
      "detail": "FCF margin: +17.3% -> +35.4% (+18.1%)",
      "severity": "MEDIUM"
    }
  ],
  "data_quality": {
    "n_quarters": 20,
    "coverage": {
      "revenue": [
        20,
        20
      ],
      "gross_profit": [
        0,
        20
      ],
      "op_income": [
        12,
        20
      ],
      "fcf": [
        20,
        20
      ]
    },
    "gaps": [],
    "warnings": [
      "gross_profit: no data",
      "op_income: 12/20Q"
    ]
  },
  "market_cap": null,
  "source": "SEC EDGAR",
  "last_updated": "2026-02-02T19:57:23.595852",
  "sector": "Financial Services",
  "industry": "Insurance - Life"
}