{
  "ticker": "AFRM",
  "name": "Affirm Holdings, Inc.",
  "quarters": [
    {
      "date": "2020-12-31T00:00:00",
      "quarter_label": "2020-12 (Q4)",
      "revenue": 204041000,
      "gross_profit": null,
      "operating_income": -31719000,
      "net_income": -31557000,
      "opex": 235760000,
      "cogs": null,
      "rd": null,
      "sga": null,
      "fcf": -50549000,
      "ocf": -47655000,
      "capex": -2894000,
      "gross_margin": null,
      "op_margin": -0.1554540509015345,
      "fcf_margin": -0.24773942491950146
    },
    {
      "date": "2021-03-31T00:00:00",
      "quarter_label": "2021-03 (Q1)",
      "revenue": 230665000,
      "gross_profit": null,
      "operating_income": -169456000,
      "net_income": -247159000,
      "opex": 400121000,
      "cogs": null,
      "rd": null,
      "sga": null,
      "fcf": -128609000,
      "ocf": -123258000,
      "capex": -5351000,
      "gross_margin": null,
      "op_margin": -0.7346411462510567,
      "fcf_margin": -0.5575574968027226,
      "op_leverage_ratio": 0.1871661078431164,
      "fcf_margin_change": -0.30981807188322114
    },
    {
      "date": "2021-06-30T00:00:00",
      "quarter_label": "2021-06 (Q2)",
      "revenue": 261780000,
      "gross_profit": null,
      "operating_income": -149671000,
      "net_income": -153208000,
      "opex": 411451000,
      "cogs": null,
      "rd": null,
      "sga": null,
      "fcf": -27751000,
      "ocf": -19913000,
      "capex": -7838000,
      "gross_margin": null,
      "op_margin": -0.5717434486973795,
      "fcf_margin": -0.10600886240354496,
      "op_leverage_ratio": 4.763756334121944,
      "fcf_margin_change": 0.45154863439917764
    },
    {
      "date": "2021-09-30T00:00:00",
      "quarter_label": "2021-09 (Q3)",
      "revenue": 269385000,
      "gross_profit": null,
      "operating_income": -166071000,
      "net_income": -306615000,
      "opex": 435456000,
      "cogs": null,
      "rd": null,
      "sga": null,
      "fcf": 348803000,
      "ocf": 365150000,
      "capex": -16347000,
      "gross_margin": null,
      "op_margin": -0.6164819867475917,
      "fcf_margin": 1.2948122575496037,
      "op_leverage_ratio": 0.49794246729196295,
      "fcf_margin_change": 1.4008211199531486
    },
    {
      "date": "2021-12-31T00:00:00",
      "quarter_label": "2021-12 (Q4)",
      "revenue": 361011000,
      "gross_profit": null,
      "operating_income": -196200000,
      "net_income": -159735000,
      "opex": 557211000,
      "cogs": null,
      "rd": null,
      "sga": null,
      "fcf": -462066000,
      "ocf": -440254000,
      "capex": -21812000,
      "gross_margin": null,
      "op_margin": -0.5434737445673401,
      "fcf_margin": -1.2799222184365573,
      "incr_op_margin_yoy": -1.0478499076256609,
      "rev_growth_yoy": 0.7693061688582197,
      "op_leverage_ratio": 1.2164738903349748,
      "fcf_margin_change": -2.574734475986161
    },
    {
      "date": "2022-03-31T00:00:00",
      "quarter_label": "2022-03 (Q1)",
      "revenue": 354762000,
      "gross_profit": null,
      "operating_income": -226551000,
      "net_income": -54671000,
      "opex": 581313000,
      "cogs": null,
      "rd": null,
      "sga": null,
      "fcf": -49076000,
      "ocf": -27981000,
      "capex": -21095000,
      "gross_margin": null,
      "op_margin": -0.6385999627919563,
      "fcf_margin": -0.1383349964201352,
      "incr_op_margin_yoy": -0.4600836442460333,
      "rev_growth_yoy": 0.5379966618255912,
      "rev_growth_yoy_accel": -0.23130950703262843,
      "fcf_margin_change": 1.141587222016422
    },
    {
      "date": "2022-06-30T00:00:00",
      "quarter_label": "2022-06 (Q2)",
      "revenue": 364134000,
      "gross_profit": null,
      "operating_income": -277226000,
      "net_income": -186396000,
      "opex": 641360000,
      "cogs": null,
      "rd": null,
      "sga": null,
      "fcf": -86145000,
      "ocf": -59109000,
      "capex": -27036000,
      "gross_margin": null,
      "op_margin": -0.7613296204144628,
      "fcf_margin": -0.23657499711644614,
      "incr_op_margin_yoy": -1.24621411962405,
      "rev_growth_yoy": 0.39099243639697456,
      "rev_growth_yoy_accel": -0.14700422542861669,
      "op_leverage_ratio": 0.2557489774890705,
      "fcf_margin_change": -0.09824000069631095
    },
    {
      "date": "2022-09-30T00:00:00",
      "quarter_label": "2022-09 (Q3)",
      "revenue": 361624000,
      "gross_profit": null,
      "operating_income": -287467000,
      "net_income": -251269000,
      "opex": 649091000,
      "cogs": null,
      "rd": null,
      "sga": null,
      "fcf": 20064000,
      "ocf": 51215000,
      "capex": -31151000,
      "gross_margin": null,
      "op_margin": -0.7949334114992368,
      "fcf_margin": 0.055483043160852154,
      "incr_op_margin_yoy": -1.3161027331172281,
      "rev_growth_yoy": 0.3424058503628636,
      "rev_growth_yoy_accel": -0.04858658603411098,
      "fcf_margin_change": 0.2920580402772983
    },
    {
      "date": "2022-12-31T00:00:00",
      "quarter_label": "2022-12 (Q4)",
      "revenue": 399558000,
      "gross_profit": null,
      "operating_income": -359532000,
      "net_income": -322437000,
      "opex": 759090000,
      "cogs": null,
      "rd": null,
      "sga": null,
      "fcf": -62798000,
      "ocf": -28548000,
      "capex": -34250000,
      "gross_margin": null,
      "op_margin": -0.899824305857973,
      "fcf_margin": -0.15716867138187698,
      "incr_op_margin_yoy": -4.237216904039225,
      "rev_growth_yoy": 0.10677513981568429,
      "rev_growth_yoy_accel": -0.2356307105471793,
      "op_leverage_ratio": 0.6189965729853185,
      "fcf_margin_change": -0.21265171454272913
    },
    {
      "date": "2023-03-31T00:00:00",
      "quarter_label": "2023-03 (Q1)",
      "revenue": 380978000,
      "gross_profit": null,
      "operating_income": -310035000,
      "net_income": -205677000,
      "opex": 691013000,
      "cogs": null,
      "rd": null,
      "sga": null,
      "fcf": -84791000,
      "ocf": -54275000,
      "capex": -30516000,
      "gross_margin": null,
      "op_margin": -0.8137871478143095,
      "fcf_margin": -0.22256140774532912,
      "incr_op_margin_yoy": -3.184467500762893,
      "rev_growth_yoy": 0.07389742982619334,
      "rev_growth_yoy_accel": -0.03287770998949095,
      "fcf_margin_change": -0.06539273636345214
    },
    {
      "date": "2023-06-30T00:00:00",
      "quarter_label": "2023-06 (Q2)",
      "revenue": 445825000,
      "gross_profit": null,
      "operating_income": -243828000,
      "net_income": -205962000,
      "opex": 689653000,
      "cogs": null,
      "rd": null,
      "sga": null,
      "fcf": 18931000,
      "ocf": 43789000,
      "capex": -24858000,
      "gross_margin": null,
      "op_margin": -0.5469141479279986,
      "fcf_margin": 0.04246284977289295,
      "incr_op_margin_yoy": 0.4088332864085395,
      "rev_growth_yoy": 0.22434323628114924,
      "rev_growth_yoy_accel": 0.15044580645495592,
      "op_leverage_ratio": Infinity,
      "fcf_margin_change": 0.26502425751822206
    },
    {
      "date": "2023-09-30T00:00:00",
      "quarter_label": "2023-09 (Q3)",
      "revenue": 496547000,
      "gross_profit": null,
      "operating_income": -209447000,
      "net_income": -171783000,
      "opex": 705994000,
      "cogs": null,
      "rd": null,
      "sga": null,
      "fcf": 63085000,
      "ocf": 98902000,
      "capex": -35817000,
      "gross_margin": null,
      "op_margin": -0.4218069991360334,
      "fcf_margin": 0.1270473892703007,
      "incr_op_margin_yoy": 0.5782557458698665,
      "rev_growth_yoy": 0.3731030020131407,
      "rev_growth_yoy_accel": 0.14875976573199148,
      "op_leverage_ratio": 4.8015775907963985,
      "fcf_margin_change": 0.08458453949740777
    },
    {
      "date": "2023-12-31T00:00:00",
      "quarter_label": "2023-12 (Q4)",
      "revenue": 591110000,
      "gross_profit": null,
      "operating_income": -172151000,
      "net_income": -166902000,
      "opex": 763261000,
      "cogs": null,
      "rd": null,
      "sga": null,
      "fcf": 35574000,
      "ocf": 74321000,
      "capex": -38747000,
      "gross_margin": null,
      "op_margin": -0.29123344216812436,
      "fcf_margin": 0.06018169207084976,
      "incr_op_margin_yoy": 0.9782252338790511,
      "rev_growth_yoy": 0.47940974777128725,
      "rev_growth_yoy_accel": 0.10630674575814653,
      "op_leverage_ratio": 2.347780314304935,
      "fcf_margin_change": -0.06686569719945096
    },
    {
      "date": "2024-03-31T00:00:00",
      "quarter_label": "2024-03 (Q1)",
      "revenue": 576157000,
      "gross_profit": null,
      "operating_income": -160789000,
      "net_income": -133936000,
      "opex": 736946000,
      "cogs": null,
      "rd": null,
      "sga": null,
      "fcf": 161676000,
      "ocf": 208152000,
      "capex": -46476000,
      "gross_margin": null,
      "op_margin": -0.2790715030798897,
      "fcf_margin": 0.2806110140118058,
      "incr_op_margin_yoy": 0.7646621818945686,
      "rev_growth_yoy": 0.5123104221241122,
      "rev_growth_yoy_accel": 0.0329006743528249,
      "fcf_margin_change": 0.22042932194095607
    },
    {
      "date": "2024-06-30T00:00:00",
      "quarter_label": "2024-06 (Q2)",
      "revenue": 659185000,
      "gross_profit": null,
      "operating_income": -73460000,
      "net_income": -45136000,
      "opex": 732645000,
      "cogs": null,
      "rd": null,
      "sga": null,
      "fcf": 30507000,
      "ocf": 68763000,
      "capex": -38256000,
      "gross_margin": null,
      "op_margin": -0.11144064261170991,
      "fcf_margin": 0.04627987590737046,
      "incr_op_margin_yoy": 0.7985001874765655,
      "rev_growth_yoy": 0.47857343127908936,
      "rev_growth_yoy_accel": -0.033736990845022796,
      "op_leverage_ratio": Infinity,
      "fcf_margin_change": -0.23433113810443537
    },
    {
      "date": "2024-09-30T00:00:00",
      "quarter_label": "2024-09 (Q3)",
      "revenue": 698479000,
      "gross_profit": null,
      "operating_income": -132623000,
      "net_income": -100222000,
      "opex": 831102000,
      "cogs": null,
      "rd": null,
      "sga": null,
      "fcf": 152715000,
      "ocf": 196867000,
      "capex": -44152000,
      "gross_margin": null,
      "op_margin": -0.18987399764345098,
      "fcf_margin": 0.21863935780460114,
      "incr_op_margin_yoy": 0.38044490224431987,
      "rev_growth_yoy": 0.4066724801479014,
      "rev_growth_yoy_accel": -0.07190095113118794,
      "op_leverage_ratio": 0.4435738303095212,
      "fcf_margin_change": 0.1723594818972307
    },
    {
      "date": "2024-12-31T00:00:00",
      "quarter_label": "2024-12 (Q4)",
      "revenue": 866381000,
      "gross_profit": null,
      "operating_income": -4322000,
      "net_income": 80360000,
      "opex": 870703000,
      "cogs": null,
      "rd": null,
      "sga": null,
      "fcf": 268112000,
      "ocf": 312017000,
      "capex": -43905000,
      "gross_margin": null,
      "op_margin": -0.004988567385480522,
      "fcf_margin": 0.3094620034372868,
      "incr_op_margin_yoy": 0.6096864544394434,
      "rev_growth_yoy": 0.4656848979039434,
      "rev_growth_yoy_accel": 0.05901241775604199,
      "op_leverage_ratio": 5.044878259446244,
      "fcf_margin_change": 0.09082264563268566
    },
    {
      "date": "2025-03-31T00:00:00",
      "quarter_label": "2025-03 (Q1)",
      "revenue": 783135000,
      "gross_profit": null,
      "operating_income": -8393000,
      "net_income": 2804000,
      "opex": 791527000,
      "cogs": null,
      "rd": null,
      "sga": null,
      "fcf": 157376000,
      "ocf": 210388000,
      "capex": -53012000,
      "gross_margin": null,
      "op_margin": -0.010717181584273466,
      "fcf_margin": 0.2009564123682379,
      "incr_op_margin_yoy": 0.7362908135164123,
      "rev_growth_yoy": 0.35923888801142745,
      "rev_growth_yoy_accel": -0.10644600989251596,
      "fcf_margin_change": -0.10850559106904889
    },
    {
      "date": "2025-06-30T00:00:00",
      "quarter_label": "2025-06 (Q2)",
      "revenue": 876417000,
      "gross_profit": null,
      "operating_income": 58064000,
      "net_income": 69244000,
      "opex": 818353000,
      "cogs": null,
      "rd": null,
      "sga": null,
      "fcf": 23517000,
      "ocf": 74637000,
      "capex": -51120000,
      "gross_margin": null,
      "op_margin": 0.06625156746160789,
      "fcf_margin": 0.02683311711205967,
      "incr_op_margin_yoy": 0.6054540767474406,
      "rev_growth_yoy": 0.32954633373028813,
      "rev_growth_yoy_accel": -0.029692554281139316,
      "op_leverage_ratio": 3.5145605389913297,
      "fcf_margin_change": -0.17412329525617826
    },
    {
      "date": "2025-09-30T00:00:00",
      "quarter_label": "2025-09 (Q3)",
      "revenue": 933337000,
      "gross_profit": null,
      "operating_income": 63661000,
      "net_income": 80694000,
      "opex": 869676000,
      "cogs": null,
      "rd": null,
      "sga": null,
      "fcf": 320207000,
      "ocf": 374572000,
      "capex": -54365000,
      "gross_margin": null,
      "op_margin": 0.06820794632592515,
      "fcf_margin": 0.34307758076664696,
      "incr_op_margin_yoy": 0.835756073882942,
      "rev_growth_yoy": 0.3362420344777724,
      "rev_growth_yoy_accel": 0.006695700747484268,
      "op_leverage_ratio": 1.0355778263173485,
      "fcf_margin_change": 0.3162444636545873
    }
  ],
  "signals": [
    {
      "quarter": "2025-09 (Q3)",
      "signal": "FCF MARGIN EXPANSION",
      "detail": "FCF margin: +2.7% -> +34.3% (+31.6%)",
      "severity": "MEDIUM"
    },
    {
      "quarter": "2025-09 (Q3)",
      "signal": "OP MARGIN TURNED POSITIVE (YoY)",
      "detail": "Op margin: -19.0% (year-ago) -> +6.8%",
      "severity": "HIGH"
    },
    {
      "quarter": "2025-06 (Q2)",
      "signal": "OPERATING LEVERAGE",
      "detail": "Rev growth +11.9% vs OpEx growth +3.4% (leverage: 3.5x)",
      "severity": "MEDIUM"
    },
    {
      "quarter": "2025-06 (Q2)",
      "signal": "OP MARGIN TURNED POSITIVE (YoY)",
      "detail": "Op margin: -11.1% (year-ago) -> +6.6%",
      "severity": "HIGH"
    },
    {
      "quarter": "2025-06 (Q2)",
      "signal": "OP MARGIN TURNED POSITIVE (QoQ)",
      "detail": "Op margin: -1.1% -> +6.6%",
      "severity": "HIGH"
    },
    {
      "quarter": "2025-03 (Q1)",
      "signal": "YoY REVENUE GROWTH DECELERATION",
      "detail": "YoY growth: +35.9% vs prior quarter YoY: +46.6% (decel: -10.6%)",
      "severity": "WARNING"
    },
    {
      "quarter": "2024-12 (Q4)",
      "signal": "FCF MARGIN EXPANSION",
      "detail": "FCF margin: +21.9% -> +30.9% (+9.1%)",
      "severity": "MEDIUM"
    },
    {
      "quarter": "2024-12 (Q4)",
      "signal": "OPERATING LEVERAGE",
      "detail": "Rev growth +24.0% vs OpEx growth +4.8% (leverage: 5.0x)",
      "severity": "MEDIUM"
    },
    {
      "quarter": "2024-12 (Q4)",
      "signal": "YoY REVENUE GROWTH ACCELERATION",
      "detail": "YoY growth: +46.6% vs prior quarter YoY: +40.7% (accel: +5.9%)",
      "severity": "MEDIUM"
    },
    {
      "quarter": "2024-09 (Q3)",
      "signal": "FCF MARGIN EXPANSION",
      "detail": "FCF margin: +4.6% -> +21.9% (+17.2%)",
      "severity": "MEDIUM"
    },
    {
      "quarter": "2024-09 (Q3)",
      "signal": "YoY REVENUE GROWTH DECELERATION",
      "detail": "YoY growth: +40.7% vs prior quarter YoY: +47.9% (decel: -7.2%)",
      "severity": "WARNING"
    },
    {
      "quarter": "2024-03 (Q1)",
      "signal": "FCF MARGIN EXPANSION",
      "detail": "FCF margin: +6.0% -> +28.1% (+22.0%)",
      "severity": "MEDIUM"
    },
    {
      "quarter": "2023-12 (Q4)",
      "signal": "OPERATING LEVERAGE",
      "detail": "Rev growth +19.0% vs OpEx growth +8.1% (leverage: 2.3x)",
      "severity": "MEDIUM"
    },
    {
      "quarter": "2023-12 (Q4)",
      "signal": "YoY REVENUE GROWTH ACCELERATION",
      "detail": "YoY growth: +47.9% vs prior quarter YoY: +37.3% (accel: +10.6%)",
      "severity": "MEDIUM"
    },
    {
      "quarter": "2023-09 (Q3)",
      "signal": "FCF MARGIN EXPANSION",
      "detail": "FCF margin: +4.2% -> +12.7% (+8.5%)",
      "severity": "MEDIUM"
    },
    {
      "quarter": "2023-09 (Q3)",
      "signal": "OPERATING LEVERAGE",
      "detail": "Rev growth +11.4% vs OpEx growth +2.4% (leverage: 4.8x)",
      "severity": "MEDIUM"
    },
    {
      "quarter": "2023-09 (Q3)",
      "signal": "YoY REVENUE GROWTH ACCELERATION",
      "detail": "YoY growth: +37.3% vs prior quarter YoY: +22.4% (accel: +14.9%)",
      "severity": "MEDIUM"
    },
    {
      "quarter": "2023-06 (Q2)",
      "signal": "FCF TURNED POSITIVE",
      "detail": "FCF margin: -22.3% -> +4.2%",
      "severity": "HIGH"
    },
    {
      "quarter": "2023-06 (Q2)",
      "signal": "YoY REVENUE GROWTH ACCELERATION",
      "detail": "YoY growth: +22.4% vs prior quarter YoY: +7.4% (accel: +15.0%)",
      "severity": "HIGH"
    },
    {
      "quarter": "2022-12 (Q4)",
      "signal": "YoY REVENUE GROWTH DECELERATION",
      "detail": "YoY growth: +10.7% vs prior quarter YoY: +34.2% (decel: -23.6%)",
      "severity": "WARNING"
    },
    {
      "quarter": "2022-09 (Q3)",
      "signal": "FCF TURNED POSITIVE",
      "detail": "FCF margin: -23.7% -> +5.5%",
      "severity": "HIGH"
    },
    {
      "quarter": "2022-06 (Q2)",
      "signal": "YoY REVENUE GROWTH DECELERATION",
      "detail": "YoY growth: +39.1% vs prior quarter YoY: +53.8% (decel: -14.7%)",
      "severity": "WARNING"
    },
    {
      "quarter": "2022-03 (Q1)",
      "signal": "FCF MARGIN EXPANSION",
      "detail": "FCF margin: -128.0% -> -13.8% (+114.2%)",
      "severity": "MEDIUM"
    },
    {
      "quarter": "2022-03 (Q1)",
      "signal": "YoY REVENUE GROWTH DECELERATION",
      "detail": "YoY growth: +53.8% vs prior quarter YoY: +76.9% (decel: -23.1%)",
      "severity": "WARNING"
    },
    {
      "quarter": "2021-09 (Q3)",
      "signal": "FCF TURNED POSITIVE",
      "detail": "FCF margin: -10.6% -> +129.5%",
      "severity": "HIGH"
    },
    {
      "quarter": "2021-06 (Q2)",
      "signal": "FCF MARGIN EXPANSION",
      "detail": "FCF margin: -55.8% -> -10.6% (+45.2%)",
      "severity": "MEDIUM"
    },
    {
      "quarter": "2021-06 (Q2)",
      "signal": "OPERATING LEVERAGE",
      "detail": "Rev growth +13.5% vs OpEx growth +2.8% (leverage: 4.8x)",
      "severity": "MEDIUM"
    }
  ],
  "data_quality": {
    "n_quarters": 20,
    "coverage": {
      "revenue": [
        20,
        20
      ],
      "gross_profit": [
        0,
        20
      ],
      "op_income": [
        20,
        20
      ],
      "fcf": [
        20,
        20
      ]
    },
    "gaps": [],
    "warnings": [
      "gross_profit: no data"
    ]
  },
  "market_cap": null,
  "source": "SEC EDGAR",
  "last_updated": "2026-02-02T20:15:51.544529"
}