{
  "ticker": "AGL",
  "name": "agilon health, inc.",
  "quarters": [
    {
      "date": "2020-12-31T00:00:00",
      "quarter_label": "2020-12 (Q4)",
      "revenue": 321007000,
      "gross_profit": null,
      "operating_income": -39743000,
      "net_income": -24215000,
      "opex": 360750000,
      "cogs": null,
      "rd": null,
      "sga": null,
      "fcf": -13857000,
      "ocf": -13339000,
      "capex": -518000,
      "gross_margin": null,
      "op_margin": -0.12380726900036448,
      "fcf_margin": -0.04316728295644643
    },
    {
      "date": "2021-03-31T00:00:00",
      "quarter_label": "2021-03 (Q1)",
      "revenue": 413104000,
      "gross_profit": null,
      "operating_income": -12115000,
      "net_income": -15078000,
      "opex": 425219000,
      "cogs": null,
      "rd": null,
      "sga": null,
      "fcf": -41006000,
      "ocf": -40828000,
      "capex": -178000,
      "gross_margin": null,
      "op_margin": -0.02932675549014292,
      "fcf_margin": -0.0992631395483946,
      "op_leverage_ratio": 1.6054115629702117,
      "fcf_margin_change": -0.056095856591948164
    },
    {
      "date": "2021-06-30T00:00:00",
      "quarter_label": "2021-06 (Q2)",
      "revenue": 498956000,
      "gross_profit": null,
      "operating_income": -298363000,
      "net_income": -298845000,
      "opex": 797319000,
      "cogs": null,
      "rd": null,
      "sga": null,
      "fcf": -39759000,
      "ocf": -39291000,
      "capex": -468000,
      "gross_margin": null,
      "op_margin": -0.5979745709040476,
      "fcf_margin": -0.0796843809875019,
      "op_leverage_ratio": 0.23748927872168704,
      "fcf_margin_change": 0.019578758560892695
    },
    {
      "date": "2021-09-30T00:00:00",
      "quarter_label": "2021-09 (Q3)",
      "revenue": 458613000,
      "gross_profit": null,
      "operating_income": -35601000,
      "net_income": -35843000,
      "opex": 494214000,
      "cogs": null,
      "rd": null,
      "sga": null,
      "fcf": -21661000,
      "ocf": -19143000,
      "capex": -2518000,
      "gross_margin": null,
      "op_margin": -0.0776275421760831,
      "fcf_margin": -0.04723154380708789,
      "fcf_margin_change": 0.03245283718041401
    },
    {
      "date": "2021-12-31T00:00:00",
      "quarter_label": "2021-12 (Q4)",
      "revenue": 462886000,
      "gross_profit": null,
      "operating_income": -47873000,
      "net_income": -56721000,
      "opex": 510759000,
      "cogs": null,
      "rd": null,
      "sga": null,
      "fcf": -52297000,
      "ocf": -48897000,
      "capex": -3400000,
      "gross_margin": null,
      "op_margin": -0.10342287301841058,
      "fcf_margin": -0.11298030184537877,
      "incr_op_margin_yoy": -0.057302349184868796,
      "rev_growth_yoy": 0.4419810159903055,
      "fcf_margin_change": -0.06574875803829089
    },
    {
      "date": "2022-03-31T00:00:00",
      "quarter_label": "2022-03 (Q1)",
      "revenue": 653445000,
      "gross_profit": null,
      "operating_income": -743000,
      "net_income": 1230000,
      "opex": 654188000,
      "cogs": null,
      "rd": null,
      "sga": null,
      "fcf": -27282000,
      "ocf": -23233000,
      "capex": -4049000,
      "gross_margin": null,
      "op_margin": -0.0011370505551347092,
      "fcf_margin": -0.041751027247893854,
      "incr_op_margin_yoy": 0.04731610503409739,
      "rev_growth_yoy": 0.5817929625469616,
      "rev_growth_yoy_accel": 0.13981194655665607,
      "op_leverage_ratio": 1.4660017099715907,
      "fcf_margin_change": 0.07122927459748492
    },
    {
      "date": "2022-06-30T00:00:00",
      "quarter_label": "2022-06 (Q2)",
      "revenue": 670134000,
      "gross_profit": null,
      "operating_income": -21052000,
      "net_income": -20649000,
      "opex": 691186000,
      "cogs": null,
      "rd": null,
      "sga": null,
      "fcf": -64718000,
      "ocf": -60263000,
      "capex": -4455000,
      "gross_margin": null,
      "op_margin": -0.03141461259986809,
      "fcf_margin": -0.09657471490776472,
      "incr_op_margin_yoy": 1.6200154225426164,
      "rev_growth_yoy": 0.34307233503555423,
      "rev_growth_yoy_accel": -0.23872062751140732,
      "op_leverage_ratio": 0.45159133565908005,
      "fcf_margin_change": -0.05482368765987086
    },
    {
      "date": "2022-09-30T00:00:00",
      "quarter_label": "2022-09 (Q3)",
      "revenue": 694858000,
      "gross_profit": null,
      "operating_income": -29518000,
      "net_income": -30668000,
      "opex": 724376000,
      "cogs": null,
      "rd": null,
      "sga": null,
      "fcf": -786000,
      "ocf": 2647000,
      "capex": -3433000,
      "gross_margin": null,
      "op_margin": -0.04248062194002228,
      "fcf_margin": -0.0011311663678046449,
      "incr_op_margin_yoy": 0.025748693094033735,
      "rev_growth_yoy": 0.5151293138223295,
      "rev_growth_yoy_accel": 0.17205697878677528,
      "op_leverage_ratio": 0.7683246424199801,
      "fcf_margin_change": 0.09544354853996007
    },
    {
      "date": "2022-12-31T00:00:00",
      "quarter_label": "2022-12 (Q4)",
      "revenue": 689774000,
      "gross_profit": null,
      "operating_income": -69118000,
      "net_income": -56466000,
      "opex": 758892000,
      "cogs": null,
      "rd": null,
      "sga": null,
      "fcf": -53448000,
      "ocf": -49959000,
      "capex": -3489000,
      "gross_margin": null,
      "op_margin": -0.1002038348792503,
      "fcf_margin": -0.07748624911927675,
      "incr_op_margin_yoy": -0.09363650788054018,
      "rev_growth_yoy": 0.4901595641259403,
      "rev_growth_yoy_accel": -0.02496974969638921,
      "fcf_margin_change": -0.0763550827514721
    },
    {
      "date": "2023-03-31T00:00:00",
      "quarter_label": "2023-03 (Q1)",
      "revenue": 1136147000,
      "gross_profit": null,
      "operating_income": 6261000,
      "net_income": 16022000,
      "opex": 1129886000,
      "cogs": null,
      "rd": null,
      "sga": null,
      "fcf": -64528000,
      "ocf": -60811000,
      "capex": -3717000,
      "gross_margin": null,
      "op_margin": 0.00551073056567504,
      "fcf_margin": -0.0567954674879219,
      "incr_op_margin_yoy": 0.014509987528537275,
      "rev_growth_yoy": 0.738703333868956,
      "rev_growth_yoy_accel": 0.24854376974301573,
      "op_leverage_ratio": 1.3237445521667617,
      "fcf_margin_change": 0.02069078163135485
    },
    {
      "date": "2023-06-30T00:00:00",
      "quarter_label": "2023-06 (Q2)",
      "revenue": 1149052000,
      "gross_profit": null,
      "operating_income": -29821000,
      "net_income": -16749000,
      "opex": 1178873000,
      "cogs": null,
      "rd": null,
      "sga": null,
      "fcf": -25298000,
      "ocf": -21204000,
      "capex": -4094000,
      "gross_margin": null,
      "op_margin": -0.025952698398331843,
      "fcf_margin": -0.02201641004932762,
      "incr_op_margin_yoy": -0.018310023845418213,
      "rev_growth_yoy": 0.714660053064014,
      "rev_growth_yoy_accel": -0.024043280804942002,
      "op_leverage_ratio": 0.26198550680894855,
      "fcf_margin_change": 0.03477905743859428
    },
    {
      "date": "2023-09-30T00:00:00",
      "quarter_label": "2023-09 (Q3)",
      "revenue": 1215660000,
      "gross_profit": null,
      "operating_income": -48971000,
      "net_income": -31436000,
      "opex": 1264631000,
      "cogs": null,
      "rd": null,
      "sga": null,
      "fcf": -17105000,
      "ocf": -13018000,
      "capex": -4087000,
      "gross_margin": null,
      "op_margin": -0.04028346741687643,
      "fcf_margin": -0.014070546040833786,
      "incr_op_margin_yoy": -0.03735200709674694,
      "rev_growth_yoy": 0.7495085326786193,
      "rev_growth_yoy_accel": 0.03484847961460524,
      "op_leverage_ratio": 0.796854606391428,
      "fcf_margin_change": 0.007945864008493833
    },
    {
      "date": "2023-12-31T00:00:00",
      "quarter_label": "2023-12 (Q4)",
      "revenue": 815504000,
      "gross_profit": null,
      "operating_income": -159602000,
      "net_income": -230433000,
      "opex": 975106000,
      "cogs": null,
      "rd": null,
      "sga": null,
      "fcf": -65098000,
      "ocf": -61166000,
      "capex": -3932000,
      "gross_margin": null,
      "op_margin": -0.19570964704035787,
      "fcf_margin": -0.07982548215582021,
      "incr_op_margin_yoy": -0.7196691322675575,
      "rev_growth_yoy": 0.18227709365676295,
      "rev_growth_yoy_accel": -0.5672314390218564,
      "fcf_margin_change": -0.06575493611498642
    },
    {
      "date": "2024-03-31T00:00:00",
      "quarter_label": "2024-03 (Q1)",
      "revenue": 1604354000,
      "gross_profit": null,
      "operating_income": -7178000,
      "net_income": -6064000,
      "opex": 1611532000,
      "cogs": null,
      "rd": null,
      "sga": null,
      "fcf": -50915000,
      "ocf": -47776000,
      "capex": -3139000,
      "gross_margin": null,
      "op_margin": -0.0044740749236141155,
      "fcf_margin": -0.03173551473053952,
      "incr_op_margin_yoy": -0.028703116356654214,
      "rev_growth_yoy": 0.4121007228818102,
      "rev_growth_yoy_accel": 0.22982362922504726,
      "op_leverage_ratio": 1.4820820567792428,
      "fcf_margin_change": 0.04808996742528069
    },
    {
      "date": "2024-06-30T00:00:00",
      "quarter_label": "2024-06 (Q2)",
      "revenue": 1482758000,
      "gross_profit": null,
      "operating_income": -43344000,
      "net_income": -30682000,
      "opex": 1526102000,
      "cogs": null,
      "rd": null,
      "sga": null,
      "fcf": -22029000,
      "ocf": -18717000,
      "capex": -3312000,
      "gross_margin": null,
      "op_margin": -0.029232012236656287,
      "fcf_margin": -0.014856773660975021,
      "incr_op_margin_yoy": -0.040523694509538334,
      "rev_growth_yoy": 0.29041853632385656,
      "rev_growth_yoy_accel": -0.12168218655795365,
      "fcf_margin_change": 0.016878741069564496
    },
    {
      "date": "2024-09-30T00:00:00",
      "quarter_label": "2024-09 (Q3)",
      "revenue": 1450932000,
      "gross_profit": null,
      "operating_income": -133508000,
      "net_income": -117615000,
      "opex": 1584440000,
      "cogs": null,
      "rd": null,
      "sga": null,
      "fcf": -11237000,
      "ocf": -7703000,
      "capex": -3534000,
      "gross_margin": null,
      "op_margin": -0.09201533910617452,
      "fcf_margin": -0.007744677214369798,
      "incr_op_margin_yoy": -0.3593160257064164,
      "rev_growth_yoy": 0.19353437638813484,
      "rev_growth_yoy_accel": -0.09688415993572172,
      "fcf_margin_change": 0.007112096446605223
    },
    {
      "date": "2024-12-31T00:00:00",
      "quarter_label": "2024-12 (Q4)",
      "revenue": 1522486000,
      "gross_profit": null,
      "operating_income": -108100000,
      "net_income": -105790000,
      "opex": 1630586000,
      "cogs": null,
      "rd": null,
      "sga": null,
      "fcf": 13153000,
      "ocf": 16419000,
      "capex": -3266000,
      "gross_margin": null,
      "op_margin": -0.07100229493079083,
      "fcf_margin": 0.008639159900320922,
      "incr_op_margin_yoy": 0.0728476821192053,
      "rev_growth_yoy": 0.866926465106241,
      "rev_growth_yoy_accel": 0.6733920887181062,
      "op_leverage_ratio": 1.6932792782560397,
      "fcf_margin_change": 0.01638383711469072
    },
    {
      "date": "2025-03-31T00:00:00",
      "quarter_label": "2025-03 (Q1)",
      "revenue": 1532782000,
      "gross_profit": null,
      "operating_income": -22110000,
      "net_income": 12112000,
      "opex": 1554892000,
      "cogs": null,
      "rd": null,
      "sga": null,
      "fcf": -35836000,
      "ocf": -31987000,
      "capex": -3849000,
      "gross_margin": null,
      "op_margin": -0.014424751856428377,
      "fcf_margin": -0.023379710878650716,
      "incr_op_margin_yoy": 0.20862907282177387,
      "rev_growth_yoy": -0.04461110203857752,
      "rev_growth_yoy_accel": -0.9115375671448186,
      "fcf_margin_change": -0.03201887077897164
    },
    {
      "date": "2025-06-30T00:00:00",
      "quarter_label": "2025-06 (Q2)",
      "revenue": 1394982000,
      "gross_profit": null,
      "operating_income": -116027000,
      "net_income": -104370000,
      "opex": 1511009000,
      "cogs": null,
      "rd": null,
      "sga": null,
      "fcf": -38335000,
      "ocf": -35085000,
      "capex": -3250000,
      "gross_margin": null,
      "op_margin": -0.08317454992250796,
      "fcf_margin": -0.027480641327271606,
      "incr_op_margin_yoy": 0.8280509478672986,
      "rev_growth_yoy": -0.05919779222233163,
      "rev_growth_yoy_accel": -0.014586690183754109,
      "fcf_margin_change": -0.00410093044862089
    },
    {
      "date": "2025-09-30T00:00:00",
      "quarter_label": "2025-09 (Q3)",
      "revenue": 1435321000,
      "gross_profit": null,
      "operating_income": -131274000,
      "net_income": -110207000,
      "opex": 1566595000,
      "cogs": null,
      "rd": null,
      "sga": null,
      "fcf": -21329000,
      "ocf": -18154000,
      "capex": -3175000,
      "gross_margin": null,
      "op_margin": -0.09145968044778834,
      "fcf_margin": -0.014860090530271626,
      "incr_op_margin_yoy": -0.1431042213823586,
      "rev_growth_yoy": -0.010759291269335848,
      "rev_growth_yoy_accel": 0.04843850095299578,
      "op_leverage_ratio": 0.7860644437326674,
      "fcf_margin_change": 0.01262055079699998
    }
  ],
  "signals": [
    {
      "quarter": "2025-03 (Q1)",
      "signal": "YoY REVENUE GROWTH DECELERATION",
      "detail": "YoY growth: -4.5% vs prior quarter YoY: +86.7% (decel: -91.2%)",
      "severity": "WARNING"
    },
    {
      "quarter": "2024-12 (Q4)",
      "signal": "FCF TURNED POSITIVE",
      "detail": "FCF margin: -0.8% -> +0.9%",
      "severity": "HIGH"
    },
    {
      "quarter": "2024-12 (Q4)",
      "signal": "OPERATING LEVERAGE",
      "detail": "Rev growth +4.9% vs OpEx growth +2.9% (leverage: 1.7x)",
      "severity": "MEDIUM"
    },
    {
      "quarter": "2024-12 (Q4)",
      "signal": "YoY REVENUE GROWTH ACCELERATION",
      "detail": "YoY growth: +86.7% vs prior quarter YoY: +19.4% (accel: +67.3%)",
      "severity": "HIGH"
    },
    {
      "quarter": "2024-09 (Q3)",
      "signal": "YoY REVENUE GROWTH DECELERATION",
      "detail": "YoY growth: +19.4% vs prior quarter YoY: +29.0% (decel: -9.7%)",
      "severity": "WARNING"
    },
    {
      "quarter": "2024-06 (Q2)",
      "signal": "YoY REVENUE GROWTH DECELERATION",
      "detail": "YoY growth: +29.0% vs prior quarter YoY: +41.2% (decel: -12.2%)",
      "severity": "WARNING"
    },
    {
      "quarter": "2024-03 (Q1)",
      "signal": "YoY REVENUE GROWTH ACCELERATION",
      "detail": "YoY growth: +41.2% vs prior quarter YoY: +18.2% (accel: +23.0%)",
      "severity": "HIGH"
    },
    {
      "quarter": "2023-12 (Q4)",
      "signal": "YoY REVENUE GROWTH DECELERATION",
      "detail": "YoY growth: +18.2% vs prior quarter YoY: +75.0% (decel: -56.7%)",
      "severity": "WARNING"
    },
    {
      "quarter": "2023-03 (Q1)",
      "signal": "YoY REVENUE GROWTH ACCELERATION",
      "detail": "YoY growth: +73.9% vs prior quarter YoY: +49.0% (accel: +24.9%)",
      "severity": "HIGH"
    },
    {
      "quarter": "2023-03 (Q1)",
      "signal": "OP MARGIN TURNED POSITIVE (YoY)",
      "detail": "Op margin: -0.1% (year-ago) -> +0.6%",
      "severity": "HIGH"
    },
    {
      "quarter": "2023-03 (Q1)",
      "signal": "OP MARGIN TURNED POSITIVE (QoQ)",
      "detail": "Op margin: -10.0% -> +0.6%",
      "severity": "HIGH"
    },
    {
      "quarter": "2022-09 (Q3)",
      "signal": "FCF MARGIN EXPANSION",
      "detail": "FCF margin: -9.7% -> -0.1% (+9.5%)",
      "severity": "MEDIUM"
    },
    {
      "quarter": "2022-09 (Q3)",
      "signal": "YoY REVENUE GROWTH ACCELERATION",
      "detail": "YoY growth: +51.5% vs prior quarter YoY: +34.3% (accel: +17.2%)",
      "severity": "HIGH"
    },
    {
      "quarter": "2022-06 (Q2)",
      "signal": "YoY REVENUE GROWTH DECELERATION",
      "detail": "YoY growth: +34.3% vs prior quarter YoY: +58.2% (decel: -23.9%)",
      "severity": "WARNING"
    },
    {
      "quarter": "2022-03 (Q1)",
      "signal": "FCF MARGIN EXPANSION",
      "detail": "FCF margin: -11.3% -> -4.2% (+7.1%)",
      "severity": "MEDIUM"
    },
    {
      "quarter": "2022-03 (Q1)",
      "signal": "YoY REVENUE GROWTH ACCELERATION",
      "detail": "YoY growth: +58.2% vs prior quarter YoY: +44.2% (accel: +14.0%)",
      "severity": "MEDIUM"
    },
    {
      "quarter": "2021-03 (Q1)",
      "signal": "OPERATING LEVERAGE",
      "detail": "Rev growth +28.7% vs OpEx growth +17.9% (leverage: 1.6x)",
      "severity": "MEDIUM"
    }
  ],
  "data_quality": {
    "n_quarters": 20,
    "coverage": {
      "revenue": [
        20,
        20
      ],
      "gross_profit": [
        0,
        20
      ],
      "op_income": [
        20,
        20
      ],
      "fcf": [
        20,
        20
      ]
    },
    "gaps": [],
    "warnings": [
      "gross_profit: no data"
    ]
  },
  "market_cap": null,
  "source": "SEC EDGAR",
  "last_updated": "2026-02-02T22:40:42.391246"
}