{
  "ticker": "AGO",
  "name": "ASSURED GUARANTY\u00a0LTD.",
  "quarters": [
    {
      "date": "2020-12-31T00:00:00",
      "quarter_label": "2020-12 (Q4)",
      "revenue": 379000000,
      "gross_profit": null,
      "operating_income": null,
      "net_income": 148000000,
      "opex": null,
      "cogs": null,
      "rd": null,
      "sga": null,
      "fcf": -189000000,
      "ocf": -189000000,
      "capex": null,
      "gross_margin": null,
      "op_margin": null,
      "fcf_margin": -0.49868073878627966
    },
    {
      "date": "2021-03-31T00:00:00",
      "quarter_label": "2021-03 (Q1)",
      "revenue": 177000000,
      "gross_profit": null,
      "operating_income": null,
      "net_income": 11000000,
      "opex": null,
      "cogs": null,
      "rd": null,
      "sga": null,
      "fcf": -466000000,
      "ocf": -466000000,
      "capex": null,
      "gross_margin": null,
      "op_margin": null,
      "fcf_margin": -2.632768361581921,
      "fcf_margin_change": -2.1340876227956413
    },
    {
      "date": "2021-06-30T00:00:00",
      "quarter_label": "2021-06 (Q2)",
      "revenue": 196000000,
      "gross_profit": null,
      "operating_income": null,
      "net_income": 98000000,
      "opex": null,
      "cogs": null,
      "rd": null,
      "sga": null,
      "fcf": -483000000,
      "ocf": -483000000,
      "capex": null,
      "gross_margin": null,
      "op_margin": null,
      "fcf_margin": -2.4642857142857144,
      "fcf_margin_change": 0.16848264729620643
    },
    {
      "date": "2021-09-30T00:00:00",
      "quarter_label": "2021-09 (Q3)",
      "revenue": 212000000,
      "gross_profit": null,
      "operating_income": null,
      "net_income": 17000000,
      "opex": null,
      "cogs": null,
      "rd": null,
      "sga": null,
      "fcf": -843000000,
      "ocf": -843000000,
      "capex": null,
      "gross_margin": null,
      "op_margin": null,
      "fcf_margin": -3.9764150943396226,
      "fcf_margin_change": -1.5121293800539082
    },
    {
      "date": "2021-12-31T00:00:00",
      "quarter_label": "2021-12 (Q4)",
      "revenue": 263000000,
      "gross_profit": null,
      "operating_income": null,
      "net_income": 263000000,
      "opex": null,
      "cogs": null,
      "rd": null,
      "sga": null,
      "fcf": -145000000,
      "ocf": -145000000,
      "capex": null,
      "gross_margin": null,
      "op_margin": null,
      "fcf_margin": -0.5513307984790875,
      "rev_growth_yoy": -0.30606860158311344,
      "fcf_margin_change": 3.425084295860535
    },
    {
      "date": "2022-03-31T00:00:00",
      "quarter_label": "2022-03 (Q1)",
      "revenue": 300000000,
      "gross_profit": null,
      "operating_income": null,
      "net_income": 66000000,
      "opex": null,
      "cogs": null,
      "rd": null,
      "sga": null,
      "fcf": -892000000,
      "ocf": -892000000,
      "capex": null,
      "gross_margin": null,
      "op_margin": null,
      "fcf_margin": -2.973333333333333,
      "rev_growth_yoy": 0.6949152542372882,
      "rev_growth_yoy_accel": 1.0009838558204016,
      "fcf_margin_change": -2.4220025348542458
    },
    {
      "date": "2022-06-30T00:00:00",
      "quarter_label": "2022-06 (Q2)",
      "revenue": 90000000,
      "gross_profit": null,
      "operating_income": null,
      "net_income": -47000000,
      "opex": null,
      "cogs": null,
      "rd": null,
      "sga": null,
      "fcf": -902000000,
      "ocf": -902000000,
      "capex": null,
      "gross_margin": null,
      "op_margin": null,
      "fcf_margin": -10.022222222222222,
      "rev_growth_yoy": -0.5408163265306123,
      "rev_growth_yoy_accel": -1.2357315807679004,
      "fcf_margin_change": -7.048888888888889
    },
    {
      "date": "2022-09-30T00:00:00",
      "quarter_label": "2022-09 (Q3)",
      "revenue": 41000000,
      "gross_profit": null,
      "operating_income": null,
      "net_income": 11000000,
      "opex": null,
      "cogs": null,
      "rd": null,
      "sga": null,
      "fcf": -54000000,
      "ocf": -54000000,
      "capex": null,
      "gross_margin": null,
      "op_margin": null,
      "fcf_margin": -1.3170731707317074,
      "rev_growth_yoy": -0.8066037735849056,
      "rev_growth_yoy_accel": -0.26578744705429336,
      "fcf_margin_change": 8.705149051490515
    },
    {
      "date": "2022-12-31T00:00:00",
      "quarter_label": "2022-12 (Q4)",
      "revenue": 292000000,
      "gross_profit": null,
      "operating_income": null,
      "net_income": 94000000,
      "opex": null,
      "cogs": null,
      "rd": null,
      "sga": null,
      "fcf": -631000000,
      "ocf": -631000000,
      "capex": null,
      "gross_margin": null,
      "op_margin": null,
      "fcf_margin": -2.160958904109589,
      "rev_growth_yoy": 0.11026615969581749,
      "rev_growth_yoy_accel": 0.9168699332807231,
      "fcf_margin_change": -0.8438857333778815
    },
    {
      "date": "2023-03-31T00:00:00",
      "quarter_label": "2023-03 (Q1)",
      "revenue": 283000000,
      "gross_profit": null,
      "operating_income": null,
      "net_income": 81000000,
      "opex": null,
      "cogs": null,
      "rd": null,
      "sga": null,
      "fcf": 312000000,
      "ocf": 312000000,
      "capex": null,
      "gross_margin": null,
      "op_margin": null,
      "fcf_margin": 1.1024734982332156,
      "rev_growth_yoy": -0.056666666666666664,
      "rev_growth_yoy_accel": -0.16693282636248416,
      "fcf_margin_change": 3.2634324023428043
    },
    {
      "date": "2023-06-30T00:00:00",
      "quarter_label": "2023-06 (Q2)",
      "revenue": 360000000,
      "gross_profit": null,
      "operating_income": null,
      "net_income": 125000000,
      "opex": null,
      "cogs": null,
      "rd": null,
      "sga": null,
      "fcf": 124000000,
      "ocf": 124000000,
      "capex": null,
      "gross_margin": null,
      "op_margin": null,
      "fcf_margin": 0.34444444444444444,
      "rev_growth_yoy": 3.0,
      "rev_growth_yoy_accel": 3.0566666666666666,
      "fcf_margin_change": -0.7580290537887712
    },
    {
      "date": "2023-09-30T00:00:00",
      "quarter_label": "2023-09 (Q3)",
      "revenue": 403000000,
      "gross_profit": null,
      "operating_income": null,
      "net_income": 157000000,
      "opex": null,
      "cogs": null,
      "rd": null,
      "sga": null,
      "fcf": -178000000,
      "ocf": -178000000,
      "capex": null,
      "gross_margin": null,
      "op_margin": null,
      "fcf_margin": -0.44168734491315137,
      "rev_growth_yoy": 8.829268292682928,
      "rev_growth_yoy_accel": 5.829268292682928,
      "fcf_margin_change": -0.7861317893575959
    },
    {
      "date": "2023-12-31T00:00:00",
      "quarter_label": "2023-12 (Q4)",
      "revenue": 327000000,
      "gross_profit": null,
      "operating_income": null,
      "net_income": 376000000,
      "opex": null,
      "cogs": null,
      "rd": null,
      "sga": null,
      "fcf": 203000000,
      "ocf": 203000000,
      "capex": null,
      "gross_margin": null,
      "op_margin": null,
      "fcf_margin": 0.6207951070336392,
      "rev_growth_yoy": 0.11986301369863013,
      "rev_growth_yoy_accel": -8.709405278984297,
      "fcf_margin_change": 1.0624824519467906
    },
    {
      "date": "2024-03-31T00:00:00",
      "quarter_label": "2024-03 (Q1)",
      "revenue": 245000000,
      "gross_profit": null,
      "operating_income": null,
      "net_income": 109000000,
      "opex": null,
      "cogs": null,
      "rd": null,
      "sga": null,
      "fcf": -74000000,
      "ocf": -74000000,
      "capex": null,
      "gross_margin": null,
      "op_margin": null,
      "fcf_margin": -0.3020408163265306,
      "rev_growth_yoy": -0.13427561837455831,
      "rev_growth_yoy_accel": -0.25413863207318843,
      "fcf_margin_change": -0.9228359233601697
    },
    {
      "date": "2024-06-30T00:00:00",
      "quarter_label": "2024-06 (Q2)",
      "revenue": 202000000,
      "gross_profit": null,
      "operating_income": null,
      "net_income": 78000000,
      "opex": null,
      "cogs": null,
      "rd": null,
      "sga": null,
      "fcf": 58000000,
      "ocf": 58000000,
      "capex": null,
      "gross_margin": null,
      "op_margin": null,
      "fcf_margin": 0.2871287128712871,
      "rev_growth_yoy": -0.4388888888888889,
      "rev_growth_yoy_accel": -0.30461327051433057,
      "fcf_margin_change": 0.5891695291978177
    },
    {
      "date": "2024-09-30T00:00:00",
      "quarter_label": "2024-09 (Q3)",
      "revenue": 269000000,
      "gross_profit": null,
      "operating_income": null,
      "net_income": 171000000,
      "opex": null,
      "cogs": null,
      "rd": null,
      "sga": null,
      "fcf": 17000000,
      "ocf": 17000000,
      "capex": null,
      "gross_margin": null,
      "op_margin": null,
      "fcf_margin": 0.06319702602230483,
      "rev_growth_yoy": -0.3325062034739454,
      "rev_growth_yoy_accel": 0.1063826854149435,
      "fcf_margin_change": -0.2239316868489823
    },
    {
      "date": "2024-12-31T00:00:00",
      "quarter_label": "2024-12 (Q4)",
      "revenue": 156000000,
      "gross_profit": null,
      "operating_income": null,
      "net_income": 18000000,
      "opex": null,
      "cogs": null,
      "rd": null,
      "sga": null,
      "fcf": 46000000,
      "ocf": 46000000,
      "capex": null,
      "gross_margin": null,
      "op_margin": null,
      "fcf_margin": 0.2948717948717949,
      "rev_growth_yoy": -0.5229357798165137,
      "rev_growth_yoy_accel": -0.19042957634256835,
      "fcf_margin_change": 0.23167476884949006
    },
    {
      "date": "2025-03-31T00:00:00",
      "quarter_label": "2025-03 (Q1)",
      "revenue": 345000000,
      "gross_profit": null,
      "operating_income": null,
      "net_income": 176000000,
      "opex": null,
      "cogs": null,
      "rd": null,
      "sga": null,
      "fcf": 87000000,
      "ocf": 87000000,
      "capex": null,
      "gross_margin": null,
      "op_margin": null,
      "fcf_margin": 0.25217391304347825,
      "rev_growth_yoy": 0.40816326530612246,
      "rev_growth_yoy_accel": 0.9310990451226362,
      "fcf_margin_change": -0.04269788182831663
    },
    {
      "date": "2025-06-30T00:00:00",
      "quarter_label": "2025-06 (Q2)",
      "revenue": 281000000,
      "gross_profit": null,
      "operating_income": null,
      "net_income": 103000000,
      "opex": null,
      "cogs": null,
      "rd": null,
      "sga": null,
      "fcf": 78000000,
      "ocf": 78000000,
      "capex": null,
      "gross_margin": null,
      "op_margin": null,
      "fcf_margin": 0.2775800711743772,
      "rev_growth_yoy": 0.3910891089108911,
      "rev_growth_yoy_accel": -0.017074156395231355,
      "fcf_margin_change": 0.02540615813089897
    },
    {
      "date": "2025-09-30T00:00:00",
      "quarter_label": "2025-09 (Q3)",
      "revenue": 207000000,
      "gross_profit": null,
      "operating_income": null,
      "net_income": 105000000,
      "opex": null,
      "cogs": null,
      "rd": null,
      "sga": null,
      "fcf": 55000000,
      "ocf": 55000000,
      "capex": null,
      "gross_margin": null,
      "op_margin": null,
      "fcf_margin": 0.26570048309178745,
      "rev_growth_yoy": -0.23048327137546468,
      "rev_growth_yoy_accel": -0.6215723802863558,
      "fcf_margin_change": -0.011879588082589765
    }
  ],
  "signals": [
    {
      "quarter": "2025-09 (Q3)",
      "signal": "YoY REVENUE GROWTH DECELERATION",
      "detail": "YoY growth: -23.0% vs prior quarter YoY: +39.1% (decel: -62.2%)",
      "severity": "WARNING"
    },
    {
      "quarter": "2025-03 (Q1)",
      "signal": "YoY REVENUE GROWTH ACCELERATION",
      "detail": "YoY growth: +40.8% vs prior quarter YoY: -52.3% (accel: +93.1%)",
      "severity": "HIGH"
    },
    {
      "quarter": "2024-12 (Q4)",
      "signal": "FCF MARGIN EXPANSION",
      "detail": "FCF margin: +6.3% -> +29.5% (+23.2%)",
      "severity": "MEDIUM"
    },
    {
      "quarter": "2024-12 (Q4)",
      "signal": "YoY REVENUE GROWTH DECELERATION",
      "detail": "YoY growth: -52.3% vs prior quarter YoY: -33.3% (decel: -19.0%)",
      "severity": "WARNING"
    },
    {
      "quarter": "2024-09 (Q3)",
      "signal": "YoY REVENUE GROWTH ACCELERATION",
      "detail": "YoY growth: -33.3% vs prior quarter YoY: -43.9% (accel: +10.6%)",
      "severity": "MEDIUM"
    },
    {
      "quarter": "2024-06 (Q2)",
      "signal": "FCF TURNED POSITIVE",
      "detail": "FCF margin: -30.2% -> +28.7%",
      "severity": "HIGH"
    },
    {
      "quarter": "2024-06 (Q2)",
      "signal": "YoY REVENUE GROWTH DECELERATION",
      "detail": "YoY growth: -43.9% vs prior quarter YoY: -13.4% (decel: -30.5%)",
      "severity": "WARNING"
    },
    {
      "quarter": "2024-03 (Q1)",
      "signal": "YoY REVENUE GROWTH DECELERATION",
      "detail": "YoY growth: -13.4% vs prior quarter YoY: +12.0% (decel: -25.4%)",
      "severity": "WARNING"
    },
    {
      "quarter": "2023-12 (Q4)",
      "signal": "FCF TURNED POSITIVE",
      "detail": "FCF margin: -44.2% -> +62.1%",
      "severity": "HIGH"
    },
    {
      "quarter": "2023-12 (Q4)",
      "signal": "YoY REVENUE GROWTH DECELERATION",
      "detail": "YoY growth: +12.0% vs prior quarter YoY: +882.9% (decel: -870.9%)",
      "severity": "WARNING"
    },
    {
      "quarter": "2023-09 (Q3)",
      "signal": "YoY REVENUE GROWTH ACCELERATION",
      "detail": "YoY growth: +882.9% vs prior quarter YoY: +300.0% (accel: +582.9%)",
      "severity": "HIGH"
    },
    {
      "quarter": "2023-06 (Q2)",
      "signal": "YoY REVENUE GROWTH ACCELERATION",
      "detail": "YoY growth: +300.0% vs prior quarter YoY: -5.7% (accel: +305.7%)",
      "severity": "HIGH"
    },
    {
      "quarter": "2023-03 (Q1)",
      "signal": "FCF TURNED POSITIVE",
      "detail": "FCF margin: -216.1% -> +110.2%",
      "severity": "HIGH"
    },
    {
      "quarter": "2023-03 (Q1)",
      "signal": "YoY REVENUE GROWTH DECELERATION",
      "detail": "YoY growth: -5.7% vs prior quarter YoY: +11.0% (decel: -16.7%)",
      "severity": "WARNING"
    },
    {
      "quarter": "2022-12 (Q4)",
      "signal": "YoY REVENUE GROWTH ACCELERATION",
      "detail": "YoY growth: +11.0% vs prior quarter YoY: -80.7% (accel: +91.7%)",
      "severity": "HIGH"
    },
    {
      "quarter": "2022-09 (Q3)",
      "signal": "FCF MARGIN EXPANSION",
      "detail": "FCF margin: -1002.2% -> -131.7% (+870.5%)",
      "severity": "MEDIUM"
    },
    {
      "quarter": "2022-09 (Q3)",
      "signal": "YoY REVENUE GROWTH DECELERATION",
      "detail": "YoY growth: -80.7% vs prior quarter YoY: -54.1% (decel: -26.6%)",
      "severity": "WARNING"
    },
    {
      "quarter": "2022-06 (Q2)",
      "signal": "YoY REVENUE GROWTH DECELERATION",
      "detail": "YoY growth: -54.1% vs prior quarter YoY: +69.5% (decel: -123.6%)",
      "severity": "WARNING"
    },
    {
      "quarter": "2022-03 (Q1)",
      "signal": "YoY REVENUE GROWTH ACCELERATION",
      "detail": "YoY growth: +69.5% vs prior quarter YoY: -30.6% (accel: +100.1%)",
      "severity": "HIGH"
    },
    {
      "quarter": "2021-12 (Q4)",
      "signal": "FCF MARGIN EXPANSION",
      "detail": "FCF margin: -397.6% -> -55.1% (+342.5%)",
      "severity": "MEDIUM"
    },
    {
      "quarter": "2021-06 (Q2)",
      "signal": "FCF MARGIN EXPANSION",
      "detail": "FCF margin: -263.3% -> -246.4% (+16.8%)",
      "severity": "MEDIUM"
    }
  ],
  "data_quality": {
    "n_quarters": 20,
    "coverage": {
      "revenue": [
        20,
        20
      ],
      "gross_profit": [
        0,
        20
      ],
      "op_income": [
        0,
        20
      ],
      "fcf": [
        20,
        20
      ]
    },
    "gaps": [],
    "warnings": [
      "gross_profit: no data",
      "op_income: no data"
    ]
  },
  "market_cap": null,
  "source": "SEC EDGAR",
  "last_updated": "2026-02-02T21:13:26.855242"
}