{
  "ticker": "AGSS",
  "name": "AMERIGUARD SECURITY SERVICES, INC.",
  "quarters": [
    {
      "date": "2013-03-31T00:00:00",
      "quarter_label": "2013-03 (Q1)",
      "revenue": 2156597,
      "gross_profit": 1171276,
      "operating_income": -298527,
      "net_income": null,
      "opex": 1469803,
      "cogs": 985321,
      "rd": 289,
      "sga": 1444085,
      "fcf": null,
      "ocf": null,
      "capex": -2770,
      "gross_margin": 0.5431130619211656,
      "op_margin": -0.1384250279491254,
      "fcf_margin": null
    },
    {
      "date": "2013-06-30T00:00:00",
      "quarter_label": "2013-06 (Q2)",
      "revenue": 2067464,
      "gross_profit": 1091832,
      "operating_income": -869012,
      "net_income": null,
      "opex": 1960844,
      "cogs": 975632,
      "rd": null,
      "sga": 1941675,
      "fcf": null,
      "ocf": null,
      "capex": -4962,
      "gross_margin": 0.5281020612692652,
      "op_margin": -0.4203275123532985,
      "fcf_margin": null
    },
    {
      "date": "2013-09-30T00:00:00",
      "quarter_label": "2013-09 (Q3)",
      "revenue": 1851377,
      "gross_profit": 762935,
      "operating_income": -2102207,
      "net_income": null,
      "opex": 2865142,
      "cogs": 1088442,
      "rd": null,
      "sga": 1898595,
      "fcf": null,
      "ocf": null,
      "capex": -8541,
      "gross_margin": 0.41209056826351415,
      "op_margin": -1.1354829405356122,
      "fcf_margin": null
    },
    {
      "date": "2013-12-31T00:00:00",
      "quarter_label": "2013-12 (Q4)",
      "revenue": 1235316,
      "gross_profit": 223066,
      "operating_income": -1528510,
      "net_income": null,
      "opex": 1751576,
      "cogs": 1012250,
      "rd": null,
      "sga": 1732179,
      "fcf": null,
      "ocf": null,
      "capex": 5969,
      "gross_margin": 0.18057403935511238,
      "op_margin": -1.2373433194421508,
      "fcf_margin": null
    },
    {
      "date": "2014-03-31T00:00:00",
      "quarter_label": "2014-03 (Q1)",
      "revenue": 1877398,
      "gross_profit": 737681,
      "operating_income": -1248752,
      "net_income": null,
      "opex": 1986433,
      "cogs": 1139717,
      "rd": null,
      "sga": 1966612,
      "fcf": null,
      "ocf": null,
      "capex": -4084,
      "gross_margin": 0.3929273387955031,
      "op_margin": -0.6651503836693126,
      "fcf_margin": null,
      "rev_growth_yoy": -0.1294627600798851,
      "op_leverage_ratio": 3.8764831943321436
    },
    {
      "date": "2014-06-30T00:00:00",
      "quarter_label": "2014-06 (Q2)",
      "revenue": 1517785,
      "gross_profit": 635177,
      "operating_income": -1245761,
      "net_income": 1990000,
      "opex": 1880938,
      "cogs": 882608,
      "rd": null,
      "sga": 1861052,
      "fcf": -992431,
      "ocf": -992431,
      "capex": null,
      "gross_margin": 0.4184894434982557,
      "op_margin": -0.8207756698083062,
      "fcf_margin": -0.6538679720777317,
      "rev_growth_yoy": -0.2658711348782857,
      "rev_growth_yoy_accel": -0.13640837479840057
    },
    {
      "date": "2020-06-30T00:00:00",
      "quarter_label": "2020-06 (Q2)",
      "revenue": 0,
      "gross_profit": null,
      "operating_income": null,
      "net_income": 0,
      "opex": 0,
      "cogs": null,
      "rd": null,
      "sga": 0,
      "fcf": null,
      "ocf": null,
      "capex": null,
      "gross_margin": null,
      "op_margin": null,
      "fcf_margin": null
    },
    {
      "date": "2020-09-30T00:00:00",
      "quarter_label": "2020-09 (Q3)",
      "revenue": 0,
      "gross_profit": null,
      "operating_income": null,
      "net_income": -21387,
      "opex": 21387,
      "cogs": null,
      "rd": null,
      "sga": 8104,
      "fcf": -21387,
      "ocf": -21387,
      "capex": null,
      "gross_margin": null,
      "op_margin": null,
      "fcf_margin": null
    },
    {
      "date": "2021-06-30T00:00:00",
      "quarter_label": "2021-06 (Q2)",
      "revenue": 0,
      "gross_profit": null,
      "operating_income": null,
      "net_income": -2847,
      "opex": 2847,
      "cogs": null,
      "rd": null,
      "sga": 2847,
      "fcf": null,
      "ocf": null,
      "capex": null,
      "gross_margin": null,
      "op_margin": null,
      "fcf_margin": null
    },
    {
      "date": "2021-09-30T00:00:00",
      "quarter_label": "2021-09 (Q3)",
      "revenue": 0,
      "gross_profit": null,
      "operating_income": null,
      "net_income": -9347,
      "opex": 9347,
      "cogs": null,
      "rd": null,
      "sga": 1028,
      "fcf": 0,
      "ocf": 0,
      "capex": null,
      "gross_margin": null,
      "op_margin": null,
      "fcf_margin": null
    },
    {
      "date": "2021-12-31T00:00:00",
      "quarter_label": "2021-12 (Q4)",
      "revenue": 22442513,
      "gross_profit": null,
      "operating_income": null,
      "net_income": -3940,
      "opex": 3940,
      "cogs": null,
      "rd": null,
      "sga": 2050,
      "fcf": 283947,
      "ocf": 283947,
      "capex": null,
      "gross_margin": null,
      "op_margin": null,
      "fcf_margin": 0.012652192737952296
    },
    {
      "date": "2022-03-31T00:00:00",
      "quarter_label": "2022-03 (Q1)",
      "revenue": 5775718,
      "gross_profit": 556966,
      "operating_income": -80825,
      "net_income": -19180,
      "opex": 19180,
      "cogs": 5218752,
      "rd": null,
      "sga": 2980,
      "fcf": -314771,
      "ocf": -314771,
      "capex": null,
      "gross_margin": 0.09643233966755302,
      "op_margin": -0.013993931144145195,
      "fcf_margin": -0.05449902505627872,
      "fcf_margin_change": -0.06715121779423101
    },
    {
      "date": "2022-12-31T00:00:00",
      "quarter_label": "2022-12 (Q4)",
      "revenue": 6156122,
      "gross_profit": 381882,
      "operating_income": -487791,
      "net_income": -389934,
      "opex": 3034262,
      "cogs": 5774240,
      "rd": null,
      "sga": null,
      "fcf": -296839,
      "ocf": -296839,
      "capex": null,
      "gross_margin": 0.06203288368878979,
      "op_margin": -0.07923673377493169,
      "fcf_margin": -0.04821850509135459,
      "rev_growth_yoy": -0.72569373135709,
      "op_leverage_ratio": 0.0004189754433627343,
      "fcf_margin_change": 0.006280519964924125
    },
    {
      "date": "2023-03-31T00:00:00",
      "quarter_label": "2023-03 (Q1)",
      "revenue": 6101100,
      "gross_profit": 585424,
      "operating_income": -374496,
      "net_income": -442996,
      "opex": 959920,
      "cogs": 5515676,
      "rd": null,
      "sga": null,
      "fcf": -1053444,
      "ocf": -1045976,
      "capex": -7468,
      "gross_margin": 0.09595384438871679,
      "op_margin": -0.06138171805084329,
      "fcf_margin": -0.17266460146530954,
      "rev_growth_yoy": 0.056336199239644315,
      "rev_growth_yoy_accel": 0.7820299305967343,
      "fcf_margin_change": -0.12444609637395496
    },
    {
      "date": "2023-09-30T00:00:00",
      "quarter_label": "2023-09 (Q3)",
      "revenue": 5561101,
      "gross_profit": 899452,
      "operating_income": -154505,
      "net_income": -208855,
      "opex": 1053957,
      "cogs": 4661649,
      "rd": null,
      "sga": null,
      "fcf": -1505359,
      "ocf": -1501019,
      "capex": -4340,
      "gross_margin": 0.1617399144521921,
      "op_margin": -0.0277831673979667,
      "fcf_margin": -0.2706944182455956,
      "fcf_margin_change": -0.09802981678028605
    },
    {
      "date": "2023-12-31T00:00:00",
      "quarter_label": "2023-12 (Q4)",
      "revenue": 8648226,
      "gross_profit": 930229,
      "operating_income": -618608,
      "net_income": -664398,
      "opex": 1548837,
      "cogs": 7717997,
      "rd": null,
      "sga": null,
      "fcf": -512318,
      "ocf": -512318,
      "capex": null,
      "gross_margin": 0.10756298459360336,
      "op_margin": -0.07153004558391513,
      "fcf_margin": -0.059239663718316335,
      "incr_op_margin_yoy": -0.052492592604482,
      "rev_growth_yoy": 0.4048171884832692,
      "op_leverage_ratio": 1.1822693260117028,
      "fcf_margin_change": 0.21145475452727924
    },
    {
      "date": "2024-03-31T00:00:00",
      "quarter_label": "2024-03 (Q1)",
      "revenue": 5884549,
      "gross_profit": 766878,
      "operating_income": -857244,
      "net_income": -849272,
      "opex": 1624122,
      "cogs": 5117671,
      "rd": null,
      "sga": null,
      "fcf": -607208,
      "ocf": -607208,
      "capex": null,
      "gross_margin": 0.1303206074076365,
      "op_margin": -0.14567709437035872,
      "fcf_margin": -0.10318683725804645,
      "rev_growth_yoy": -0.0354937634197112,
      "rev_growth_yoy_accel": -0.4403109519029804,
      "fcf_margin_change": -0.043947173539730114
    },
    {
      "date": "2024-09-30T00:00:00",
      "quarter_label": "2024-09 (Q3)",
      "revenue": 6979651,
      "gross_profit": 893517,
      "operating_income": -503307,
      "net_income": -493111,
      "opex": 1396824,
      "cogs": 6086134,
      "rd": null,
      "sga": null,
      "fcf": -81298,
      "ocf": -81298,
      "capex": null,
      "gross_margin": 0.12801743239024416,
      "op_margin": -0.07211062558858602,
      "fcf_margin": -0.01164786032997925,
      "incr_op_margin_yoy": -0.2458862923407705,
      "rev_growth_yoy": 0.2550843798736977,
      "rev_growth_yoy_accel": 0.2905781432934089,
      "op_leverage_ratio": Infinity,
      "fcf_margin_change": 0.0915389769280672
    },
    {
      "date": "2024-12-31T00:00:00",
      "quarter_label": "2024-12 (Q4)",
      "revenue": 7152711,
      "gross_profit": 389362,
      "operating_income": -1584301,
      "net_income": -554954,
      "opex": 1973663,
      "cogs": 6763349,
      "rd": null,
      "sga": null,
      "fcf": -902579,
      "ocf": -902579,
      "capex": null,
      "gross_margin": 0.05443558393453895,
      "op_margin": -0.22149657661269972,
      "fcf_margin": -0.12618698001359205,
      "incr_op_margin_yoy": 0.6457260542354974,
      "rev_growth_yoy": -0.1729273726195407,
      "rev_growth_yoy_accel": -0.4280117524932384,
      "op_leverage_ratio": 0.060041296988962864,
      "fcf_margin_change": -0.1145391196836128
    },
    {
      "date": "2025-03-31T00:00:00",
      "quarter_label": "2025-03 (Q1)",
      "revenue": 7178110,
      "gross_profit": 601379,
      "operating_income": -1325270,
      "net_income": -1439183,
      "opex": 1926649,
      "cogs": 6576731,
      "rd": null,
      "sga": null,
      "fcf": -1787370,
      "ocf": -1787370,
      "capex": null,
      "gross_margin": 0.0837795742890538,
      "op_margin": -0.18462659390842437,
      "fcf_margin": -0.24900287122933473,
      "incr_op_margin_yoy": -0.36181208307918994,
      "rev_growth_yoy": 0.21982330336615433,
      "rev_growth_yoy_accel": 0.392750675985695,
      "fcf_margin_change": -0.12281589121574268
    }
  ],
  "signals": [
    {
      "quarter": "2025-03 (Q1)",
      "signal": "GROSS MARGIN INFLECTION",
      "detail": "GM: +12.8% -> +5.4% -> +8.4% (reversal +2.9%)",
      "severity": "MEDIUM"
    },
    {
      "quarter": "2025-03 (Q1)",
      "signal": "YoY REVENUE GROWTH ACCELERATION",
      "detail": "YoY growth: +22.0% vs prior quarter YoY: -17.3% (accel: +39.3%)",
      "severity": "HIGH"
    },
    {
      "quarter": "2024-12 (Q4)",
      "signal": "YoY REVENUE GROWTH DECELERATION",
      "detail": "YoY growth: -17.3% vs prior quarter YoY: +25.5% (decel: -42.8%)",
      "severity": "WARNING"
    },
    {
      "quarter": "2024-09 (Q3)",
      "signal": "FCF MARGIN EXPANSION",
      "detail": "FCF margin: -10.3% -> -1.2% (+9.2%)",
      "severity": "MEDIUM"
    },
    {
      "quarter": "2024-09 (Q3)",
      "signal": "YoY REVENUE GROWTH ACCELERATION",
      "detail": "YoY growth: +25.5% vs prior quarter YoY: -3.5% (accel: +29.1%)",
      "severity": "HIGH"
    },
    {
      "quarter": "2024-03 (Q1)",
      "signal": "GROSS MARGIN INFLECTION",
      "detail": "GM: +16.2% -> +10.8% -> +13.0% (reversal +2.3%)",
      "severity": "MEDIUM"
    },
    {
      "quarter": "2024-03 (Q1)",
      "signal": "YoY REVENUE GROWTH DECELERATION",
      "detail": "YoY growth: -3.5% vs prior quarter YoY: +40.5% (decel: -44.0%)",
      "severity": "WARNING"
    },
    {
      "quarter": "2023-12 (Q4)",
      "signal": "FCF MARGIN EXPANSION",
      "detail": "FCF margin: -27.1% -> -5.9% (+21.1%)",
      "severity": "MEDIUM"
    },
    {
      "quarter": "2023-03 (Q1)",
      "signal": "GROSS MARGIN INFLECTION",
      "detail": "GM: +9.6% -> +6.2% -> +9.6% (reversal +3.4%)",
      "severity": "MEDIUM"
    },
    {
      "quarter": "2023-03 (Q1)",
      "signal": "YoY REVENUE GROWTH ACCELERATION",
      "detail": "YoY growth: +5.6% vs prior quarter YoY: -72.6% (accel: +78.2%)",
      "severity": "HIGH"
    },
    {
      "quarter": "2014-06 (Q2)",
      "signal": "YoY REVENUE GROWTH DECELERATION",
      "detail": "YoY growth: -26.6% vs prior quarter YoY: -12.9% (decel: -13.6%)",
      "severity": "WARNING"
    },
    {
      "quarter": "2014-03 (Q1)",
      "signal": "OPERATING LEVERAGE",
      "detail": "Rev growth +52.0% vs OpEx growth +13.4% (leverage: 3.9x)",
      "severity": "MEDIUM"
    },
    {
      "quarter": "2014-03 (Q1)",
      "signal": "GROSS MARGIN INFLECTION",
      "detail": "GM: +41.2% -> +18.1% -> +39.3% (reversal +21.2%)",
      "severity": "HIGH"
    }
  ],
  "data_quality": {
    "n_quarters": 20,
    "coverage": {
      "revenue": [
        20,
        20
      ],
      "gross_profit": [
        15,
        20
      ],
      "op_income": [
        15,
        20
      ],
      "fcf": [
        13,
        20
      ]
    },
    "gaps": [
      [
        "2014-06 (Q2)",
        "2020-06 (Q2)",
        2192
      ],
      [
        "2020-09 (Q3)",
        "2021-06 (Q2)",
        273
      ],
      [
        "2022-03 (Q1)",
        "2022-12 (Q4)",
        275
      ],
      [
        "2023-03 (Q1)",
        "2023-09 (Q3)",
        183
      ],
      [
        "2024-03 (Q1)",
        "2024-09 (Q3)",
        183
      ]
    ],
    "warnings": [
      "gross_profit: 15/20Q",
      "op_income: 15/20Q",
      "fcf: 13/20Q",
      "gap: 23Q missing between 2014-06 (Q2) and 2020-06 (Q2)",
      "gap: 2Q missing between 2020-09 (Q3) and 2021-06 (Q2)",
      "gap: 2Q missing between 2022-03 (Q1) and 2022-12 (Q4)",
      "gap: 1Q missing between 2023-03 (Q1) and 2023-09 (Q3)",
      "gap: 1Q missing between 2024-03 (Q1) and 2024-09 (Q3)"
    ]
  },
  "market_cap": null,
  "source": "SEC EDGAR",
  "last_updated": "2026-02-03T00:29:31.938743"
}