{
  "ticker": "AHH-PA",
  "name": "ARMADA HOFFLER PROPERTIES, INC.",
  "quarters": [
    {
      "date": "2020-12-31T00:00:00",
      "quarter_label": "2020-12 (Q4)",
      "revenue": 98511000,
      "gross_profit": 30577000,
      "operating_income": 8678000,
      "net_income": 4249000,
      "opex": 89833000,
      "cogs": null,
      "rd": null,
      "sga": null,
      "fcf": 23412000,
      "ocf": 23412000,
      "capex": null,
      "gross_margin": 0.31039173290292454,
      "op_margin": 0.08809168519251658,
      "fcf_margin": 0.23765873861802236
    },
    {
      "date": "2021-03-31T00:00:00",
      "quarter_label": "2021-03 (Q1)",
      "revenue": 81304000,
      "gross_profit": 30891000,
      "operating_income": 9222000,
      "net_income": 5198000,
      "opex": 75799000,
      "cogs": null,
      "rd": null,
      "sga": null,
      "fcf": 8135000,
      "ocf": 8135000,
      "capex": null,
      "gross_margin": 0.37994440617927777,
      "op_margin": 0.11342615369477517,
      "fcf_margin": 0.10005657778215094,
      "fcf_margin_change": -0.13760216083587143
    },
    {
      "date": "2021-06-30T00:00:00",
      "quarter_label": "2021-06 (Q2)",
      "revenue": 65786000,
      "gross_profit": 30898000,
      "operating_income": 9733000,
      "net_income": 7026000,
      "opex": 56053000,
      "cogs": null,
      "rd": null,
      "sga": null,
      "fcf": 32505000,
      "ocf": 32505000,
      "capex": null,
      "gross_margin": 0.46967439880825707,
      "op_margin": 0.1479494117289393,
      "fcf_margin": 0.49410208859027754,
      "fcf_margin_change": 0.3940455108081266
    },
    {
      "date": "2021-09-30T00:00:00",
      "quarter_label": "2021-09 (Q3)",
      "revenue": 67062000,
      "gross_profit": 32858000,
      "operating_income": 12124000,
      "net_income": 6511000,
      "opex": 54825000,
      "cogs": null,
      "rd": null,
      "sga": null,
      "fcf": 28582000,
      "ocf": 28582000,
      "capex": null,
      "gross_margin": 0.48996451045301365,
      "op_margin": 0.18078792758939488,
      "fcf_margin": 0.42620261847245833,
      "op_leverage_ratio": Infinity,
      "fcf_margin_change": -0.06789947011781922
    },
    {
      "date": "2021-12-31T00:00:00",
      "quarter_label": "2021-12 (Q4)",
      "revenue": 69924000,
      "gross_profit": 32983000,
      "operating_income": 9616000,
      "net_income": 3157000,
      "opex": 75744000,
      "cogs": null,
      "rd": null,
      "sga": null,
      "fcf": 21962000,
      "ocf": 21962000,
      "capex": null,
      "gross_margin": 0.47169784337280474,
      "op_margin": 0.13752073679995425,
      "fcf_margin": 0.3140838624792632,
      "incr_op_margin_yoy": -0.03281211739601917,
      "rev_growth_yoy": -0.2901909431434053,
      "op_leverage_ratio": 0.11184867625700948,
      "fcf_margin_change": -0.11211875599319515
    },
    {
      "date": "2022-03-31T00:00:00",
      "quarter_label": "2022-03 (Q1)",
      "revenue": 79285000,
      "gross_profit": 37391000,
      "operating_income": 13790000,
      "net_income": 9993000,
      "opex": 65495000,
      "cogs": null,
      "rd": null,
      "sga": null,
      "fcf": 30582000,
      "ocf": 30582000,
      "capex": null,
      "gross_margin": 0.4716024468688907,
      "op_margin": 0.17392949486031406,
      "fcf_margin": 0.3857223938954405,
      "incr_op_margin_yoy": -2.2625061911837543,
      "rev_growth_yoy": -0.02483272655711896,
      "rev_growth_yoy_accel": 0.26535821658628633,
      "op_leverage_ratio": Infinity,
      "fcf_margin_change": 0.07163853141617732
    },
    {
      "date": "2022-06-30T00:00:00",
      "quarter_label": "2022-06 (Q2)",
      "revenue": 100497000,
      "gross_profit": 38557000,
      "operating_income": 35063000,
      "net_income": 24160000,
      "opex": 84927000,
      "cogs": null,
      "rd": null,
      "sga": null,
      "fcf": 19825000,
      "ocf": 19825000,
      "capex": null,
      "gross_margin": 0.38366319392618686,
      "op_margin": 0.34889598694488394,
      "fcf_margin": 0.19726957023592745,
      "incr_op_margin_yoy": 0.7297398519201406,
      "rev_growth_yoy": 0.5276350591311221,
      "rev_growth_yoy_accel": 0.5524677856882411,
      "op_leverage_ratio": 0.9017397877224691,
      "fcf_margin_change": -0.18845282365951305
    },
    {
      "date": "2022-09-30T00:00:00",
      "quarter_label": "2022-09 (Q3)",
      "revenue": 122767000,
      "gross_profit": 38314000,
      "operating_income": 50586000,
      "net_income": 28877000,
      "opex": 106112000,
      "cogs": null,
      "rd": null,
      "sga": null,
      "fcf": 27860000,
      "ocf": 27860000,
      "capex": null,
      "gross_margin": 0.31208712439010483,
      "op_margin": 0.41204884048644996,
      "fcf_margin": 0.22693394804792819,
      "incr_op_margin_yoy": 0.6904586661879544,
      "rev_growth_yoy": 0.8306492499478095,
      "rev_growth_yoy_accel": 0.30301419081668746,
      "op_leverage_ratio": 0.8883506701220542,
      "fcf_margin_change": 0.029664377812000736
    },
    {
      "date": "2022-12-31T00:00:00",
      "quarter_label": "2022-12 (Q4)",
      "revenue": 151604000,
      "gross_profit": 39934000,
      "operating_income": 17995000,
      "net_income": 11717000,
      "opex": 133651000,
      "cogs": null,
      "rd": null,
      "sga": null,
      "fcf": 38591000,
      "ocf": 38591000,
      "capex": null,
      "gross_margin": 0.26340993641328725,
      "op_margin": 0.11869739584707527,
      "fcf_margin": 0.2545513310994433,
      "incr_op_margin_yoy": 0.10258325171400588,
      "rev_growth_yoy": 1.1681253932841371,
      "rev_growth_yoy_accel": 0.3374761433363276,
      "op_leverage_ratio": 0.905075415336792,
      "fcf_margin_change": 0.027617383051515093
    },
    {
      "date": "2023-03-31T00:00:00",
      "quarter_label": "2023-03 (Q1)",
      "revenue": 144175000,
      "gross_profit": 43353000,
      "operating_income": 20338000,
      "net_income": 4709000,
      "opex": 123837000,
      "cogs": null,
      "rd": null,
      "sga": null,
      "fcf": 13055000,
      "ocf": 13055000,
      "capex": null,
      "gross_margin": 0.30069706953355296,
      "op_margin": 0.14106467834229236,
      "fcf_margin": 0.09054967920929426,
      "incr_op_margin_yoy": 0.10090923100631838,
      "rev_growth_yoy": 0.8184398057640159,
      "rev_growth_yoy_accel": -0.34968558752012124,
      "fcf_margin_change": -0.16400165189014904
    },
    {
      "date": "2023-06-30T00:00:00",
      "quarter_label": "2023-06 (Q2)",
      "revenue": 165939000,
      "gross_profit": 46563000,
      "operating_income": 23777000,
      "net_income": 11863000,
      "opex": 142673000,
      "cogs": null,
      "rd": null,
      "sga": null,
      "fcf": 27406000,
      "ocf": 27406000,
      "capex": null,
      "gross_margin": 0.2806031131921971,
      "op_margin": 0.1432875936338052,
      "fcf_margin": 0.16515707579291186,
      "incr_op_margin_yoy": -0.17245805446043824,
      "rev_growth_yoy": 0.6511836174214156,
      "rev_growth_yoy_accel": -0.16725618834260025,
      "op_leverage_ratio": 0.9924542546484577,
      "fcf_margin_change": 0.0746073965836176
    },
    {
      "date": "2023-09-30T00:00:00",
      "quarter_label": "2023-09 (Q3)",
      "revenue": 166011000,
      "gross_profit": 48371000,
      "operating_income": 22342000,
      "net_income": 6940000,
      "opex": 143896000,
      "cogs": null,
      "rd": null,
      "sga": null,
      "fcf": 37829000,
      "ocf": 37829000,
      "capex": null,
      "gross_margin": 0.2913722584648005,
      "op_margin": 0.13458144339832903,
      "fcf_margin": 0.2278704423200872,
      "incr_op_margin_yoy": -0.6531310702062714,
      "rev_growth_yoy": 0.3522444956706607,
      "rev_growth_yoy_accel": -0.29893912175075493,
      "fcf_margin_change": 0.06271336652717535
    },
    {
      "date": "2023-12-31T00:00:00",
      "quarter_label": "2023-12 (Q4)",
      "revenue": 191033000,
      "gross_profit": 45703000,
      "operating_income": 7130000,
      "net_income": -15225000,
      "opex": 183903000,
      "cogs": null,
      "rd": null,
      "sga": null,
      "fcf": 15024000,
      "ocf": 15024000,
      "capex": null,
      "gross_margin": 0.23924138761365837,
      "op_margin": 0.037323394387357156,
      "fcf_margin": 0.07864609779462187,
      "incr_op_margin_yoy": -0.2755585990007355,
      "rev_growth_yoy": 0.260078889739057,
      "rev_growth_yoy_accel": -0.09216560593160367,
      "op_leverage_ratio": 0.5421230706471908,
      "fcf_margin_change": -0.14922434452546535
    },
    {
      "date": "2024-03-31T00:00:00",
      "quarter_label": "2024-03 (Q1)",
      "revenue": 193482000,
      "gross_profit": 48096000,
      "operating_income": 23350000,
      "net_income": 14073000,
      "opex": 170132000,
      "cogs": null,
      "rd": null,
      "sga": null,
      "fcf": 46486000,
      "ocf": 46486000,
      "capex": null,
      "gross_margin": 0.24858126337333705,
      "op_margin": 0.12068306095657477,
      "fcf_margin": 0.240260075872691,
      "incr_op_margin_yoy": 0.061086661123167095,
      "rev_growth_yoy": 0.34199410438702965,
      "rev_growth_yoy_accel": 0.08191521464797263,
      "op_leverage_ratio": Infinity,
      "fcf_margin_change": 0.16161397807806913
    },
    {
      "date": "2024-06-30T00:00:00",
      "quarter_label": "2024-06 (Q2)",
      "revenue": 184736000,
      "gross_profit": 48830000,
      "operating_income": 18555000,
      "net_income": 3172000,
      "opex": 166181000,
      "cogs": null,
      "rd": null,
      "sga": null,
      "fcf": 17394000,
      "ocf": 17394000,
      "capex": null,
      "gross_margin": 0.2643231422137537,
      "op_margin": 0.10044062878919106,
      "fcf_margin": 0.09415598475662568,
      "incr_op_margin_yoy": -0.27781028887588444,
      "rev_growth_yoy": 0.11327656548490711,
      "rev_growth_yoy_accel": -0.22871753890212254,
      "fcf_margin_change": -0.14610409111606532
    },
    {
      "date": "2024-09-30T00:00:00",
      "quarter_label": "2024-09 (Q3)",
      "revenue": 187652000,
      "gross_profit": 51476000,
      "operating_income": 24956000,
      "net_income": -5038000,
      "opex": 162696000,
      "cogs": null,
      "rd": null,
      "sga": null,
      "fcf": 27337000,
      "ocf": 27337000,
      "capex": null,
      "gross_margin": 0.2743162875961887,
      "op_margin": 0.13299085541321168,
      "fcf_margin": 0.1456792360326562,
      "incr_op_margin_yoy": 0.12078924264128275,
      "rev_growth_yoy": 0.13035883164368625,
      "rev_growth_yoy_accel": 0.01708226615877914,
      "op_leverage_ratio": Infinity,
      "fcf_margin_change": 0.051523251276030524
    },
    {
      "date": "2024-12-31T00:00:00",
      "quarter_label": "2024-12 (Q4)",
      "revenue": 142600000,
      "gross_profit": null,
      "operating_income": 39682000,
      "net_income": 23438000,
      "opex": 124223000,
      "cogs": null,
      "rd": null,
      "sga": null,
      "fcf": 20803000,
      "ocf": 20803000,
      "capex": null,
      "gross_margin": null,
      "op_margin": 0.2782748948106592,
      "fcf_margin": 0.1458835904628331,
      "incr_op_margin_yoy": -0.6721037309272604,
      "rev_growth_yoy": -0.2535321122528568,
      "rev_growth_yoy_accel": -0.3838909438965431,
      "fcf_margin_change": 0.0002043544301769118
    },
    {
      "date": "2025-03-31T00:00:00",
      "quarter_label": "2025-03 (Q1)",
      "revenue": 114643000,
      "gross_profit": null,
      "operating_income": 17176000,
      "net_income": -2805000,
      "opex": 97467000,
      "cogs": null,
      "rd": null,
      "sga": null,
      "fcf": 107000,
      "ocf": 107000,
      "capex": null,
      "gross_margin": null,
      "op_margin": 0.14982162015997488,
      "fcf_margin": 0.0009333321703025915,
      "incr_op_margin_yoy": 0.07831149557959893,
      "rev_growth_yoy": -0.40747459712014555,
      "rev_growth_yoy_accel": -0.15394248486728873,
      "fcf_margin_change": -0.14495025829253053
    },
    {
      "date": "2025-06-30T00:00:00",
      "quarter_label": "2025-06 (Q2)",
      "revenue": 101263000,
      "gross_profit": null,
      "operating_income": 19968000,
      "net_income": 5949000,
      "opex": 81295000,
      "cogs": null,
      "rd": null,
      "sga": null,
      "fcf": 11103000,
      "ocf": 11103000,
      "capex": null,
      "gross_margin": null,
      "op_margin": 0.19718949665721933,
      "fcf_margin": 0.1096451813594304,
      "incr_op_margin_yoy": -0.016927629293304422,
      "rev_growth_yoy": -0.4518502078641954,
      "rev_growth_yoy_accel": -0.04437561074404983,
      "fcf_margin_change": 0.10871184918912781
    },
    {
      "date": "2025-09-30T00:00:00",
      "quarter_label": "2025-09 (Q3)",
      "revenue": 96082000,
      "gross_profit": null,
      "operating_income": 23264000,
      "net_income": 80000,
      "opex": 72818000,
      "cogs": null,
      "rd": null,
      "sga": null,
      "fcf": 26290000,
      "ocf": 26290000,
      "capex": null,
      "gross_margin": null,
      "op_margin": 0.24212651693345266,
      "fcf_margin": 0.27362044919964196,
      "incr_op_margin_yoy": 0.01847766735830512,
      "rev_growth_yoy": -0.4879777460405431,
      "rev_growth_yoy_accel": -0.03612753817634773,
      "fcf_margin_change": 0.16397526784021155
    }
  ],
  "signals": [
    {
      "quarter": "2025-09 (Q3)",
      "signal": "FCF MARGIN EXPANSION",
      "detail": "FCF margin: +11.0% -> +27.4% (+16.4%)",
      "severity": "MEDIUM"
    },
    {
      "quarter": "2025-06 (Q2)",
      "signal": "FCF MARGIN EXPANSION",
      "detail": "FCF margin: +0.1% -> +11.0% (+10.9%)",
      "severity": "MEDIUM"
    },
    {
      "quarter": "2025-03 (Q1)",
      "signal": "YoY REVENUE GROWTH DECELERATION",
      "detail": "YoY growth: -40.7% vs prior quarter YoY: -25.4% (decel: -15.4%)",
      "severity": "WARNING"
    },
    {
      "quarter": "2024-12 (Q4)",
      "signal": "YoY REVENUE GROWTH DECELERATION",
      "detail": "YoY growth: -25.4% vs prior quarter YoY: +13.0% (decel: -38.4%)",
      "severity": "WARNING"
    },
    {
      "quarter": "2024-09 (Q3)",
      "signal": "FCF MARGIN EXPANSION",
      "detail": "FCF margin: +9.4% -> +14.6% (+5.2%)",
      "severity": "MEDIUM"
    },
    {
      "quarter": "2024-06 (Q2)",
      "signal": "YoY REVENUE GROWTH DECELERATION",
      "detail": "YoY growth: +11.3% vs prior quarter YoY: +34.2% (decel: -22.9%)",
      "severity": "WARNING"
    },
    {
      "quarter": "2024-03 (Q1)",
      "signal": "FCF MARGIN EXPANSION",
      "detail": "FCF margin: +7.9% -> +24.0% (+16.2%)",
      "severity": "MEDIUM"
    },
    {
      "quarter": "2024-03 (Q1)",
      "signal": "YoY REVENUE GROWTH ACCELERATION",
      "detail": "YoY growth: +34.2% vs prior quarter YoY: +26.0% (accel: +8.2%)",
      "severity": "MEDIUM"
    },
    {
      "quarter": "2023-12 (Q4)",
      "signal": "YoY REVENUE GROWTH DECELERATION",
      "detail": "YoY growth: +26.0% vs prior quarter YoY: +35.2% (decel: -9.2%)",
      "severity": "WARNING"
    },
    {
      "quarter": "2023-09 (Q3)",
      "signal": "FCF MARGIN EXPANSION",
      "detail": "FCF margin: +16.5% -> +22.8% (+6.3%)",
      "severity": "MEDIUM"
    },
    {
      "quarter": "2023-09 (Q3)",
      "signal": "YoY REVENUE GROWTH DECELERATION",
      "detail": "YoY growth: +35.2% vs prior quarter YoY: +65.1% (decel: -29.9%)",
      "severity": "WARNING"
    },
    {
      "quarter": "2023-06 (Q2)",
      "signal": "FCF MARGIN EXPANSION",
      "detail": "FCF margin: +9.1% -> +16.5% (+7.5%)",
      "severity": "MEDIUM"
    },
    {
      "quarter": "2023-06 (Q2)",
      "signal": "YoY REVENUE GROWTH DECELERATION",
      "detail": "YoY growth: +65.1% vs prior quarter YoY: +81.8% (decel: -16.7%)",
      "severity": "WARNING"
    },
    {
      "quarter": "2023-03 (Q1)",
      "signal": "GROSS MARGIN INFLECTION",
      "detail": "GM: +31.2% -> +26.3% -> +30.1% (reversal +3.7%)",
      "severity": "MEDIUM"
    },
    {
      "quarter": "2023-03 (Q1)",
      "signal": "YoY REVENUE GROWTH DECELERATION",
      "detail": "YoY growth: +81.8% vs prior quarter YoY: +116.8% (decel: -35.0%)",
      "severity": "WARNING"
    },
    {
      "quarter": "2022-12 (Q4)",
      "signal": "YoY REVENUE GROWTH ACCELERATION",
      "detail": "YoY growth: +116.8% vs prior quarter YoY: +83.1% (accel: +33.7%)",
      "severity": "HIGH"
    },
    {
      "quarter": "2022-09 (Q3)",
      "signal": "YoY REVENUE GROWTH ACCELERATION",
      "detail": "YoY growth: +83.1% vs prior quarter YoY: +52.8% (accel: +30.3%)",
      "severity": "HIGH"
    },
    {
      "quarter": "2022-09 (Q3)",
      "signal": "INCREMENTAL MARGIN (YoY)",
      "detail": "YoY Incr OPM: +69.0% vs year-ago OPM: +18.1%",
      "severity": "HIGH"
    },
    {
      "quarter": "2022-06 (Q2)",
      "signal": "YoY REVENUE GROWTH ACCELERATION",
      "detail": "YoY growth: +52.8% vs prior quarter YoY: -2.5% (accel: +55.2%)",
      "severity": "HIGH"
    },
    {
      "quarter": "2022-06 (Q2)",
      "signal": "INCREMENTAL MARGIN (YoY)",
      "detail": "YoY Incr OPM: +73.0% vs year-ago OPM: +14.8%",
      "severity": "HIGH"
    },
    {
      "quarter": "2022-03 (Q1)",
      "signal": "FCF MARGIN EXPANSION",
      "detail": "FCF margin: +31.4% -> +38.6% (+7.2%)",
      "severity": "MEDIUM"
    },
    {
      "quarter": "2022-03 (Q1)",
      "signal": "YoY REVENUE GROWTH ACCELERATION",
      "detail": "YoY growth: -2.5% vs prior quarter YoY: -29.0% (accel: +26.5%)",
      "severity": "HIGH"
    },
    {
      "quarter": "2021-06 (Q2)",
      "signal": "FCF MARGIN EXPANSION",
      "detail": "FCF margin: +10.0% -> +49.4% (+39.4%)",
      "severity": "MEDIUM"
    }
  ],
  "data_quality": {
    "n_quarters": 20,
    "coverage": {
      "revenue": [
        20,
        20
      ],
      "gross_profit": [
        16,
        20
      ],
      "op_income": [
        20,
        20
      ],
      "fcf": [
        20,
        20
      ]
    },
    "gaps": [],
    "warnings": []
  },
  "market_cap": null,
  "source": "SEC EDGAR",
  "last_updated": "2026-02-03T00:56:44.220166"
}