{
  "ticker": "AHL",
  "name": "Aspen Insurance Holdings Limited",
  "quarters": [
    {
      "date": "2014-06-30T00:00:00",
      "quarter_label": "2014-06 (Q2)",
      "revenue": 700100000,
      "gross_profit": null,
      "operating_income": null,
      "net_income": 130800000,
      "opex": null,
      "cogs": null,
      "rd": null,
      "sga": 108800000,
      "fcf": 96000000,
      "ocf": 96000000,
      "capex": null,
      "gross_margin": null,
      "op_margin": null,
      "fcf_margin": 0.1371232681045565
    },
    {
      "date": "2014-09-30T00:00:00",
      "quarter_label": "2014-09 (Q3)",
      "revenue": 660500000,
      "gross_profit": null,
      "operating_income": null,
      "net_income": 37400000,
      "opex": null,
      "cogs": null,
      "rd": null,
      "sga": 119800000,
      "fcf": 172200000,
      "ocf": 172200000,
      "capex": null,
      "gross_margin": null,
      "op_margin": null,
      "fcf_margin": 0.2607115821347464,
      "fcf_margin_change": 0.12358831403018988
    },
    {
      "date": "2014-12-31T00:00:00",
      "quarter_label": "2014-12 (Q4)",
      "revenue": 651300000,
      "gross_profit": null,
      "operating_income": null,
      "net_income": 67200000,
      "opex": null,
      "cogs": null,
      "rd": null,
      "sga": 121500000,
      "fcf": 127300000,
      "ocf": 127300000,
      "capex": null,
      "gross_margin": null,
      "op_margin": null,
      "fcf_margin": 0.19545524335943498,
      "fcf_margin_change": -0.0652563387753114
    },
    {
      "date": "2015-03-31T00:00:00",
      "quarter_label": "2015-03 (Q1)",
      "revenue": 702300000,
      "gross_profit": null,
      "operating_income": null,
      "net_income": 128000000,
      "opex": null,
      "cogs": null,
      "rd": null,
      "sga": 102200000,
      "fcf": 72000000,
      "ocf": 72000000,
      "capex": null,
      "gross_margin": null,
      "op_margin": null,
      "fcf_margin": 0.10252029047415634,
      "fcf_margin_change": -0.09293495288527864
    },
    {
      "date": "2015-06-30T00:00:00",
      "quarter_label": "2015-06 (Q2)",
      "revenue": 668400000,
      "gross_profit": null,
      "operating_income": null,
      "net_income": 49000000,
      "opex": null,
      "cogs": null,
      "rd": null,
      "sga": 95400000,
      "fcf": 132400000,
      "ocf": 132400000,
      "capex": null,
      "gross_margin": null,
      "op_margin": null,
      "fcf_margin": 0.1980849790544584,
      "rev_growth_yoy": -0.04527924582202542,
      "fcf_margin_change": 0.09556468858030207
    },
    {
      "date": "2015-09-30T00:00:00",
      "quarter_label": "2015-09 (Q3)",
      "revenue": 694000000,
      "gross_profit": null,
      "operating_income": null,
      "net_income": 28200000,
      "opex": null,
      "cogs": null,
      "rd": null,
      "sga": 100500000,
      "fcf": 159300000,
      "ocf": 159300000,
      "capex": null,
      "gross_margin": null,
      "op_margin": null,
      "fcf_margin": 0.22953890489913545,
      "rev_growth_yoy": 0.050719152157456475,
      "rev_growth_yoy_accel": 0.0959983979794819,
      "fcf_margin_change": 0.031453925844677044
    },
    {
      "date": "2015-12-31T00:00:00",
      "quarter_label": "2015-12 (Q4)",
      "revenue": 688700000,
      "gross_profit": null,
      "operating_income": null,
      "net_income": 117900000,
      "opex": null,
      "cogs": null,
      "rd": null,
      "sga": 125900000,
      "fcf": 210500000,
      "ocf": 210500000,
      "capex": null,
      "gross_margin": null,
      "op_margin": null,
      "fcf_margin": 0.30564832292725425,
      "rev_growth_yoy": 0.05742361430984185,
      "rev_growth_yoy_accel": 0.0067044621523853765,
      "fcf_margin_change": 0.0761094180281188
    },
    {
      "date": "2016-03-31T00:00:00",
      "quarter_label": "2016-03 (Q1)",
      "revenue": 779600000,
      "gross_profit": null,
      "operating_income": null,
      "net_income": null,
      "opex": null,
      "cogs": null,
      "rd": null,
      "sga": 119800000,
      "fcf": 67200000,
      "ocf": 67200000,
      "capex": null,
      "gross_margin": null,
      "op_margin": null,
      "fcf_margin": 0.086198050282196,
      "rev_growth_yoy": 0.11006692296739286,
      "rev_growth_yoy_accel": 0.052643308657551006,
      "fcf_margin_change": -0.21945027264505823
    },
    {
      "date": "2016-06-30T00:00:00",
      "quarter_label": "2016-06 (Q2)",
      "revenue": 773400000,
      "gross_profit": null,
      "operating_income": null,
      "net_income": null,
      "opex": null,
      "cogs": null,
      "rd": null,
      "sga": 116400000,
      "fcf": 175000000,
      "ocf": 175000000,
      "capex": null,
      "gross_margin": null,
      "op_margin": null,
      "fcf_margin": 0.22627359710369796,
      "rev_growth_yoy": 0.1570915619389587,
      "rev_growth_yoy_accel": 0.04702463897156585,
      "fcf_margin_change": 0.14007554682150197
    },
    {
      "date": "2016-09-30T00:00:00",
      "quarter_label": "2016-09 (Q3)",
      "revenue": 755600000,
      "gross_profit": null,
      "operating_income": null,
      "net_income": null,
      "opex": null,
      "cogs": null,
      "rd": null,
      "sga": 125000000,
      "fcf": 137600000,
      "ocf": 137600000,
      "capex": null,
      "gross_margin": null,
      "op_margin": null,
      "fcf_margin": 0.18210693488618315,
      "rev_growth_yoy": 0.08876080691642652,
      "rev_growth_yoy_accel": -0.06833075502253219,
      "fcf_margin_change": -0.04416666221751481
    },
    {
      "date": "2016-12-31T00:00:00",
      "quarter_label": "2016-12 (Q4)",
      "revenue": 629900000,
      "gross_profit": null,
      "operating_income": null,
      "net_income": null,
      "opex": null,
      "cogs": null,
      "rd": null,
      "sga": 128900000,
      "fcf": 73400000,
      "ocf": 73400000,
      "capex": null,
      "gross_margin": null,
      "op_margin": null,
      "fcf_margin": 0.11652643276710589,
      "rev_growth_yoy": -0.08537824887469145,
      "rev_growth_yoy_accel": -0.17413905579111796,
      "fcf_margin_change": -0.06558050211907726
    },
    {
      "date": "2017-03-31T00:00:00",
      "quarter_label": "2017-03 (Q1)",
      "revenue": 683600000,
      "gross_profit": null,
      "operating_income": null,
      "net_income": null,
      "opex": null,
      "cogs": null,
      "rd": null,
      "sga": 121300000,
      "fcf": -84300000,
      "ocf": -84300000,
      "capex": null,
      "gross_margin": null,
      "op_margin": null,
      "fcf_margin": -0.12331772966647161,
      "rev_growth_yoy": -0.12314007183170857,
      "rev_growth_yoy_accel": -0.03776182295701712,
      "fcf_margin_change": -0.2398441624335775
    },
    {
      "date": "2017-06-30T00:00:00",
      "quarter_label": "2017-06 (Q2)",
      "revenue": 662000000,
      "gross_profit": null,
      "operating_income": null,
      "net_income": null,
      "opex": null,
      "cogs": null,
      "rd": null,
      "sga": 119900000,
      "fcf": -20200000,
      "ocf": -20200000,
      "capex": null,
      "gross_margin": null,
      "op_margin": null,
      "fcf_margin": -0.030513595166163143,
      "rev_growth_yoy": -0.14403930695629688,
      "rev_growth_yoy_accel": -0.020899235124588314,
      "fcf_margin_change": 0.09280413450030847
    },
    {
      "date": "2017-09-30T00:00:00",
      "quarter_label": "2017-09 (Q3)",
      "revenue": 726600000,
      "gross_profit": null,
      "operating_income": null,
      "net_income": null,
      "opex": null,
      "cogs": null,
      "rd": null,
      "sga": 110900000,
      "fcf": 152300000,
      "ocf": 152300000,
      "capex": null,
      "gross_margin": null,
      "op_margin": null,
      "fcf_margin": 0.20960638590696395,
      "rev_growth_yoy": -0.03838009528851244,
      "rev_growth_yoy_accel": 0.10565921166778444,
      "fcf_margin_change": 0.2401199810731271
    },
    {
      "date": "2017-12-31T00:00:00",
      "quarter_label": "2017-12 (Q4)",
      "revenue": 581200000,
      "gross_profit": null,
      "operating_income": null,
      "net_income": null,
      "opex": null,
      "cogs": null,
      "rd": null,
      "sga": 150100000,
      "fcf": -159300000,
      "ocf": -159300000,
      "capex": null,
      "gross_margin": null,
      "op_margin": null,
      "fcf_margin": -0.2740880935994494,
      "rev_growth_yoy": -0.07731385934275282,
      "rev_growth_yoy_accel": -0.038933764054240386,
      "fcf_margin_change": -0.48369447950641337
    },
    {
      "date": "2018-03-31T00:00:00",
      "quarter_label": "2018-03 (Q1)",
      "revenue": 683500000,
      "gross_profit": null,
      "operating_income": null,
      "net_income": null,
      "opex": null,
      "cogs": null,
      "rd": null,
      "sga": 121000000,
      "fcf": -122800000,
      "ocf": -122800000,
      "capex": null,
      "gross_margin": null,
      "op_margin": null,
      "fcf_margin": -0.17966349670811996,
      "rev_growth_yoy": -0.0001462843768285547,
      "rev_growth_yoy_accel": 0.07716757496592427,
      "fcf_margin_change": 0.09442459689132945
    },
    {
      "date": "2018-06-30T00:00:00",
      "quarter_label": "2018-06 (Q2)",
      "revenue": 575500000,
      "gross_profit": null,
      "operating_income": null,
      "net_income": null,
      "opex": null,
      "cogs": null,
      "rd": null,
      "sga": 110200000,
      "fcf": -88600000,
      "ocf": -88600000,
      "capex": null,
      "gross_margin": null,
      "op_margin": null,
      "fcf_margin": -0.15395308427454388,
      "rev_growth_yoy": -0.13066465256797583,
      "rev_growth_yoy_accel": -0.13051836819114726,
      "fcf_margin_change": 0.02571041243357608
    },
    {
      "date": "2018-09-30T00:00:00",
      "quarter_label": "2018-09 (Q3)",
      "revenue": 674400000,
      "gross_profit": null,
      "operating_income": null,
      "net_income": null,
      "opex": null,
      "cogs": null,
      "rd": null,
      "sga": 160400000,
      "fcf": -11400000,
      "ocf": -11400000,
      "capex": null,
      "gross_margin": null,
      "op_margin": null,
      "fcf_margin": -0.016903914590747332,
      "rev_growth_yoy": -0.07184145334434351,
      "rev_growth_yoy_accel": 0.058823199223632314,
      "fcf_margin_change": 0.13704916968379655
    },
    {
      "date": "2018-12-31T00:00:00",
      "quarter_label": "2018-12 (Q4)",
      "revenue": 598500000,
      "gross_profit": null,
      "operating_income": null,
      "net_income": null,
      "opex": null,
      "cogs": null,
      "rd": null,
      "sga": 100100000,
      "fcf": -81700000,
      "ocf": -81700000,
      "capex": null,
      "gross_margin": null,
      "op_margin": null,
      "fcf_margin": -0.1365079365079365,
      "rev_growth_yoy": 0.02976600137646249,
      "rev_growth_yoy_accel": 0.101607454720806,
      "fcf_margin_change": -0.11960402191718916
    },
    {
      "date": "2019-03-31T00:00:00",
      "quarter_label": "2019-03 (Q1)",
      "revenue": 605800000,
      "gross_profit": null,
      "operating_income": null,
      "net_income": null,
      "opex": null,
      "cogs": null,
      "rd": null,
      "sga": 137300000,
      "fcf": -179500000,
      "ocf": -179500000,
      "capex": null,
      "gross_margin": null,
      "op_margin": null,
      "fcf_margin": -0.29630241003631563,
      "rev_growth_yoy": -0.11367959034381858,
      "rev_growth_yoy_accel": -0.14344559172028107,
      "fcf_margin_change": -0.15979447352837914
    }
  ],
  "signals": [
    {
      "quarter": "2019-03 (Q1)",
      "signal": "YoY REVENUE GROWTH DECELERATION",
      "detail": "YoY growth: -11.4% vs prior quarter YoY: +3.0% (decel: -14.3%)",
      "severity": "WARNING"
    },
    {
      "quarter": "2018-12 (Q4)",
      "signal": "YoY REVENUE GROWTH ACCELERATION",
      "detail": "YoY growth: +3.0% vs prior quarter YoY: -7.2% (accel: +10.2%)",
      "severity": "MEDIUM"
    },
    {
      "quarter": "2018-09 (Q3)",
      "signal": "FCF MARGIN EXPANSION",
      "detail": "FCF margin: -15.4% -> -1.7% (+13.7%)",
      "severity": "MEDIUM"
    },
    {
      "quarter": "2018-09 (Q3)",
      "signal": "YoY REVENUE GROWTH ACCELERATION",
      "detail": "YoY growth: -7.2% vs prior quarter YoY: -13.1% (accel: +5.9%)",
      "severity": "MEDIUM"
    },
    {
      "quarter": "2018-06 (Q2)",
      "signal": "YoY REVENUE GROWTH DECELERATION",
      "detail": "YoY growth: -13.1% vs prior quarter YoY: -0.0% (decel: -13.1%)",
      "severity": "WARNING"
    },
    {
      "quarter": "2018-03 (Q1)",
      "signal": "FCF MARGIN EXPANSION",
      "detail": "FCF margin: -27.4% -> -18.0% (+9.4%)",
      "severity": "MEDIUM"
    },
    {
      "quarter": "2018-03 (Q1)",
      "signal": "YoY REVENUE GROWTH ACCELERATION",
      "detail": "YoY growth: -0.0% vs prior quarter YoY: -7.7% (accel: +7.7%)",
      "severity": "MEDIUM"
    },
    {
      "quarter": "2017-09 (Q3)",
      "signal": "FCF TURNED POSITIVE",
      "detail": "FCF margin: -3.1% -> +21.0%",
      "severity": "HIGH"
    },
    {
      "quarter": "2017-09 (Q3)",
      "signal": "YoY REVENUE GROWTH ACCELERATION",
      "detail": "YoY growth: -3.8% vs prior quarter YoY: -14.4% (accel: +10.6%)",
      "severity": "MEDIUM"
    },
    {
      "quarter": "2017-06 (Q2)",
      "signal": "FCF MARGIN EXPANSION",
      "detail": "FCF margin: -12.3% -> -3.1% (+9.3%)",
      "severity": "MEDIUM"
    },
    {
      "quarter": "2016-12 (Q4)",
      "signal": "YoY REVENUE GROWTH DECELERATION",
      "detail": "YoY growth: -8.5% vs prior quarter YoY: +8.9% (decel: -17.4%)",
      "severity": "WARNING"
    },
    {
      "quarter": "2016-09 (Q3)",
      "signal": "YoY REVENUE GROWTH DECELERATION",
      "detail": "YoY growth: +8.9% vs prior quarter YoY: +15.7% (decel: -6.8%)",
      "severity": "WARNING"
    },
    {
      "quarter": "2016-06 (Q2)",
      "signal": "FCF MARGIN EXPANSION",
      "detail": "FCF margin: +8.6% -> +22.6% (+14.0%)",
      "severity": "MEDIUM"
    },
    {
      "quarter": "2016-03 (Q1)",
      "signal": "YoY REVENUE GROWTH ACCELERATION",
      "detail": "YoY growth: +11.0% vs prior quarter YoY: +5.7% (accel: +5.3%)",
      "severity": "MEDIUM"
    },
    {
      "quarter": "2015-12 (Q4)",
      "signal": "FCF MARGIN EXPANSION",
      "detail": "FCF margin: +23.0% -> +30.6% (+7.6%)",
      "severity": "MEDIUM"
    },
    {
      "quarter": "2015-09 (Q3)",
      "signal": "YoY REVENUE GROWTH ACCELERATION",
      "detail": "YoY growth: +5.1% vs prior quarter YoY: -4.5% (accel: +9.6%)",
      "severity": "MEDIUM"
    },
    {
      "quarter": "2015-06 (Q2)",
      "signal": "FCF MARGIN EXPANSION",
      "detail": "FCF margin: +10.3% -> +19.8% (+9.6%)",
      "severity": "MEDIUM"
    },
    {
      "quarter": "2014-09 (Q3)",
      "signal": "FCF MARGIN EXPANSION",
      "detail": "FCF margin: +13.7% -> +26.1% (+12.4%)",
      "severity": "MEDIUM"
    }
  ],
  "data_quality": {
    "n_quarters": 20,
    "coverage": {
      "revenue": [
        20,
        20
      ],
      "gross_profit": [
        0,
        20
      ],
      "op_income": [
        0,
        20
      ],
      "fcf": [
        20,
        20
      ]
    },
    "gaps": [],
    "warnings": [
      "gross_profit: no data",
      "op_income: no data"
    ]
  },
  "market_cap": null,
  "source": "SEC EDGAR",
  "last_updated": "2026-02-02T21:18:15.600815",
  "sector": "Financial Services",
  "industry": "Insurance - Property & Casualty"
}