{
  "ticker": "AHR",
  "name": "AMERICAN HEALTHCARE REIT, INC.",
  "quarters": [
    {
      "date": "2020-12-31T00:00:00",
      "quarter_label": "2020-12 (Q4)",
      "revenue": 15930000,
      "gross_profit": 562000,
      "operating_income": null,
      "net_income": -4425000,
      "opex": 37977000,
      "cogs": 15368000,
      "rd": null,
      "sga": null,
      "fcf": 189213000,
      "ocf": 189213000,
      "capex": null,
      "gross_margin": 0.03527934714375392,
      "op_margin": null,
      "fcf_margin": 11.877777777777778
    },
    {
      "date": "2021-03-31T00:00:00",
      "quarter_label": "2021-03 (Q1)",
      "revenue": 37841000,
      "gross_profit": 22647000,
      "operating_income": 38081000,
      "net_income": -3744000,
      "opex": 37681000,
      "cogs": 15194000,
      "rd": null,
      "sga": null,
      "fcf": -5255000,
      "ocf": -5255000,
      "capex": null,
      "gross_margin": 0.5984778414946751,
      "op_margin": 1.0063423271055205,
      "fcf_margin": -0.13887053724795856,
      "op_leverage_ratio": Infinity,
      "fcf_margin_change": -12.016648315025737
    },
    {
      "date": "2021-06-30T00:00:00",
      "quarter_label": "2021-06 (Q2)",
      "revenue": 37182000,
      "gross_profit": 22737000,
      "operating_income": 49548000,
      "net_income": -3772000,
      "opex": 37268000,
      "cogs": 14445000,
      "rd": null,
      "sga": null,
      "fcf": 8834000,
      "ocf": 8834000,
      "capex": null,
      "gross_margin": 0.6115055672099403,
      "op_margin": 1.332580280781023,
      "fcf_margin": 0.23758808025388628,
      "fcf_margin_change": 0.37645861750184484
    },
    {
      "date": "2021-09-30T00:00:00",
      "quarter_label": "2021-09 (Q3)",
      "revenue": 37210000,
      "gross_profit": 22670000,
      "operating_income": 52477000,
      "net_income": -5777000,
      "opex": 39779000,
      "cogs": 14540000,
      "rd": null,
      "sga": null,
      "fcf": -5072000,
      "ocf": -5072000,
      "capex": null,
      "gross_margin": 0.6092448266595001,
      "op_margin": 1.4102929320075248,
      "fcf_margin": -0.1363074442354206,
      "fcf_margin_change": -0.37389552448930685
    },
    {
      "date": "2021-12-31T00:00:00",
      "quarter_label": "2021-12 (Q4)",
      "revenue": 1011702000,
      "gross_profit": 25688000,
      "operating_income": 73230000,
      "net_income": -34501000,
      "opex": 1143602000,
      "cogs": 986014000,
      "rd": null,
      "sga": null,
      "fcf": 19406000,
      "ocf": 19406000,
      "capex": null,
      "gross_margin": 0.02539087596940601,
      "op_margin": 0.0723829744331829,
      "fcf_margin": 0.019181537646461112,
      "rev_growth_yoy": 62.509227871939736,
      "op_leverage_ratio": 0.943784912401716,
      "fcf_margin_change": 0.1554889818818817
    },
    {
      "date": "2022-03-31T00:00:00",
      "quarter_label": "2022-03 (Q1)",
      "revenue": 318974000,
      "gross_profit": 31814000,
      "operating_income": 73684000,
      "net_income": -2956000,
      "opex": 356050000,
      "cogs": 287160000,
      "rd": null,
      "sga": null,
      "fcf": 22360000,
      "ocf": 22360000,
      "capex": null,
      "gross_margin": 0.09973853668324063,
      "op_margin": 0.23100315386207027,
      "fcf_margin": 0.0700997573469938,
      "incr_op_margin_yoy": 0.12664112715334022,
      "rev_growth_yoy": 7.429322692317856,
      "rev_growth_yoy_accel": -55.07990517962188,
      "fcf_margin_change": 0.05091821970053268
    },
    {
      "date": "2022-06-30T00:00:00",
      "quarter_label": "2022-06 (Q2)",
      "revenue": 326225000,
      "gross_profit": 30166000,
      "operating_income": 77577000,
      "net_income": -17310000,
      "opex": 363378000,
      "cogs": 296059000,
      "rd": null,
      "sga": null,
      "fcf": 33778000,
      "ocf": 33778000,
      "capex": null,
      "gross_margin": 0.09246992106674841,
      "op_margin": 0.23780213043145068,
      "fcf_margin": 0.10354203387232738,
      "incr_op_margin_yoy": 0.09697173084973516,
      "rev_growth_yoy": 7.773734602764779,
      "rev_growth_yoy_accel": 0.3444119104469223,
      "op_leverage_ratio": 1.1045061794813573,
      "fcf_margin_change": 0.03344227652533359
    },
    {
      "date": "2022-09-30T00:00:00",
      "quarter_label": "2022-09 (Q3)",
      "revenue": 368306000,
      "gross_profit": 30819000,
      "operating_income": 73825000,
      "net_income": -13505000,
      "opex": 402616000,
      "cogs": 337487000,
      "rd": null,
      "sga": null,
      "fcf": 57303000,
      "ocf": 57303000,
      "capex": null,
      "gross_margin": 0.0836777027797538,
      "op_margin": 0.20044473888560055,
      "fcf_margin": 0.15558530135267956,
      "incr_op_margin_yoy": 0.0644767680672675,
      "rev_growth_yoy": 8.898038161784466,
      "rev_growth_yoy_accel": 1.1243035590196877,
      "op_leverage_ratio": 1.1945946882486413,
      "fcf_margin_change": 0.05204326748035218
    },
    {
      "date": "2022-12-31T00:00:00",
      "quarter_label": "2022-12 (Q4)",
      "revenue": 398651000,
      "gross_profit": 37831000,
      "operating_income": 76879000,
      "net_income": -47531000,
      "opex": 434929000,
      "cogs": 360820000,
      "rd": null,
      "sga": null,
      "fcf": 34327000,
      "ocf": 34327000,
      "capex": null,
      "gross_margin": 0.09489754196026098,
      "op_margin": 0.19284787947352447,
      "fcf_margin": 0.08610789888900316,
      "incr_op_margin_yoy": -0.005952196473050366,
      "rev_growth_yoy": -0.6059600554313425,
      "rev_growth_yoy_accel": -9.503998217215809,
      "op_leverage_ratio": 1.026578340833531,
      "fcf_margin_change": -0.0694774024636764
    },
    {
      "date": "2023-03-31T00:00:00",
      "quarter_label": "2023-03 (Q1)",
      "revenue": 452226000,
      "gross_profit": 82080000,
      "operating_income": 66885000,
      "net_income": -25872000,
      "opex": 443396000,
      "cogs": 370146000,
      "rd": null,
      "sga": null,
      "fcf": 23862000,
      "ocf": 23862000,
      "capex": null,
      "gross_margin": 0.18150216926934762,
      "op_margin": 0.14790171286038398,
      "fcf_margin": 0.05276565257194411,
      "incr_op_margin_yoy": -0.051023624410890644,
      "rev_growth_yoy": 0.41775191708415105,
      "rev_growth_yoy_accel": 1.0237119725154935,
      "op_leverage_ratio": 6.903321956131588,
      "fcf_margin_change": -0.03334224631705905
    },
    {
      "date": "2023-06-30T00:00:00",
      "quarter_label": "2023-06 (Q2)",
      "revenue": 410622000,
      "gross_profit": 38073000,
      "operating_income": 80369000,
      "net_income": -12183000,
      "opex": 444565000,
      "cogs": 372549000,
      "rd": null,
      "sga": null,
      "fcf": 19780000,
      "ocf": 19780000,
      "capex": null,
      "gross_margin": 0.0927203121118693,
      "op_margin": 0.19572502203973485,
      "fcf_margin": 0.0481708237746638,
      "incr_op_margin_yoy": 0.0330817446117753,
      "rev_growth_yoy": 0.2587079469691164,
      "rev_growth_yoy_accel": -0.15904397011503463,
      "fcf_margin_change": -0.004594828797280313
    },
    {
      "date": "2023-09-30T00:00:00",
      "quarter_label": "2023-09 (Q3)",
      "revenue": 416206000,
      "gross_profit": 41603000,
      "operating_income": 75063000,
      "net_income": -5989000,
      "opex": 450816000,
      "cogs": 374603000,
      "rd": null,
      "sga": null,
      "fcf": 29124000,
      "ocf": 29124000,
      "capex": null,
      "gross_margin": 0.09995771324776673,
      "op_margin": 0.18035059561851582,
      "fcf_margin": 0.06997496432055281,
      "incr_op_margin_yoy": 0.025845511482254696,
      "rev_growth_yoy": 0.1300549000016291,
      "rev_growth_yoy_accel": -0.12865304696748733,
      "op_leverage_ratio": 0.9671391523637712,
      "fcf_margin_change": 0.021804140545889007
    },
    {
      "date": "2023-12-31T00:00:00",
      "quarter_label": "2023-12 (Q4)",
      "revenue": 433284000,
      "gross_profit": 48272000,
      "operating_income": 84516000,
      "net_income": -27425000,
      "opex": 456917000,
      "cogs": 385012000,
      "rd": null,
      "sga": null,
      "fcf": 25769000,
      "ocf": 25769000,
      "capex": null,
      "gross_margin": 0.11140960663213965,
      "op_margin": 0.19505912980862436,
      "fcf_margin": 0.05947369392823183,
      "incr_op_margin_yoy": 0.22051222822163832,
      "rev_growth_yoy": 0.08687548758186986,
      "rev_growth_yoy_accel": -0.04317941241975923,
      "op_leverage_ratio": 3.031984444447281,
      "fcf_margin_change": -0.010501270392320974
    },
    {
      "date": "2024-03-31T00:00:00",
      "quarter_label": "2024-03 (Q1)",
      "revenue": 499533000,
      "gross_profit": 95904000,
      "operating_income": 82177000,
      "net_income": -3892000,
      "opex": 474733000,
      "cogs": 403629000,
      "rd": null,
      "sga": null,
      "fcf": -5954000,
      "ocf": -5954000,
      "capex": null,
      "gross_margin": 0.19198731615328718,
      "op_margin": 0.16450765014523566,
      "fcf_margin": -0.011919132469726725,
      "incr_op_margin_yoy": 0.3232502589468789,
      "rev_growth_yoy": 0.10460919982486633,
      "rev_growth_yoy_accel": 0.01773371224299647,
      "op_leverage_ratio": 3.92133357422394,
      "fcf_margin_change": -0.07139282639795856
    },
    {
      "date": "2024-06-30T00:00:00",
      "quarter_label": "2024-06 (Q2)",
      "revenue": 504581000,
      "gross_profit": 102017000,
      "operating_income": 88694000,
      "net_income": 1979000,
      "opex": 472912000,
      "cogs": 402564000,
      "rd": null,
      "sga": null,
      "fcf": 59402000,
      "ocf": 59402000,
      "capex": null,
      "gross_margin": 0.2021816120702127,
      "op_margin": 0.17577752630400273,
      "fcf_margin": 0.11772539988624225,
      "incr_op_margin_yoy": 0.08860247554784534,
      "rev_growth_yoy": 0.22882115424891994,
      "rev_growth_yoy_accel": 0.12421195442405361,
      "op_leverage_ratio": Infinity,
      "fcf_margin_change": 0.12964453235596898
    },
    {
      "date": "2024-09-30T00:00:00",
      "quarter_label": "2024-09 (Q3)",
      "revenue": 523814000,
      "gross_profit": 106686000,
      "operating_income": 93536000,
      "net_income": -4126000,
      "opex": 489982000,
      "cogs": 417128000,
      "rd": null,
      "sga": null,
      "fcf": 63130000,
      "ocf": 63130000,
      "capex": null,
      "gross_margin": 0.20367153226145157,
      "op_margin": 0.17856720133482495,
      "fcf_margin": 0.12051987919375962,
      "incr_op_margin_yoy": 0.17166939261021485,
      "rev_growth_yoy": 0.2585450474044103,
      "rev_growth_yoy_accel": 0.029723893155490372,
      "op_leverage_ratio": 1.0559976497091121,
      "fcf_margin_change": 0.0027944793075173613
    },
    {
      "date": "2024-12-31T00:00:00",
      "quarter_label": "2024-12 (Q4)",
      "revenue": 355870000,
      "gross_profit": -74702000,
      "operating_income": 99129000,
      "net_income": -31773000,
      "opex": 503397000,
      "cogs": 430572000,
      "rd": null,
      "sga": null,
      "fcf": 59509000,
      "ocf": 59509000,
      "capex": null,
      "gross_margin": -0.20991373254278248,
      "op_margin": 0.2785539663360216,
      "fcf_margin": 0.16722117627223423,
      "incr_op_margin_yoy": -0.18876430619784534,
      "rev_growth_yoy": -0.1786680329760619,
      "rev_growth_yoy_accel": -0.43721308038047224,
      "fcf_margin_change": 0.04670129707847462
    },
    {
      "date": "2025-03-31T00:00:00",
      "quarter_label": "2025-03 (Q1)",
      "revenue": 540603000,
      "gross_profit": 108180000,
      "operating_income": 94537000,
      "net_income": -6804000,
      "opex": 502172000,
      "cogs": 432423000,
      "rd": null,
      "sga": null,
      "fcf": 60616000,
      "ocf": 60616000,
      "capex": null,
      "gross_margin": 0.20010987730367755,
      "op_margin": 0.1748732433967255,
      "fcf_margin": 0.1121266437663128,
      "incr_op_margin_yoy": 0.30094959824689554,
      "rev_growth_yoy": 0.08221679048231048,
      "rev_growth_yoy_accel": 0.2608848234583724,
      "op_leverage_ratio": Infinity,
      "fcf_margin_change": -0.05509453250592143
    },
    {
      "date": "2025-06-30T00:00:00",
      "quarter_label": "2025-06 (Q2)",
      "revenue": 542503000,
      "gross_profit": 116218000,
      "operating_income": 103228000,
      "net_income": 9908000,
      "opex": 496080000,
      "cogs": 426285000,
      "rd": null,
      "sga": null,
      "fcf": 71475000,
      "ocf": 71475000,
      "capex": null,
      "gross_margin": 0.21422554345321593,
      "op_margin": 0.1902809754047443,
      "fcf_margin": 0.13175042349996222,
      "incr_op_margin_yoy": 0.38326037656241757,
      "rev_growth_yoy": 0.07515542598710613,
      "rev_growth_yoy_accel": -0.00706136449520435,
      "fcf_margin_change": 0.019623779733649413
    },
    {
      "date": "2025-09-30T00:00:00",
      "quarter_label": "2025-09 (Q3)",
      "revenue": 572937000,
      "gross_profit": 118407000,
      "operating_income": 105815000,
      "net_income": 55927000,
      "opex": 530461000,
      "cogs": 454530000,
      "rd": null,
      "sga": null,
      "fcf": 107185000,
      "ocf": 107185000,
      "capex": null,
      "gross_margin": 0.20666670157451866,
      "op_margin": 0.1846887179567736,
      "fcf_margin": 0.1870799058186153,
      "incr_op_margin_yoy": 0.24996437513995481,
      "rev_growth_yoy": 0.0937794713390631,
      "rev_growth_yoy_accel": 0.01862404535195697,
      "op_leverage_ratio": 0.8094501467297681,
      "fcf_margin_change": 0.05532948231865309
    }
  ],
  "signals": [
    {
      "quarter": "2025-09 (Q3)",
      "signal": "FCF MARGIN EXPANSION",
      "detail": "FCF margin: +13.2% -> +18.7% (+5.5%)",
      "severity": "MEDIUM"
    },
    {
      "quarter": "2025-06 (Q2)",
      "signal": "INCREMENTAL MARGIN (YoY)",
      "detail": "YoY Incr OPM: +38.3% vs year-ago OPM: +17.6%",
      "severity": "HIGH"
    },
    {
      "quarter": "2025-03 (Q1)",
      "signal": "GROSS MARGIN INFLECTION",
      "detail": "GM: +20.4% -> -21.0% -> +20.0% (reversal +41.0%)",
      "severity": "HIGH"
    },
    {
      "quarter": "2025-03 (Q1)",
      "signal": "YoY REVENUE GROWTH ACCELERATION",
      "detail": "YoY growth: +8.2% vs prior quarter YoY: -17.9% (accel: +26.1%)",
      "severity": "HIGH"
    },
    {
      "quarter": "2025-03 (Q1)",
      "signal": "INCREMENTAL MARGIN (YoY)",
      "detail": "YoY Incr OPM: +30.1% vs year-ago OPM: +16.5%",
      "severity": "MEDIUM"
    },
    {
      "quarter": "2024-12 (Q4)",
      "signal": "YoY REVENUE GROWTH DECELERATION",
      "detail": "YoY growth: -17.9% vs prior quarter YoY: +25.9% (decel: -43.7%)",
      "severity": "WARNING"
    },
    {
      "quarter": "2024-06 (Q2)",
      "signal": "FCF TURNED POSITIVE",
      "detail": "FCF margin: -1.2% -> +11.8%",
      "severity": "HIGH"
    },
    {
      "quarter": "2024-06 (Q2)",
      "signal": "YoY REVENUE GROWTH ACCELERATION",
      "detail": "YoY growth: +22.9% vs prior quarter YoY: +10.5% (accel: +12.4%)",
      "severity": "MEDIUM"
    },
    {
      "quarter": "2024-03 (Q1)",
      "signal": "OPERATING LEVERAGE",
      "detail": "Rev growth +15.3% vs OpEx growth +3.9% (leverage: 3.9x)",
      "severity": "MEDIUM"
    },
    {
      "quarter": "2024-03 (Q1)",
      "signal": "INCREMENTAL MARGIN (YoY)",
      "detail": "YoY Incr OPM: +32.3% vs year-ago OPM: +14.8%",
      "severity": "MEDIUM"
    },
    {
      "quarter": "2023-12 (Q4)",
      "signal": "OPERATING LEVERAGE",
      "detail": "Rev growth +4.1% vs OpEx growth +1.4% (leverage: 3.0x)",
      "severity": "MEDIUM"
    },
    {
      "quarter": "2023-09 (Q3)",
      "signal": "YoY REVENUE GROWTH DECELERATION",
      "detail": "YoY growth: +13.0% vs prior quarter YoY: +25.9% (decel: -12.9%)",
      "severity": "WARNING"
    },
    {
      "quarter": "2023-06 (Q2)",
      "signal": "YoY REVENUE GROWTH DECELERATION",
      "detail": "YoY growth: +25.9% vs prior quarter YoY: +41.8% (decel: -15.9%)",
      "severity": "WARNING"
    },
    {
      "quarter": "2023-03 (Q1)",
      "signal": "OPERATING LEVERAGE",
      "detail": "Rev growth +13.4% vs OpEx growth +1.9% (leverage: 6.9x)",
      "severity": "MEDIUM"
    },
    {
      "quarter": "2023-03 (Q1)",
      "signal": "YoY REVENUE GROWTH ACCELERATION",
      "detail": "YoY growth: +41.8% vs prior quarter YoY: -60.6% (accel: +102.4%)",
      "severity": "HIGH"
    },
    {
      "quarter": "2022-12 (Q4)",
      "signal": "YoY REVENUE GROWTH DECELERATION",
      "detail": "YoY growth: -60.6% vs prior quarter YoY: +889.8% (decel: -950.4%)",
      "severity": "WARNING"
    },
    {
      "quarter": "2022-09 (Q3)",
      "signal": "FCF MARGIN EXPANSION",
      "detail": "FCF margin: +10.4% -> +15.6% (+5.2%)",
      "severity": "MEDIUM"
    },
    {
      "quarter": "2022-09 (Q3)",
      "signal": "YoY REVENUE GROWTH ACCELERATION",
      "detail": "YoY growth: +889.8% vs prior quarter YoY: +777.4% (accel: +112.4%)",
      "severity": "HIGH"
    },
    {
      "quarter": "2022-06 (Q2)",
      "signal": "YoY REVENUE GROWTH ACCELERATION",
      "detail": "YoY growth: +777.4% vs prior quarter YoY: +742.9% (accel: +34.4%)",
      "severity": "HIGH"
    },
    {
      "quarter": "2022-03 (Q1)",
      "signal": "FCF MARGIN EXPANSION",
      "detail": "FCF margin: +1.9% -> +7.0% (+5.1%)",
      "severity": "MEDIUM"
    },
    {
      "quarter": "2022-03 (Q1)",
      "signal": "GROSS MARGIN INFLECTION",
      "detail": "GM: +60.9% -> +2.5% -> +10.0% (reversal +7.4%)",
      "severity": "HIGH"
    },
    {
      "quarter": "2022-03 (Q1)",
      "signal": "YoY REVENUE GROWTH DECELERATION",
      "detail": "YoY growth: +742.9% vs prior quarter YoY: +6250.9% (decel: -5508.0%)",
      "severity": "WARNING"
    },
    {
      "quarter": "2021-12 (Q4)",
      "signal": "FCF TURNED POSITIVE",
      "detail": "FCF margin: -13.6% -> +1.9%",
      "severity": "HIGH"
    },
    {
      "quarter": "2021-06 (Q2)",
      "signal": "FCF TURNED POSITIVE",
      "detail": "FCF margin: -13.9% -> +23.8%",
      "severity": "HIGH"
    }
  ],
  "data_quality": {
    "n_quarters": 20,
    "coverage": {
      "revenue": [
        20,
        20
      ],
      "gross_profit": [
        20,
        20
      ],
      "op_income": [
        19,
        20
      ],
      "fcf": [
        20,
        20
      ]
    },
    "gaps": [],
    "warnings": []
  },
  "market_cap": null,
  "source": "SEC EDGAR",
  "last_updated": "2026-02-02T20:43:53.043218",
  "sector": "Real Estate",
  "industry": "REIT - Healthcare Facilities"
}