{
  "ticker": "AIG",
  "name": "American International Group, Inc.",
  "sector": "Financial Services",
  "industry": "Insurance - Diversified",
  "quarters": [
    {
      "date": "2021-03-31T00:00:00",
      "quarter_label": "2021-03 (Q1)",
      "revenue": 14454000000,
      "gross_profit": null,
      "operating_income": null,
      "net_income": 3876000000,
      "opex": null,
      "cogs": null,
      "rd": null,
      "sga": 2088000000,
      "fcf": 640000000,
      "ocf": 640000000,
      "capex": null,
      "gross_margin": null,
      "op_margin": null,
      "fcf_margin": 0.044278400442784006
    },
    {
      "date": "2021-06-30T00:00:00",
      "quarter_label": "2021-06 (Q2)",
      "revenue": 10681000000,
      "gross_profit": null,
      "operating_income": null,
      "net_income": 99000000,
      "opex": null,
      "cogs": null,
      "rd": null,
      "sga": 2218000000,
      "fcf": 2170000000,
      "ocf": 2170000000,
      "capex": null,
      "gross_margin": null,
      "op_margin": null,
      "fcf_margin": 0.2031644977062073,
      "fcf_margin_change": 0.1588860972634233
    },
    {
      "date": "2021-09-30T00:00:00",
      "quarter_label": "2021-09 (Q3)",
      "revenue": 12835000000,
      "gross_profit": null,
      "operating_income": null,
      "net_income": 1667000000,
      "opex": null,
      "cogs": null,
      "rd": null,
      "sga": 2240000000,
      "fcf": 2954000000,
      "ocf": 2954000000,
      "capex": null,
      "gross_margin": null,
      "op_margin": null,
      "fcf_margin": 0.23015192832099726,
      "fcf_margin_change": 0.026987430614789976
    },
    {
      "date": "2021-12-31T00:00:00",
      "quarter_label": "2021-12 (Q4)",
      "revenue": 14087000000,
      "gross_profit": null,
      "operating_income": null,
      "net_income": 3746000000,
      "opex": null,
      "cogs": null,
      "rd": null,
      "sga": 2244000000,
      "fcf": 459000000,
      "ocf": 459000000,
      "capex": null,
      "gross_margin": null,
      "op_margin": null,
      "fcf_margin": 0.0325832327678001,
      "fcf_margin_change": -0.19756869555319717
    },
    {
      "date": "2022-03-31T00:00:00",
      "quarter_label": "2022-03 (Q1)",
      "revenue": 15808000000,
      "gross_profit": null,
      "operating_income": null,
      "net_income": 4260000000,
      "opex": null,
      "cogs": null,
      "rd": null,
      "sga": 2181000000,
      "fcf": 39000000,
      "ocf": 39000000,
      "capex": null,
      "gross_margin": null,
      "op_margin": null,
      "fcf_margin": 0.0024671052631578946,
      "rev_growth_yoy": 0.0936764909367649,
      "fcf_margin_change": -0.030116127504642203
    },
    {
      "date": "2022-06-30T00:00:00",
      "quarter_label": "2022-06 (Q2)",
      "revenue": 14441000000,
      "gross_profit": null,
      "operating_income": null,
      "net_income": 3036000000,
      "opex": null,
      "cogs": null,
      "rd": null,
      "sga": 2223000000,
      "fcf": 559000000,
      "ocf": 559000000,
      "capex": null,
      "gross_margin": null,
      "op_margin": null,
      "fcf_margin": 0.03870923066269649,
      "rev_growth_yoy": 0.35202696376743753,
      "rev_growth_yoy_accel": 0.25835047283067264,
      "fcf_margin_change": 0.0362421253995386
    },
    {
      "date": "2022-09-30T00:00:00",
      "quarter_label": "2022-09 (Q3)",
      "revenue": 14602000000,
      "gross_profit": null,
      "operating_income": null,
      "net_income": 2709000000,
      "opex": null,
      "cogs": null,
      "rd": null,
      "sga": 2093000000,
      "fcf": 3369000000,
      "ocf": 3369000000,
      "capex": null,
      "gross_margin": null,
      "op_margin": null,
      "fcf_margin": 0.23072181892891386,
      "rev_growth_yoy": 0.13767043241137514,
      "rev_growth_yoy_accel": -0.2143565313560624,
      "fcf_margin_change": 0.19201258826621737
    },
    {
      "date": "2022-12-31T00:00:00",
      "quarter_label": "2022-12 (Q4)",
      "revenue": 11586000000,
      "gross_profit": null,
      "operating_income": null,
      "net_income": 271000000,
      "opex": null,
      "cogs": null,
      "rd": null,
      "sga": 2698000000,
      "fcf": 167000000,
      "ocf": 167000000,
      "capex": null,
      "gross_margin": null,
      "op_margin": null,
      "fcf_margin": 0.014413947868116693,
      "rev_growth_yoy": -0.17753957549513735,
      "rev_growth_yoy_accel": -0.3152100079065125,
      "fcf_margin_change": -0.21630787106079716
    },
    {
      "date": "2023-03-31T00:00:00",
      "quarter_label": "2023-03 (Q1)",
      "revenue": 10984000000,
      "gross_profit": null,
      "operating_income": null,
      "net_income": 30000000,
      "opex": null,
      "cogs": null,
      "rd": null,
      "sga": 1980000000,
      "fcf": 497000000,
      "ocf": 497000000,
      "capex": null,
      "gross_margin": null,
      "op_margin": null,
      "fcf_margin": 0.0452476329206118,
      "rev_growth_yoy": -0.30516194331983804,
      "rev_growth_yoy_accel": -0.12762236782470068,
      "fcf_margin_change": 0.030833685052495105
    },
    {
      "date": "2023-06-30T00:00:00",
      "quarter_label": "2023-06 (Q2)",
      "revenue": 13218000000,
      "gross_profit": null,
      "operating_income": null,
      "net_income": 1493000000,
      "opex": null,
      "cogs": null,
      "rd": null,
      "sga": 2268000000,
      "fcf": 614000000,
      "ocf": 614000000,
      "capex": null,
      "gross_margin": null,
      "op_margin": null,
      "fcf_margin": 0.04645180814041459,
      "rev_growth_yoy": -0.08468942594003186,
      "rev_growth_yoy_accel": 0.22047251737980617,
      "fcf_margin_change": 0.0012041752198027889
    },
    {
      "date": "2023-09-30T00:00:00",
      "quarter_label": "2023-09 (Q3)",
      "revenue": 12774000000,
      "gross_profit": null,
      "operating_income": null,
      "net_income": 2027000000,
      "opex": null,
      "cogs": null,
      "rd": null,
      "sga": 2117000000,
      "fcf": 3513000000,
      "ocf": 3513000000,
      "capex": null,
      "gross_margin": null,
      "op_margin": null,
      "fcf_margin": 0.27501174260216066,
      "rev_growth_yoy": -0.12518833036570332,
      "rev_growth_yoy_accel": -0.04049890442567146,
      "fcf_margin_change": 0.22855993446174608
    },
    {
      "date": "2023-12-31T00:00:00",
      "quarter_label": "2023-12 (Q4)",
      "revenue": 6526000000,
      "gross_profit": null,
      "operating_income": null,
      "net_income": 93000000,
      "opex": null,
      "cogs": null,
      "rd": null,
      "sga": 2134000000,
      "fcf": 1619000000,
      "ocf": 1619000000,
      "capex": null,
      "gross_margin": null,
      "op_margin": null,
      "fcf_margin": 0.24808458473797118,
      "rev_growth_yoy": -0.4367339892974279,
      "rev_growth_yoy_accel": -0.3115456589317246,
      "fcf_margin_change": -0.026927157864189477
    },
    {
      "date": "2024-03-31T00:00:00",
      "quarter_label": "2024-03 (Q1)",
      "revenue": 12578000000,
      "gross_profit": null,
      "operating_income": null,
      "net_income": 1216000000,
      "opex": null,
      "cogs": null,
      "rd": null,
      "sga": 2014000000,
      "fcf": 521000000,
      "ocf": 521000000,
      "capex": null,
      "gross_margin": null,
      "op_margin": null,
      "fcf_margin": 0.04142152965495309,
      "rev_growth_yoy": 0.14512017479970868,
      "rev_growth_yoy_accel": 0.5818541640971366,
      "fcf_margin_change": -0.20666305508301808
    },
    {
      "date": "2024-06-30T00:00:00",
      "quarter_label": "2024-06 (Q2)",
      "revenue": 6560000000,
      "gross_profit": null,
      "operating_income": null,
      "net_income": -3977000000,
      "opex": null,
      "cogs": null,
      "rd": null,
      "sga": 1610000000,
      "fcf": 928000000,
      "ocf": 928000000,
      "capex": null,
      "gross_margin": null,
      "op_margin": null,
      "fcf_margin": 0.14146341463414633,
      "rev_growth_yoy": -0.5037070661219549,
      "rev_growth_yoy_accel": -0.6488272409216636,
      "fcf_margin_change": 0.10004188497919324
    },
    {
      "date": "2024-09-30T00:00:00",
      "quarter_label": "2024-09 (Q3)",
      "revenue": 6751000000,
      "gross_profit": null,
      "operating_income": null,
      "net_income": 459000000,
      "opex": null,
      "cogs": null,
      "rd": null,
      "sga": 1346000000,
      "fcf": 1699000000,
      "ocf": 1699000000,
      "capex": null,
      "gross_margin": null,
      "op_margin": null,
      "fcf_margin": 0.2516664197896608,
      "rev_growth_yoy": -0.47150461875684985,
      "rev_growth_yoy_accel": 0.03220244736510508,
      "fcf_margin_change": 0.11020300515551448
    },
    {
      "date": "2024-12-31T00:00:00",
      "quarter_label": "2024-12 (Q4)",
      "revenue": 7177000000,
      "gross_profit": null,
      "operating_income": null,
      "net_income": 898000000,
      "opex": null,
      "cogs": null,
      "rd": null,
      "sga": 1335000000,
      "fcf": 125000000,
      "ocf": 125000000,
      "capex": null,
      "gross_margin": null,
      "op_margin": null,
      "fcf_margin": 0.017416747944823743,
      "rev_growth_yoy": 0.09975482684646031,
      "rev_growth_yoy_accel": 0.5712594456033102,
      "fcf_margin_change": -0.23424967184483708
    },
    {
      "date": "2025-03-31T00:00:00",
      "quarter_label": "2025-03 (Q1)",
      "revenue": 6783000000,
      "gross_profit": null,
      "operating_income": null,
      "net_income": 698000000,
      "opex": null,
      "cogs": null,
      "rd": null,
      "sga": 1115000000,
      "fcf": -56000000,
      "ocf": -56000000,
      "capex": null,
      "gross_margin": null,
      "op_margin": null,
      "fcf_margin": -0.008255933952528379,
      "rev_growth_yoy": -0.4607250755287009,
      "rev_growth_yoy_accel": -0.5604799023751612,
      "fcf_margin_change": -0.025672681897352122
    },
    {
      "date": "2025-06-30T00:00:00",
      "quarter_label": "2025-06 (Q2)",
      "revenue": 7091000000,
      "gross_profit": null,
      "operating_income": null,
      "net_income": 1144000000,
      "opex": null,
      "cogs": null,
      "rd": null,
      "sga": 1162000000,
      "fcf": 1391000000,
      "ocf": 1391000000,
      "capex": null,
      "gross_margin": null,
      "op_margin": null,
      "fcf_margin": 0.19616415174164434,
      "rev_growth_yoy": 0.08094512195121951,
      "rev_growth_yoy_accel": 0.5416701974799204,
      "fcf_margin_change": 0.20442008569417272
    },
    {
      "date": "2025-09-30T00:00:00",
      "quarter_label": "2025-09 (Q3)",
      "revenue": 6351000000,
      "gross_profit": null,
      "operating_income": null,
      "net_income": 519000000,
      "opex": null,
      "cogs": null,
      "rd": null,
      "sga": 1297000000,
      "fcf": 1343000000,
      "ocf": 1343000000,
      "capex": null,
      "gross_margin": null,
      "op_margin": null,
      "fcf_margin": 0.21146276176980003,
      "rev_growth_yoy": -0.05925048141016146,
      "rev_growth_yoy_accel": -0.14019560336138098,
      "fcf_margin_change": 0.01529861002815569
    },
    {
      "date": "2025-12-31T00:00:00",
      "quarter_label": "2025-12 (Q4)",
      "revenue": 6550000000,
      "gross_profit": null,
      "operating_income": null,
      "net_income": 735000000,
      "opex": null,
      "cogs": null,
      "rd": null,
      "sga": 1479000000,
      "fcf": 636000000,
      "ocf": 636000000,
      "capex": null,
      "gross_margin": null,
      "op_margin": null,
      "fcf_margin": 0.09709923664122137,
      "rev_growth_yoy": -0.08736240769123589,
      "rev_growth_yoy_accel": -0.02811192628107443,
      "fcf_margin_change": -0.11436352512857866
    }
  ],
  "signals": [
    {
      "quarter": "2025-09 (Q3)",
      "signal": "YoY REVENUE GROWTH DECELERATION",
      "detail": "YoY growth: -5.9% vs prior quarter YoY: +8.1% (decel: -14.0%)",
      "severity": "WARNING"
    },
    {
      "quarter": "2025-06 (Q2)",
      "signal": "FCF TURNED POSITIVE",
      "detail": "FCF margin: -0.8% -> +19.6%",
      "severity": "HIGH"
    },
    {
      "quarter": "2025-06 (Q2)",
      "signal": "YoY REVENUE GROWTH ACCELERATION",
      "detail": "YoY growth: +8.1% vs prior quarter YoY: -46.1% (accel: +54.2%)",
      "severity": "HIGH"
    },
    {
      "quarter": "2025-03 (Q1)",
      "signal": "YoY REVENUE GROWTH DECELERATION",
      "detail": "YoY growth: -46.1% vs prior quarter YoY: +10.0% (decel: -56.0%)",
      "severity": "WARNING"
    },
    {
      "quarter": "2024-12 (Q4)",
      "signal": "YoY REVENUE GROWTH ACCELERATION",
      "detail": "YoY growth: +10.0% vs prior quarter YoY: -47.2% (accel: +57.1%)",
      "severity": "HIGH"
    },
    {
      "quarter": "2024-09 (Q3)",
      "signal": "FCF MARGIN EXPANSION",
      "detail": "FCF margin: +14.1% -> +25.2% (+11.0%)",
      "severity": "MEDIUM"
    },
    {
      "quarter": "2024-06 (Q2)",
      "signal": "FCF MARGIN EXPANSION",
      "detail": "FCF margin: +4.1% -> +14.1% (+10.0%)",
      "severity": "MEDIUM"
    },
    {
      "quarter": "2024-06 (Q2)",
      "signal": "YoY REVENUE GROWTH DECELERATION",
      "detail": "YoY growth: -50.4% vs prior quarter YoY: +14.5% (decel: -64.9%)",
      "severity": "WARNING"
    },
    {
      "quarter": "2024-03 (Q1)",
      "signal": "YoY REVENUE GROWTH ACCELERATION",
      "detail": "YoY growth: +14.5% vs prior quarter YoY: -43.7% (accel: +58.2%)",
      "severity": "HIGH"
    },
    {
      "quarter": "2023-12 (Q4)",
      "signal": "YoY REVENUE GROWTH DECELERATION",
      "detail": "YoY growth: -43.7% vs prior quarter YoY: -12.5% (decel: -31.2%)",
      "severity": "WARNING"
    },
    {
      "quarter": "2023-09 (Q3)",
      "signal": "FCF MARGIN EXPANSION",
      "detail": "FCF margin: +4.6% -> +27.5% (+22.9%)",
      "severity": "MEDIUM"
    },
    {
      "quarter": "2023-06 (Q2)",
      "signal": "YoY REVENUE GROWTH ACCELERATION",
      "detail": "YoY growth: -8.5% vs prior quarter YoY: -30.5% (accel: +22.0%)",
      "severity": "HIGH"
    },
    {
      "quarter": "2023-03 (Q1)",
      "signal": "YoY REVENUE GROWTH DECELERATION",
      "detail": "YoY growth: -30.5% vs prior quarter YoY: -17.8% (decel: -12.8%)",
      "severity": "WARNING"
    },
    {
      "quarter": "2022-12 (Q4)",
      "signal": "YoY REVENUE GROWTH DECELERATION",
      "detail": "YoY growth: -17.8% vs prior quarter YoY: +13.8% (decel: -31.5%)",
      "severity": "WARNING"
    },
    {
      "quarter": "2022-09 (Q3)",
      "signal": "FCF MARGIN EXPANSION",
      "detail": "FCF margin: +3.9% -> +23.1% (+19.2%)",
      "severity": "MEDIUM"
    },
    {
      "quarter": "2022-09 (Q3)",
      "signal": "YoY REVENUE GROWTH DECELERATION",
      "detail": "YoY growth: +13.8% vs prior quarter YoY: +35.2% (decel: -21.4%)",
      "severity": "WARNING"
    },
    {
      "quarter": "2022-06 (Q2)",
      "signal": "YoY REVENUE GROWTH ACCELERATION",
      "detail": "YoY growth: +35.2% vs prior quarter YoY: +9.4% (accel: +25.8%)",
      "severity": "HIGH"
    },
    {
      "quarter": "2021-06 (Q2)",
      "signal": "FCF MARGIN EXPANSION",
      "detail": "FCF margin: +4.4% -> +20.3% (+15.9%)",
      "severity": "MEDIUM"
    }
  ],
  "data_quality": {
    "n_quarters": 20,
    "coverage": {
      "revenue": [
        20,
        20
      ],
      "gross_profit": [
        0,
        20
      ],
      "op_income": [
        0,
        20
      ],
      "fcf": [
        20,
        20
      ]
    },
    "gaps": [],
    "warnings": [
      "gross_profit: no data",
      "op_income: no data"
    ]
  },
  "market_cap": null,
  "source": "SEC EDGAR",
  "last_updated": "2026-02-13T11:32:13.283561"
}