{
  "ticker": "AIR",
  "name": "AAR CORP.",
  "quarters": [
    {
      "date": "2021-02-28T00:00:00",
      "quarter_label": "2021-02 (Q1)",
      "revenue": 410300000,
      "gross_profit": 86000000,
      "operating_income": null,
      "net_income": 28100000,
      "opex": 370600000,
      "cogs": null,
      "rd": null,
      "sga": 44900000,
      "fcf": 14500000,
      "ocf": 17100000,
      "capex": -2600000,
      "gross_margin": 0.20960272970996832,
      "op_margin": null,
      "fcf_margin": 0.035339995125517915
    },
    {
      "date": "2021-05-31T00:00:00",
      "quarter_label": "2021-05 (Q2)",
      "revenue": 437600000,
      "gross_profit": 71800000,
      "operating_income": null,
      "net_income": 14000000,
      "opex": 417300000,
      "cogs": null,
      "rd": null,
      "sga": 48800000,
      "fcf": 19900000,
      "ocf": 22600000,
      "capex": -2700000,
      "gross_margin": 0.1640767824497258,
      "op_margin": null,
      "fcf_margin": 0.045475319926873856,
      "op_leverage_ratio": 0.528019138865853,
      "fcf_margin_change": 0.010135324801355941
    },
    {
      "date": "2021-08-31T00:00:00",
      "quarter_label": "2021-08 (Q3)",
      "revenue": 455100000,
      "gross_profit": 64600000,
      "operating_income": null,
      "net_income": 11500000,
      "opex": 439800000,
      "cogs": null,
      "rd": null,
      "sga": 49300000,
      "fcf": 700000,
      "ocf": 2900000,
      "capex": -2200000,
      "gross_margin": 0.14194682487365415,
      "op_margin": null,
      "fcf_margin": 0.0015381234893430016,
      "op_leverage_ratio": 0.7416971358927483,
      "fcf_margin_change": -0.04393719643753086
    },
    {
      "date": "2021-11-30T00:00:00",
      "quarter_label": "2021-11 (Q4)",
      "revenue": 436600000,
      "gross_profit": 78400000,
      "operating_income": null,
      "net_income": 20800000,
      "opex": 406100000,
      "cogs": null,
      "rd": null,
      "sga": 47100000,
      "fcf": 12500000,
      "ocf": 16300000,
      "capex": -3800000,
      "gross_margin": 0.17956939990838297,
      "op_margin": null,
      "fcf_margin": 0.028630325240494733,
      "fcf_margin_change": 0.02709220175115173
    },
    {
      "date": "2022-02-28T00:00:00",
      "quarter_label": "2022-02 (Q1)",
      "revenue": 452200000,
      "gross_profit": 80400000,
      "operating_income": null,
      "net_income": 22500000,
      "opex": 420800000,
      "cogs": null,
      "rd": null,
      "sga": 48900000,
      "fcf": 11700000,
      "ocf": 15900000,
      "capex": -4200000,
      "gross_margin": 0.17779743476337903,
      "op_margin": null,
      "fcf_margin": 0.025873507297655904,
      "rev_growth_yoy": 0.10212039970753108,
      "op_leverage_ratio": 0.9870894761935924,
      "fcf_margin_change": -0.0027568179428388295
    },
    {
      "date": "2022-05-31T00:00:00",
      "quarter_label": "2022-05 (Q2)",
      "revenue": 476100000,
      "gross_profit": 89800000,
      "operating_income": null,
      "net_income": 23900000,
      "opex": 443500000,
      "cogs": null,
      "rd": null,
      "sga": 56900000,
      "fcf": 33000000,
      "ocf": 40100000,
      "capex": -7100000,
      "gross_margin": 0.18861583700903173,
      "op_margin": null,
      "fcf_margin": 0.06931316950220542,
      "rev_growth_yoy": 0.08797989031078611,
      "rev_growth_yoy_accel": -0.014140509396744966,
      "op_leverage_ratio": 0.9797543872638319,
      "fcf_margin_change": 0.04343966220454952
    },
    {
      "date": "2022-08-31T00:00:00",
      "quarter_label": "2022-08 (Q3)",
      "revenue": 446300000,
      "gross_profit": 81900000,
      "operating_income": null,
      "net_income": 22700000,
      "opex": 414500000,
      "cogs": 364400000,
      "rd": null,
      "sga": 50100000,
      "fcf": 100000,
      "ocf": 6800000,
      "capex": -6700000,
      "gross_margin": 0.1835088505489581,
      "op_margin": null,
      "fcf_margin": 0.00022406453058480843,
      "rev_growth_yoy": -0.01933640958031202,
      "rev_growth_yoy_accel": -0.10731629989109813,
      "fcf_margin_change": -0.06908910497162062
    },
    {
      "date": "2022-11-30T00:00:00",
      "quarter_label": "2022-11 (Q4)",
      "revenue": 469800000,
      "gross_profit": 85800000,
      "operating_income": null,
      "net_income": 22500000,
      "opex": 436700000,
      "cogs": 384000000,
      "rd": null,
      "sga": 52800000,
      "fcf": -52200000,
      "ocf": -46100000,
      "capex": -6100000,
      "gross_margin": 0.1826309067688378,
      "op_margin": null,
      "fcf_margin": -0.1111111111111111,
      "rev_growth_yoy": 0.076042143838754,
      "rev_growth_yoy_accel": 0.09537855341906602,
      "op_leverage_ratio": 0.9831335929252129,
      "fcf_margin_change": -0.11133517564169591
    },
    {
      "date": "2023-02-28T00:00:00",
      "quarter_label": "2023-02 (Q1)",
      "revenue": 521100000,
      "gross_profit": 94300000,
      "operating_income": null,
      "net_income": 21800000,
      "opex": 485400000,
      "cogs": 426800000,
      "rd": null,
      "sga": 56700000,
      "fcf": 7700000,
      "ocf": 17400000,
      "capex": -9700000,
      "gross_margin": 0.18096334676645556,
      "op_margin": null,
      "fcf_margin": 0.014776434465553637,
      "rev_growth_yoy": 0.15236620964175143,
      "rev_growth_yoy_accel": 0.07632406580299743,
      "op_leverage_ratio": 0.9791710920720339,
      "fcf_margin_change": 0.12588754557666473
    },
    {
      "date": "2023-05-31T00:00:00",
      "quarter_label": "2023-05 (Q2)",
      "revenue": 553300000,
      "gross_profit": 108100000,
      "operating_income": null,
      "net_income": 23200000,
      "opex": 516800000,
      "cogs": 445200000,
      "rd": null,
      "sga": 70800000,
      "fcf": 38200000,
      "ocf": 45200000,
      "capex": -7000000,
      "gross_margin": 0.19537321525393095,
      "op_margin": null,
      "fcf_margin": 0.06904030363274896,
      "rev_growth_yoy": 0.1621508086536442,
      "rev_growth_yoy_accel": 0.00978459901189277,
      "op_leverage_ratio": 0.9552233332966643,
      "fcf_margin_change": 0.054263869167195326
    },
    {
      "date": "2023-08-31T00:00:00",
      "quarter_label": "2023-08 (Q3)",
      "revenue": 549700000,
      "gross_profit": 101300000,
      "operating_income": null,
      "net_income": -600000,
      "opex": null,
      "cogs": 448400000,
      "rd": null,
      "sga": 74700000,
      "fcf": -27800000,
      "ocf": -18700000,
      "capex": -9100000,
      "gross_margin": 0.18428233581953793,
      "op_margin": null,
      "fcf_margin": -0.05057303983991268,
      "rev_growth_yoy": 0.23168272462469192,
      "rev_growth_yoy_accel": 0.06953191597104771,
      "fcf_margin_change": -0.11961334347266164
    },
    {
      "date": "2023-11-30T00:00:00",
      "quarter_label": "2023-11 (Q4)",
      "revenue": 545400000,
      "gross_profit": 103400000,
      "operating_income": null,
      "net_income": 23800000,
      "opex": null,
      "cogs": 442000000,
      "rd": null,
      "sga": 65700000,
      "fcf": 10100000,
      "ocf": 17400000,
      "capex": -7300000,
      "gross_margin": 0.1895856252291896,
      "op_margin": null,
      "fcf_margin": 0.018518518518518517,
      "rev_growth_yoy": 0.16091954022988506,
      "rev_growth_yoy_accel": -0.07076318439480686,
      "fcf_margin_change": 0.0690915583584312
    },
    {
      "date": "2024-02-29T00:00:00",
      "quarter_label": "2024-02 (Q1)",
      "revenue": 567300000,
      "gross_profit": 110300000,
      "operating_income": null,
      "net_income": 14000000,
      "opex": null,
      "cogs": 457000000,
      "rd": null,
      "sga": 77000000,
      "fcf": 14600000,
      "ocf": 20400000,
      "capex": -5800000,
      "gross_margin": 0.19442975497972853,
      "op_margin": null,
      "fcf_margin": 0.02573594218226688,
      "rev_growth_yoy": 0.08865860679332183,
      "rev_growth_yoy_accel": -0.07226093343656323,
      "fcf_margin_change": 0.007217423663748362
    },
    {
      "date": "2024-05-31T00:00:00",
      "quarter_label": "2024-05 (Q2)",
      "revenue": 656500000,
      "gross_profit": 127300000,
      "operating_income": null,
      "net_income": 9100000,
      "opex": null,
      "cogs": 529200000,
      "rd": null,
      "sga": 94800000,
      "fcf": 17000000,
      "ocf": 24500000,
      "capex": -7500000,
      "gross_margin": 0.1939070830159939,
      "op_margin": null,
      "fcf_margin": 0.025894897182025894,
      "rev_growth_yoy": 0.1865172600759082,
      "rev_growth_yoy_accel": 0.09785865328258636,
      "fcf_margin_change": 0.0001589549997590145
    },
    {
      "date": "2024-08-31T00:00:00",
      "quarter_label": "2024-08 (Q3)",
      "revenue": 661700000,
      "gross_profit": 117200000,
      "operating_income": null,
      "net_income": 18000000,
      "opex": null,
      "cogs": 544500000,
      "rd": null,
      "sga": 75900000,
      "fcf": -26500000,
      "ocf": -18600000,
      "capex": -7900000,
      "gross_margin": 0.1771195405773009,
      "op_margin": null,
      "fcf_margin": -0.040048360284116666,
      "rev_growth_yoy": 0.20374749863561942,
      "rev_growth_yoy_accel": 0.01723023855971123,
      "fcf_margin_change": -0.06594325746614256
    },
    {
      "date": "2024-11-30T00:00:00",
      "quarter_label": "2024-11 (Q4)",
      "revenue": 686100000,
      "gross_profit": 128600000,
      "operating_income": null,
      "net_income": -30600000,
      "opex": null,
      "cogs": 557500000,
      "rd": null,
      "sga": 133100000,
      "fcf": 13700000,
      "ocf": 22000000,
      "capex": -8300000,
      "gross_margin": 0.18743623378516253,
      "op_margin": null,
      "fcf_margin": 0.019967934703396008,
      "rev_growth_yoy": 0.25797579757975797,
      "rev_growth_yoy_accel": 0.05422829894413855,
      "fcf_margin_change": 0.060016294987512674
    },
    {
      "date": "2025-02-28T00:00:00",
      "quarter_label": "2025-02 (Q1)",
      "revenue": 678200000,
      "gross_profit": 131700000,
      "operating_income": null,
      "net_income": -8900000,
      "opex": null,
      "cogs": 546500000,
      "rd": null,
      "sga": 61300000,
      "fcf": -27200000,
      "ocf": -18700000,
      "capex": -8500000,
      "gross_margin": 0.19419050427602477,
      "op_margin": null,
      "fcf_margin": -0.040106163373636095,
      "rev_growth_yoy": 0.19548739643927376,
      "rev_growth_yoy_accel": -0.06248840114048421,
      "fcf_margin_change": -0.0600740980770321
    },
    {
      "date": "2025-05-31T00:00:00",
      "quarter_label": "2025-05 (Q2)",
      "revenue": 754500000,
      "gross_profit": 150200000,
      "operating_income": null,
      "net_income": 34000000,
      "opex": null,
      "cogs": 604300000,
      "rd": null,
      "sga": 77400000,
      "fcf": 41400000,
      "ocf": 51400000,
      "capex": -10000000,
      "gross_margin": 0.19907223326706427,
      "op_margin": null,
      "fcf_margin": 0.05487077534791252,
      "rev_growth_yoy": 0.14927646610814926,
      "rev_growth_yoy_accel": -0.0462109303311245,
      "fcf_margin_change": 0.09497693872154861
    },
    {
      "date": "2025-08-31T00:00:00",
      "quarter_label": "2025-08 (Q3)",
      "revenue": 739600000,
      "gross_profit": 133700000,
      "operating_income": null,
      "net_income": 34400000,
      "opex": null,
      "cogs": 605900000,
      "rd": null,
      "sga": 71200000,
      "fcf": -53600000,
      "ocf": -44900000,
      "capex": -8700000,
      "gross_margin": 0.18077339102217416,
      "op_margin": null,
      "fcf_margin": -0.07247160627366143,
      "rev_growth_yoy": 0.11772706664651655,
      "rev_growth_yoy_accel": -0.03154939946163271,
      "fcf_margin_change": -0.12734238162157396
    },
    {
      "date": "2025-11-30T00:00:00",
      "quarter_label": "2025-11 (Q4)",
      "revenue": 795300000,
      "gross_profit": 156900000,
      "operating_income": null,
      "net_income": 34600000,
      "opex": null,
      "cogs": 638400000,
      "rd": null,
      "sga": 88700000,
      "fcf": 6200000,
      "ocf": 13600000,
      "capex": -7400000,
      "gross_margin": 0.1972840437570728,
      "op_margin": null,
      "fcf_margin": 0.007795800326920659,
      "rev_growth_yoy": 0.15916047223436816,
      "rev_growth_yoy_accel": 0.04143340558785161,
      "fcf_margin_change": 0.0802674066005821
    }
  ],
  "signals": [
    {
      "quarter": "2025-11 (Q4)",
      "signal": "FCF TURNED POSITIVE",
      "detail": "FCF margin: -7.2% -> +0.8%",
      "severity": "HIGH"
    },
    {
      "quarter": "2025-05 (Q2)",
      "signal": "FCF TURNED POSITIVE",
      "detail": "FCF margin: -4.0% -> +5.5%",
      "severity": "HIGH"
    },
    {
      "quarter": "2025-02 (Q1)",
      "signal": "YoY REVENUE GROWTH DECELERATION",
      "detail": "YoY growth: +19.5% vs prior quarter YoY: +25.8% (decel: -6.2%)",
      "severity": "WARNING"
    },
    {
      "quarter": "2024-11 (Q4)",
      "signal": "FCF TURNED POSITIVE",
      "detail": "FCF margin: -4.0% -> +2.0%",
      "severity": "HIGH"
    },
    {
      "quarter": "2024-11 (Q4)",
      "signal": "YoY REVENUE GROWTH ACCELERATION",
      "detail": "YoY growth: +25.8% vs prior quarter YoY: +20.4% (accel: +5.4%)",
      "severity": "MEDIUM"
    },
    {
      "quarter": "2024-05 (Q2)",
      "signal": "YoY REVENUE GROWTH ACCELERATION",
      "detail": "YoY growth: +18.7% vs prior quarter YoY: +8.9% (accel: +9.8%)",
      "severity": "MEDIUM"
    },
    {
      "quarter": "2024-02 (Q1)",
      "signal": "YoY REVENUE GROWTH DECELERATION",
      "detail": "YoY growth: +8.9% vs prior quarter YoY: +16.1% (decel: -7.2%)",
      "severity": "WARNING"
    },
    {
      "quarter": "2023-11 (Q4)",
      "signal": "FCF TURNED POSITIVE",
      "detail": "FCF margin: -5.1% -> +1.9%",
      "severity": "HIGH"
    },
    {
      "quarter": "2023-11 (Q4)",
      "signal": "YoY REVENUE GROWTH DECELERATION",
      "detail": "YoY growth: +16.1% vs prior quarter YoY: +23.2% (decel: -7.1%)",
      "severity": "WARNING"
    },
    {
      "quarter": "2023-08 (Q3)",
      "signal": "YoY REVENUE GROWTH ACCELERATION",
      "detail": "YoY growth: +23.2% vs prior quarter YoY: +16.2% (accel: +7.0%)",
      "severity": "MEDIUM"
    },
    {
      "quarter": "2023-05 (Q2)",
      "signal": "FCF MARGIN EXPANSION",
      "detail": "FCF margin: +1.5% -> +6.9% (+5.4%)",
      "severity": "MEDIUM"
    },
    {
      "quarter": "2023-02 (Q1)",
      "signal": "FCF TURNED POSITIVE",
      "detail": "FCF margin: -11.1% -> +1.5%",
      "severity": "HIGH"
    },
    {
      "quarter": "2023-02 (Q1)",
      "signal": "YoY REVENUE GROWTH ACCELERATION",
      "detail": "YoY growth: +15.2% vs prior quarter YoY: +7.6% (accel: +7.6%)",
      "severity": "MEDIUM"
    },
    {
      "quarter": "2022-11 (Q4)",
      "signal": "YoY REVENUE GROWTH ACCELERATION",
      "detail": "YoY growth: +7.6% vs prior quarter YoY: -1.9% (accel: +9.5%)",
      "severity": "MEDIUM"
    },
    {
      "quarter": "2022-08 (Q3)",
      "signal": "YoY REVENUE GROWTH DECELERATION",
      "detail": "YoY growth: -1.9% vs prior quarter YoY: +8.8% (decel: -10.7%)",
      "severity": "WARNING"
    },
    {
      "quarter": "2021-11 (Q4)",
      "signal": "GROSS MARGIN INFLECTION",
      "detail": "GM: +16.4% -> +14.2% -> +18.0% (reversal +3.8%)",
      "severity": "MEDIUM"
    }
  ],
  "data_quality": {
    "n_quarters": 20,
    "coverage": {
      "revenue": [
        20,
        20
      ],
      "gross_profit": [
        20,
        20
      ],
      "op_income": [
        0,
        20
      ],
      "fcf": [
        20,
        20
      ]
    },
    "gaps": [],
    "warnings": [
      "op_income: no data"
    ]
  },
  "market_cap": null,
  "source": "SEC EDGAR",
  "last_updated": "2026-02-02T21:11:37.698120"
}