{
  "ticker": "AIRT",
  "name": "Air T, Inc.",
  "quarters": [
    {
      "date": "2020-12-31T00:00:00",
      "quarter_label": "2020-12 (Q4)",
      "revenue": 55819000,
      "gross_profit": null,
      "operating_income": 1068000,
      "net_income": 2098000,
      "opex": 54751000,
      "cogs": null,
      "rd": null,
      "sga": null,
      "fcf": -2742000,
      "ocf": -1035000,
      "capex": -1707000,
      "gross_margin": null,
      "op_margin": 0.019133270033501137,
      "fcf_margin": -0.04912305845679787
    },
    {
      "date": "2021-03-31T00:00:00",
      "quarter_label": "2021-03 (Q1)",
      "revenue": 46728000,
      "gross_profit": null,
      "operating_income": -6294000,
      "net_income": -5615000,
      "opex": 53021000,
      "cogs": null,
      "rd": null,
      "sga": null,
      "fcf": 4354000,
      "ocf": 4838000,
      "capex": -484000,
      "gross_margin": null,
      "op_margin": -0.13469440164355417,
      "fcf_margin": 0.09317753809279233,
      "fcf_margin_change": 0.1423005965495902
    },
    {
      "date": "2021-06-30T00:00:00",
      "quarter_label": "2021-06 (Q2)",
      "revenue": 36968000,
      "gross_profit": null,
      "operating_income": -4000,
      "net_income": 289000,
      "opex": 36972000,
      "cogs": null,
      "rd": null,
      "sga": null,
      "fcf": -8957000,
      "ocf": -8821000,
      "capex": -136000,
      "gross_margin": null,
      "op_margin": -0.00010820168794633196,
      "fcf_margin": -0.24229062973382384,
      "fcf_margin_change": -0.33546816782661615
    },
    {
      "date": "2021-09-30T00:00:00",
      "quarter_label": "2021-09 (Q3)",
      "revenue": 43238000,
      "gross_profit": null,
      "operating_income": 704000,
      "net_income": 7555000,
      "opex": 42534000,
      "cogs": null,
      "rd": null,
      "sga": null,
      "fcf": -14638000,
      "ocf": -13932000,
      "capex": -706000,
      "gross_margin": null,
      "op_margin": 0.01628197418937046,
      "fcf_margin": -0.338544798556825,
      "op_leverage_ratio": 1.1274143158186667,
      "fcf_margin_change": -0.09625416882300117
    },
    {
      "date": "2021-12-31T00:00:00",
      "quarter_label": "2021-12 (Q4)",
      "revenue": 45433000,
      "gross_profit": null,
      "operating_income": 25000,
      "net_income": -1262000,
      "opex": 45408000,
      "cogs": null,
      "rd": null,
      "sga": null,
      "fcf": 2700000,
      "ocf": 3063000,
      "capex": -363000,
      "gross_margin": null,
      "op_margin": 0.0005502608236304008,
      "fcf_margin": 0.05942816895208329,
      "incr_op_margin_yoy": 0.10042364721740805,
      "rev_growth_yoy": -0.18606567656174422,
      "op_leverage_ratio": 0.7513086522805608,
      "fcf_margin_change": 0.3979729675089083
    },
    {
      "date": "2022-03-31T00:00:00",
      "quarter_label": "2022-03 (Q1)",
      "revenue": 51438000,
      "gross_profit": null,
      "operating_income": 8031000,
      "net_income": 4346000,
      "opex": 43406000,
      "cogs": null,
      "rd": null,
      "sga": null,
      "fcf": -13719000,
      "ocf": -13394000,
      "capex": -325000,
      "gross_margin": null,
      "op_margin": 0.15612970955324856,
      "fcf_margin": -0.2667094366032894,
      "incr_op_margin_yoy": 3.0414012738853504,
      "rev_growth_yoy": 0.10079609655880842,
      "rev_growth_yoy_accel": 0.2868617731205526,
      "op_leverage_ratio": Infinity,
      "fcf_margin_change": -0.3261376055553727
    },
    {
      "date": "2022-06-30T00:00:00",
      "quarter_label": "2022-06 (Q2)",
      "revenue": 50862000,
      "gross_profit": null,
      "operating_income": 834000,
      "net_income": -1433000,
      "opex": 50028000,
      "cogs": null,
      "rd": null,
      "sga": null,
      "fcf": -2882000,
      "ocf": -2531000,
      "capex": -351000,
      "gross_margin": null,
      "op_margin": 0.0163973103692344,
      "fcf_margin": -0.05666312767881719,
      "incr_op_margin_yoy": 0.06031380451993666,
      "rev_growth_yoy": 0.3758385630815841,
      "rev_growth_yoy_accel": 0.27504246652277564,
      "fcf_margin_change": 0.21004630892447218
    },
    {
      "date": "2022-09-30T00:00:00",
      "quarter_label": "2022-09 (Q3)",
      "revenue": 60688000,
      "gross_profit": null,
      "operating_income": 179000,
      "net_income": -1232000,
      "opex": 60509000,
      "cogs": null,
      "rd": null,
      "sga": null,
      "fcf": -11827000,
      "ocf": -11415000,
      "capex": -412000,
      "gross_margin": null,
      "op_margin": 0.002949512259425257,
      "fcf_margin": -0.194882019509623,
      "incr_op_margin_yoy": -0.03008595988538682,
      "rev_growth_yoy": 0.4035801840973218,
      "rev_growth_yoy_accel": 0.02774162101573774,
      "op_leverage_ratio": 0.9221333869203228,
      "fcf_margin_change": -0.13821889183080582
    },
    {
      "date": "2022-12-31T00:00:00",
      "quarter_label": "2022-12 (Q4)",
      "revenue": 61396000,
      "gross_profit": null,
      "operating_income": 135000,
      "net_income": -590000,
      "opex": 61261000,
      "cogs": null,
      "rd": null,
      "sga": null,
      "fcf": 9886000,
      "ocf": 10131000,
      "capex": -245000,
      "gross_margin": null,
      "op_margin": 0.0021988403153299888,
      "fcf_margin": 0.1610202619063131,
      "incr_op_margin_yoy": 0.0068909352878531605,
      "rev_growth_yoy": 0.35135254110448355,
      "rev_growth_yoy_accel": -0.052227642992838275,
      "op_leverage_ratio": 0.9387124272876688,
      "fcf_margin_change": 0.3559022814159361
    },
    {
      "date": "2023-03-31T00:00:00",
      "quarter_label": "2023-03 (Q1)",
      "revenue": 74377000,
      "gross_profit": null,
      "operating_income": -5554000,
      "net_income": -9040000,
      "opex": 79931000,
      "cogs": null,
      "rd": null,
      "sga": null,
      "fcf": 20554000,
      "ocf": 20724000,
      "capex": -170000,
      "gross_margin": null,
      "op_margin": -0.07467362222192345,
      "fcf_margin": 0.27634887129085606,
      "incr_op_margin_yoy": -0.5922228519115916,
      "rev_growth_yoy": 0.44595435281309537,
      "rev_growth_yoy_accel": 0.09460181170861182,
      "op_leverage_ratio": 0.6937577318621694,
      "fcf_margin_change": 0.11532860938454295
    },
    {
      "date": "2023-06-30T00:00:00",
      "quarter_label": "2023-06 (Q2)",
      "revenue": 71431000,
      "gross_profit": null,
      "operating_income": 658000,
      "net_income": -531000,
      "opex": 70773000,
      "cogs": null,
      "rd": null,
      "sga": null,
      "fcf": 3080000,
      "ocf": 3484000,
      "capex": -404000,
      "gross_margin": null,
      "op_margin": 0.00921168680264871,
      "fcf_margin": 0.043118533969845024,
      "incr_op_margin_yoy": -0.008556565705673586,
      "rev_growth_yoy": 0.40440800597695725,
      "rev_growth_yoy_accel": -0.041546346836138115,
      "fcf_margin_change": -0.23323033732101103
    },
    {
      "date": "2023-09-30T00:00:00",
      "quarter_label": "2023-09 (Q3)",
      "revenue": 78966000,
      "gross_profit": null,
      "operating_income": 761000,
      "net_income": -1609000,
      "opex": 78205000,
      "cogs": null,
      "rd": null,
      "sga": null,
      "fcf": 12260000,
      "ocf": 12413000,
      "capex": -153000,
      "gross_margin": null,
      "op_margin": 0.009637058987412303,
      "fcf_margin": 0.15525669275384343,
      "incr_op_margin_yoy": 0.031841558157347634,
      "rev_growth_yoy": 0.3011798049037701,
      "rev_growth_yoy_accel": -0.10322820107318714,
      "op_leverage_ratio": 1.004519636698337,
      "fcf_margin_change": 0.11213815878399841
    },
    {
      "date": "2023-12-31T00:00:00",
      "quarter_label": "2023-12 (Q4)",
      "revenue": 63756000,
      "gross_profit": null,
      "operating_income": -1608000,
      "net_income": -2979000,
      "opex": 65364000,
      "cogs": null,
      "rd": null,
      "sga": null,
      "fcf": 7127000,
      "ocf": 7248000,
      "capex": -121000,
      "gross_margin": null,
      "op_margin": -0.025221155655938264,
      "fcf_margin": 0.11178555743773134,
      "incr_op_margin_yoy": -0.7385593220338983,
      "rev_growth_yoy": 0.0384389862531761,
      "rev_growth_yoy_accel": -0.262740818650594,
      "fcf_margin_change": -0.04347113531611209
    },
    {
      "date": "2024-03-31T00:00:00",
      "quarter_label": "2024-03 (Q1)",
      "revenue": 72680000,
      "gross_profit": null,
      "operating_income": 1453000,
      "net_income": -1700000,
      "opex": 71227000,
      "cogs": null,
      "rd": null,
      "sga": null,
      "fcf": -6365000,
      "ocf": -5967000,
      "capex": -398000,
      "gross_margin": null,
      "op_margin": 0.01999174463401211,
      "fcf_margin": -0.08757567418822235,
      "incr_op_margin_yoy": -4.129051266941662,
      "rev_growth_yoy": -0.022816193177998576,
      "rev_growth_yoy_accel": -0.06125517943117467,
      "op_leverage_ratio": 1.560476478436567,
      "fcf_margin_change": -0.1993612316259537
    },
    {
      "date": "2024-06-30T00:00:00",
      "quarter_label": "2024-06 (Q2)",
      "revenue": 66411000,
      "gross_profit": null,
      "operating_income": -577000,
      "net_income": -335000,
      "opex": 66988000,
      "cogs": null,
      "rd": null,
      "sga": null,
      "fcf": -226000,
      "ocf": 113000,
      "capex": -339000,
      "gross_margin": null,
      "op_margin": -0.008688319706072789,
      "fcf_margin": -0.003403050699432323,
      "incr_op_margin_yoy": 0.24601593625498008,
      "rev_growth_yoy": -0.07027761056124092,
      "rev_growth_yoy_accel": -0.047461417383242346,
      "fcf_margin_change": 0.08417262348879002
    },
    {
      "date": "2024-09-30T00:00:00",
      "quarter_label": "2024-09 (Q3)",
      "revenue": 81242000,
      "gross_profit": null,
      "operating_income": 3899000,
      "net_income": 2520000,
      "opex": 77343000,
      "cogs": null,
      "rd": null,
      "sga": null,
      "fcf": 2689000,
      "ocf": 2931000,
      "capex": -242000,
      "gross_margin": null,
      "op_margin": 0.04799241771497501,
      "fcf_margin": 0.0330986435587504,
      "incr_op_margin_yoy": 1.3787346221441126,
      "rev_growth_yoy": 0.028822531215966365,
      "rev_growth_yoy_accel": 0.09910014177720729,
      "op_leverage_ratio": 1.4446988381999772,
      "fcf_margin_change": 0.03650169425818272
    },
    {
      "date": "2024-12-31T00:00:00",
      "quarter_label": "2024-12 (Q4)",
      "revenue": 77880000,
      "gross_profit": null,
      "operating_income": 1816000,
      "net_income": -1297000,
      "opex": 76064000,
      "cogs": null,
      "rd": null,
      "sga": null,
      "fcf": 15982000,
      "ocf": 16333000,
      "capex": -351000,
      "gross_margin": null,
      "op_margin": 0.023317925012840267,
      "fcf_margin": 0.20521314843348742,
      "incr_op_margin_yoy": 0.24242424242424243,
      "rev_growth_yoy": 0.22153209109730848,
      "rev_growth_yoy_accel": 0.1927095598813421,
      "fcf_margin_change": 0.17211450487473703
    },
    {
      "date": "2025-03-31T00:00:00",
      "quarter_label": "2025-03 (Q1)",
      "revenue": 66315000,
      "gross_profit": null,
      "operating_income": -3229000,
      "net_income": -7028000,
      "opex": 69544000,
      "cogs": null,
      "rd": null,
      "sga": null,
      "fcf": 3970000,
      "ocf": 4119000,
      "capex": -149000,
      "gross_margin": null,
      "op_margin": -0.04869184950614491,
      "fcf_margin": 0.05986579205308,
      "incr_op_margin_yoy": 0.7355852317360566,
      "rev_growth_yoy": -0.08757567418822235,
      "rev_growth_yoy_accel": -0.30910776528553086,
      "fcf_margin_change": -0.1453473563804074
    },
    {
      "date": "2025-06-30T00:00:00",
      "quarter_label": "2025-06 (Q2)",
      "revenue": 70870000,
      "gross_profit": null,
      "operating_income": 446000,
      "net_income": -1636000,
      "opex": 70424000,
      "cogs": null,
      "rd": null,
      "sga": null,
      "fcf": -1326000,
      "ocf": -1095000,
      "capex": -231000,
      "gross_margin": null,
      "op_margin": 0.006293212925074079,
      "fcf_margin": -0.018710314660646255,
      "incr_op_margin_yoy": 0.2294236375869029,
      "rev_growth_yoy": 0.06714249145472889,
      "rev_growth_yoy_accel": 0.15471816564295124,
      "op_leverage_ratio": 5.42817201647783,
      "fcf_margin_change": -0.07857610671372625
    },
    {
      "date": "2025-09-30T00:00:00",
      "quarter_label": "2025-09 (Q3)",
      "revenue": 64150000,
      "gross_profit": null,
      "operating_income": 5508000,
      "net_income": 4355000,
      "opex": 65676000,
      "cogs": null,
      "rd": null,
      "sga": null,
      "fcf": -5622000,
      "ocf": -5409000,
      "capex": -213000,
      "gross_margin": null,
      "op_margin": 0.08586126266562744,
      "fcf_margin": -0.08763834762275916,
      "incr_op_margin_yoy": -0.09413760823777206,
      "rev_growth_yoy": -0.21038379163486867,
      "rev_growth_yoy_accel": -0.2775262830895976,
      "fcf_margin_change": -0.0689280329621129
    }
  ],
  "signals": [
    {
      "quarter": "2025-09 (Q3)",
      "signal": "YoY REVENUE GROWTH DECELERATION",
      "detail": "YoY growth: -21.0% vs prior quarter YoY: +6.7% (decel: -27.8%)",
      "severity": "WARNING"
    },
    {
      "quarter": "2025-06 (Q2)",
      "signal": "OPERATING LEVERAGE",
      "detail": "Rev growth +6.9% vs OpEx growth +1.3% (leverage: 5.4x)",
      "severity": "MEDIUM"
    },
    {
      "quarter": "2025-06 (Q2)",
      "signal": "YoY REVENUE GROWTH ACCELERATION",
      "detail": "YoY growth: +6.7% vs prior quarter YoY: -8.8% (accel: +15.5%)",
      "severity": "HIGH"
    },
    {
      "quarter": "2025-06 (Q2)",
      "signal": "OP MARGIN TURNED POSITIVE (YoY)",
      "detail": "Op margin: -0.9% (year-ago) -> +0.6%",
      "severity": "HIGH"
    },
    {
      "quarter": "2025-06 (Q2)",
      "signal": "OP MARGIN TURNED POSITIVE (QoQ)",
      "detail": "Op margin: -4.9% -> +0.6%",
      "severity": "HIGH"
    },
    {
      "quarter": "2025-03 (Q1)",
      "signal": "YoY REVENUE GROWTH DECELERATION",
      "detail": "YoY growth: -8.8% vs prior quarter YoY: +22.2% (decel: -30.9%)",
      "severity": "WARNING"
    },
    {
      "quarter": "2024-12 (Q4)",
      "signal": "FCF MARGIN EXPANSION",
      "detail": "FCF margin: +3.3% -> +20.5% (+17.2%)",
      "severity": "MEDIUM"
    },
    {
      "quarter": "2024-12 (Q4)",
      "signal": "YoY REVENUE GROWTH ACCELERATION",
      "detail": "YoY growth: +22.2% vs prior quarter YoY: +2.9% (accel: +19.3%)",
      "severity": "HIGH"
    },
    {
      "quarter": "2024-12 (Q4)",
      "signal": "OP MARGIN TURNED POSITIVE (YoY)",
      "detail": "Op margin: -2.5% (year-ago) -> +2.3%",
      "severity": "HIGH"
    },
    {
      "quarter": "2024-09 (Q3)",
      "signal": "FCF TURNED POSITIVE",
      "detail": "FCF margin: -0.3% -> +3.3%",
      "severity": "HIGH"
    },
    {
      "quarter": "2024-09 (Q3)",
      "signal": "YoY REVENUE GROWTH ACCELERATION",
      "detail": "YoY growth: +2.9% vs prior quarter YoY: -7.0% (accel: +9.9%)",
      "severity": "MEDIUM"
    },
    {
      "quarter": "2024-09 (Q3)",
      "signal": "INCREMENTAL MARGIN (YoY)",
      "detail": "YoY Incr OPM: +137.9% vs year-ago OPM: +1.0%",
      "severity": "HIGH"
    },
    {
      "quarter": "2024-09 (Q3)",
      "signal": "OP MARGIN TURNED POSITIVE (QoQ)",
      "detail": "Op margin: -0.9% -> +4.8%",
      "severity": "HIGH"
    },
    {
      "quarter": "2024-06 (Q2)",
      "signal": "FCF MARGIN EXPANSION",
      "detail": "FCF margin: -8.8% -> -0.3% (+8.4%)",
      "severity": "MEDIUM"
    },
    {
      "quarter": "2024-03 (Q1)",
      "signal": "OPERATING LEVERAGE",
      "detail": "Rev growth +14.0% vs OpEx growth +9.0% (leverage: 1.6x)",
      "severity": "MEDIUM"
    },
    {
      "quarter": "2024-03 (Q1)",
      "signal": "YoY REVENUE GROWTH DECELERATION",
      "detail": "YoY growth: -2.3% vs prior quarter YoY: +3.8% (decel: -6.1%)",
      "severity": "WARNING"
    },
    {
      "quarter": "2024-03 (Q1)",
      "signal": "OP MARGIN TURNED POSITIVE (YoY)",
      "detail": "Op margin: -7.5% (year-ago) -> +2.0%",
      "severity": "HIGH"
    },
    {
      "quarter": "2024-03 (Q1)",
      "signal": "OP MARGIN TURNED POSITIVE (QoQ)",
      "detail": "Op margin: -2.5% -> +2.0%",
      "severity": "HIGH"
    },
    {
      "quarter": "2023-12 (Q4)",
      "signal": "YoY REVENUE GROWTH DECELERATION",
      "detail": "YoY growth: +3.8% vs prior quarter YoY: +30.1% (decel: -26.3%)",
      "severity": "WARNING"
    },
    {
      "quarter": "2023-09 (Q3)",
      "signal": "FCF MARGIN EXPANSION",
      "detail": "FCF margin: +4.3% -> +15.5% (+11.2%)",
      "severity": "MEDIUM"
    },
    {
      "quarter": "2023-09 (Q3)",
      "signal": "YoY REVENUE GROWTH DECELERATION",
      "detail": "YoY growth: +30.1% vs prior quarter YoY: +40.4% (decel: -10.3%)",
      "severity": "WARNING"
    },
    {
      "quarter": "2023-06 (Q2)",
      "signal": "OP MARGIN TURNED POSITIVE (QoQ)",
      "detail": "Op margin: -7.5% -> +0.9%",
      "severity": "HIGH"
    },
    {
      "quarter": "2023-03 (Q1)",
      "signal": "FCF MARGIN EXPANSION",
      "detail": "FCF margin: +16.1% -> +27.6% (+11.5%)",
      "severity": "MEDIUM"
    },
    {
      "quarter": "2023-03 (Q1)",
      "signal": "YoY REVENUE GROWTH ACCELERATION",
      "detail": "YoY growth: +44.6% vs prior quarter YoY: +35.1% (accel: +9.5%)",
      "severity": "MEDIUM"
    },
    {
      "quarter": "2022-12 (Q4)",
      "signal": "FCF TURNED POSITIVE",
      "detail": "FCF margin: -19.5% -> +16.1%",
      "severity": "HIGH"
    },
    {
      "quarter": "2022-12 (Q4)",
      "signal": "YoY REVENUE GROWTH DECELERATION",
      "detail": "YoY growth: +35.1% vs prior quarter YoY: +40.4% (decel: -5.2%)",
      "severity": "WARNING"
    },
    {
      "quarter": "2022-06 (Q2)",
      "signal": "FCF MARGIN EXPANSION",
      "detail": "FCF margin: -26.7% -> -5.7% (+21.0%)",
      "severity": "MEDIUM"
    },
    {
      "quarter": "2022-06 (Q2)",
      "signal": "YoY REVENUE GROWTH ACCELERATION",
      "detail": "YoY growth: +37.6% vs prior quarter YoY: +10.1% (accel: +27.5%)",
      "severity": "HIGH"
    },
    {
      "quarter": "2022-06 (Q2)",
      "signal": "OP MARGIN TURNED POSITIVE (YoY)",
      "detail": "Op margin: -0.0% (year-ago) -> +1.6%",
      "severity": "HIGH"
    },
    {
      "quarter": "2022-03 (Q1)",
      "signal": "YoY REVENUE GROWTH ACCELERATION",
      "detail": "YoY growth: +10.1% vs prior quarter YoY: -18.6% (accel: +28.7%)",
      "severity": "HIGH"
    },
    {
      "quarter": "2022-03 (Q1)",
      "signal": "OP MARGIN TURNED POSITIVE (YoY)",
      "detail": "Op margin: -13.5% (year-ago) -> +15.6%",
      "severity": "HIGH"
    },
    {
      "quarter": "2021-12 (Q4)",
      "signal": "FCF TURNED POSITIVE",
      "detail": "FCF margin: -33.9% -> +5.9%",
      "severity": "HIGH"
    },
    {
      "quarter": "2021-09 (Q3)",
      "signal": "OP MARGIN TURNED POSITIVE (QoQ)",
      "detail": "Op margin: -0.0% -> +1.6%",
      "severity": "HIGH"
    },
    {
      "quarter": "2021-03 (Q1)",
      "signal": "FCF TURNED POSITIVE",
      "detail": "FCF margin: -4.9% -> +9.3%",
      "severity": "HIGH"
    }
  ],
  "data_quality": {
    "n_quarters": 20,
    "coverage": {
      "revenue": [
        20,
        20
      ],
      "gross_profit": [
        0,
        20
      ],
      "op_income": [
        20,
        20
      ],
      "fcf": [
        20,
        20
      ]
    },
    "gaps": [],
    "warnings": [
      "gross_profit: no data"
    ]
  },
  "market_cap": null,
  "source": "SEC EDGAR",
  "last_updated": "2026-02-02T23:34:12.943292"
}