{
  "ticker": "AIT",
  "name": "APPLIED INDUSTRIAL TECHNOLOGIES, INC.",
  "quarters": [
    {
      "date": "2021-03-31T00:00:00",
      "quarter_label": "2021-03 (Q1)",
      "revenue": 840937000,
      "gross_profit": 247225000,
      "operating_income": 74467000,
      "net_income": 56063000,
      "opex": 172758000,
      "cogs": 593712000,
      "rd": null,
      "sga": 172758000,
      "fcf": 44053000,
      "ocf": 44053000,
      "capex": null,
      "gross_margin": 0.29398754008921,
      "op_margin": 0.08855241236858409,
      "fcf_margin": 0.05238561271534015
    },
    {
      "date": "2021-06-30T00:00:00",
      "quarter_label": "2021-06 (Q2)",
      "revenue": 895888000,
      "gross_profit": 262984000,
      "operating_income": 81101000,
      "net_income": 59244000,
      "opex": 181883000,
      "cogs": 632904000,
      "rd": null,
      "sga": 181883000,
      "fcf": 38288000,
      "ocf": 38288000,
      "capex": null,
      "gross_margin": 0.29354562177415033,
      "op_margin": 0.09052582465665351,
      "fcf_margin": 0.04273748504277321,
      "op_leverage_ratio": 1.237135967493273,
      "fcf_margin_change": -0.009648127672566946
    },
    {
      "date": "2021-09-30T00:00:00",
      "quarter_label": "2021-09 (Q3)",
      "revenue": 891681000,
      "gross_profit": 255340000,
      "operating_income": 74614000,
      "net_income": 52969000,
      "opex": 180726000,
      "cogs": 636341000,
      "rd": null,
      "sga": 180726000,
      "fcf": 48642000,
      "ocf": 48642000,
      "capex": null,
      "gross_margin": 0.286358013684266,
      "op_margin": 0.08367790723364073,
      "fcf_margin": 0.05455089880798178,
      "fcf_margin_change": 0.011813413765208572
    },
    {
      "date": "2021-12-31T00:00:00",
      "quarter_label": "2021-12 (Q4)",
      "revenue": 876874000,
      "gross_profit": 257625000,
      "operating_income": 78177000,
      "net_income": 57026000,
      "opex": 179448000,
      "cogs": 619249000,
      "rd": null,
      "sga": 179448000,
      "fcf": 32622000,
      "ocf": 32622000,
      "capex": null,
      "gross_margin": 0.2937993371909761,
      "op_margin": 0.08915420003330012,
      "fcf_margin": 0.037202608356502756,
      "fcf_margin_change": -0.017348290451479023
    },
    {
      "date": "2022-03-31T00:00:00",
      "quarter_label": "2022-03 (Q1)",
      "revenue": 980662000,
      "gross_profit": 287324000,
      "operating_income": 95843000,
      "net_income": 68306000,
      "opex": 191481000,
      "cogs": 693338000,
      "rd": null,
      "sga": 191481000,
      "fcf": 52559000,
      "ocf": 52559000,
      "capex": null,
      "gross_margin": 0.2929898374771328,
      "op_margin": 0.09773295998009508,
      "fcf_margin": 0.053595428394288755,
      "incr_op_margin_yoy": 0.15298622293791375,
      "rev_growth_yoy": 0.16615394494474617,
      "op_leverage_ratio": 1.7651217065836349,
      "fcf_margin_change": 0.016392820037786
    },
    {
      "date": "2022-06-30T00:00:00",
      "quarter_label": "2022-06 (Q2)",
      "revenue": 1061459000,
      "gross_profit": 306627000,
      "operating_income": 109224000,
      "net_income": 79113000,
      "opex": 197403000,
      "cogs": 754832000,
      "rd": null,
      "sga": 197403000,
      "fcf": 53747000,
      "ocf": 53747000,
      "capex": null,
      "gross_margin": 0.28887314535935915,
      "op_margin": 0.1028998764907547,
      "fcf_margin": 0.05063502217231188,
      "incr_op_margin_yoy": 0.1698546243001492,
      "rev_growth_yoy": 0.18481216402050257,
      "rev_growth_yoy_accel": 0.018658219075756405,
      "op_leverage_ratio": 2.663993571619074,
      "fcf_margin_change": -0.002960406221976873
    },
    {
      "date": "2022-09-30T00:00:00",
      "quarter_label": "2022-09 (Q3)",
      "revenue": 1062405000,
      "gross_profit": 306783000,
      "operating_income": 106532000,
      "net_income": 76880000,
      "opex": 200251000,
      "cogs": 755622000,
      "rd": null,
      "sga": 200251000,
      "fcf": 25943000,
      "ocf": 25943000,
      "capex": null,
      "gross_margin": 0.28876275996442036,
      "op_margin": 0.10027437747375059,
      "fcf_margin": 0.0244191245334877,
      "incr_op_margin_yoy": 0.18695672547503572,
      "rev_growth_yoy": 0.19146309049985366,
      "rev_growth_yoy_accel": 0.006650926479351088,
      "fcf_margin_change": -0.026215897638824183
    },
    {
      "date": "2022-12-31T00:00:00",
      "quarter_label": "2022-12 (Q4)",
      "revenue": 1060280000,
      "gross_profit": 308505000,
      "operating_income": 112893000,
      "net_income": 80457000,
      "opex": 195612000,
      "cogs": 751775000,
      "rd": null,
      "sga": 195612000,
      "fcf": 62880000,
      "ocf": 62880000,
      "capex": null,
      "gross_margin": 0.2909655939940393,
      "op_margin": 0.10647470479495982,
      "fcf_margin": 0.05930508922171502,
      "incr_op_margin_yoy": 0.18928497431926983,
      "rev_growth_yoy": 0.20915889854186576,
      "rev_growth_yoy_accel": 0.017695808042012096,
      "fcf_margin_change": 0.03488596468822732
    },
    {
      "date": "2023-03-31T00:00:00",
      "quarter_label": "2023-03 (Q1)",
      "revenue": 1132035000,
      "gross_profit": 333118000,
      "operating_income": 126911000,
      "net_income": 97187000,
      "opex": 206207000,
      "cogs": 798917000,
      "rd": null,
      "sga": 206207000,
      "fcf": 75204000,
      "ocf": 75204000,
      "capex": null,
      "gross_margin": 0.29426475329826374,
      "op_margin": 0.11210872455356946,
      "fcf_margin": 0.06643257496455499,
      "incr_op_margin_yoy": 0.20524135744155167,
      "rev_growth_yoy": 0.15435797451109556,
      "rev_growth_yoy_accel": -0.05480092403077019,
      "op_leverage_ratio": 1.2494708593185417,
      "fcf_margin_change": 0.007127485742839966
    },
    {
      "date": "2023-06-30T00:00:00",
      "quarter_label": "2023-06 (Q2)",
      "revenue": 1158074000,
      "gross_profit": 338559000,
      "operating_income": 126815000,
      "net_income": 92215000,
      "opex": 211744000,
      "cogs": 819515000,
      "rd": null,
      "sga": 211744000,
      "fcf": 179939000,
      "ocf": 179939000,
      "capex": null,
      "gross_margin": 0.2923466030668161,
      "op_margin": 0.10950509207529052,
      "fcf_margin": 0.15537780832658363,
      "incr_op_margin_yoy": 0.18207317704290224,
      "rev_growth_yoy": 0.09102094381412754,
      "rev_growth_yoy_accel": -0.06333703069696803,
      "op_leverage_ratio": 0.8566300943621264,
      "fcf_margin_change": 0.08894523336202864
    },
    {
      "date": "2023-09-30T00:00:00",
      "quarter_label": "2023-09 (Q3)",
      "revenue": 1095188000,
      "gross_profit": 325082000,
      "operating_income": 120680000,
      "net_income": 93826000,
      "opex": 204402000,
      "cogs": 770106000,
      "rd": null,
      "sga": 204402000,
      "fcf": 66209000,
      "ocf": 66209000,
      "capex": null,
      "gross_margin": 0.29682757663524434,
      "op_margin": 0.11019112700285248,
      "fcf_margin": 0.0604544607866412,
      "incr_op_margin_yoy": 0.43156514046914557,
      "rev_growth_yoy": 0.03085734724516545,
      "rev_growth_yoy_accel": -0.060163596568962086,
      "fcf_margin_change": -0.09492334753994243
    },
    {
      "date": "2023-12-31T00:00:00",
      "quarter_label": "2023-12 (Q4)",
      "revenue": 1077153000,
      "gross_profit": 317090000,
      "operating_income": 114594000,
      "net_income": 91228000,
      "opex": 202496000,
      "cogs": 760063000,
      "rd": null,
      "sga": 202496000,
      "fcf": 101758000,
      "ocf": 101758000,
      "capex": null,
      "gross_margin": 0.2943778646116197,
      "op_margin": 0.10638600087452757,
      "fcf_margin": 0.09446940221119934,
      "incr_op_margin_yoy": 0.10081194808273573,
      "rev_growth_yoy": 0.015913720903912174,
      "rev_growth_yoy_accel": -0.014943626341253277,
      "fcf_margin_change": 0.034014941424558146
    },
    {
      "date": "2024-03-31T00:00:00",
      "quarter_label": "2024-03 (Q1)",
      "revenue": 1146390000,
      "gross_profit": 338246000,
      "operating_income": 121206000,
      "net_income": 97217000,
      "opex": 217040000,
      "cogs": 808144000,
      "rd": null,
      "sga": 217040000,
      "fcf": 84192000,
      "ocf": 84192000,
      "capex": null,
      "gross_margin": 0.29505316689782707,
      "op_margin": 0.10572841703085338,
      "fcf_margin": 0.07344097558422526,
      "incr_op_margin_yoy": -0.39742250087077674,
      "rev_growth_yoy": 0.012680703335144232,
      "rev_growth_yoy_accel": -0.003233017568767942,
      "op_leverage_ratio": 0.8949389899315902,
      "fcf_margin_change": -0.021028426626974087
    },
    {
      "date": "2024-06-30T00:00:00",
      "quarter_label": "2024-06 (Q2)",
      "revenue": 1160675000,
      "gross_profit": 356235000,
      "operating_income": 139343000,
      "net_income": 103491000,
      "opex": 216892000,
      "cogs": 804440000,
      "rd": null,
      "sga": 216892000,
      "fcf": 119234000,
      "ocf": 119234000,
      "capex": null,
      "gross_margin": 0.3069205419260344,
      "op_margin": 0.1200534171925819,
      "fcf_margin": 0.10272815387597733,
      "incr_op_margin_yoy": 4.8166089965397925,
      "rev_growth_yoy": 0.002245970464754411,
      "rev_growth_yoy_accel": -0.010434732870389821,
      "op_leverage_ratio": Infinity,
      "fcf_margin_change": 0.029287178291752078
    },
    {
      "date": "2024-09-30T00:00:00",
      "quarter_label": "2024-09 (Q3)",
      "revenue": 1098944000,
      "gross_profit": 325082000,
      "operating_income": 113172000,
      "net_income": 92063000,
      "opex": 211910000,
      "cogs": 773862000,
      "rd": null,
      "sga": 211910000,
      "fcf": 127747000,
      "ocf": 127747000,
      "capex": null,
      "gross_margin": 0.2958130714576903,
      "op_margin": 0.10298249956321705,
      "fcf_margin": 0.11624523178615107,
      "incr_op_margin_yoy": -1.9989350372736954,
      "rev_growth_yoy": 0.0034295481688988556,
      "rev_growth_yoy_accel": 0.0011835777041444445,
      "fcf_margin_change": 0.01351707791017373
    },
    {
      "date": "2024-12-31T00:00:00",
      "quarter_label": "2024-12 (Q4)",
      "revenue": 1073001000,
      "gross_profit": 328050000,
      "operating_income": 120870000,
      "net_income": 93290000,
      "opex": 207180000,
      "cogs": 744951000,
      "rd": null,
      "sga": 207180000,
      "fcf": 95137000,
      "ocf": 95137000,
      "capex": null,
      "gross_margin": 0.30573130873130594,
      "op_margin": 0.1126466797328241,
      "fcf_margin": 0.08866440944603034,
      "incr_op_margin_yoy": -1.5115606936416186,
      "rev_growth_yoy": -0.0038546056131301683,
      "rev_growth_yoy_accel": -0.007284153782029024,
      "fcf_margin_change": -0.027580822340120728
    },
    {
      "date": "2025-03-31T00:00:00",
      "quarter_label": "2025-03 (Q1)",
      "revenue": 1166749000,
      "gross_profit": 355290000,
      "operating_income": 129402000,
      "net_income": 99799000,
      "opex": 225888000,
      "cogs": 811459000,
      "rd": null,
      "sga": 225888000,
      "fcf": 122453000,
      "ocf": 122453000,
      "capex": null,
      "gross_margin": 0.30451279581126706,
      "op_margin": 0.11090817305178749,
      "fcf_margin": 0.10495230765143146,
      "incr_op_margin_yoy": 0.4025738002848863,
      "rev_growth_yoy": 0.01775922679018484,
      "rev_growth_yoy_accel": 0.02161383240331501,
      "op_leverage_ratio": 0.967569905887838,
      "fcf_margin_change": 0.016287898205401122
    },
    {
      "date": "2025-06-30T00:00:00",
      "quarter_label": "2025-06 (Q2)",
      "revenue": 1224730000,
      "gross_profit": 374737000,
      "operating_income": 135085000,
      "net_income": 107836000,
      "opex": 239652000,
      "cogs": 849993000,
      "rd": null,
      "sga": 239652000,
      "fcf": 147048000,
      "ocf": 147048000,
      "capex": null,
      "gross_margin": 0.3059751945326725,
      "op_margin": 0.11029777991883925,
      "fcf_margin": 0.12006564712222285,
      "incr_op_margin_yoy": -0.0664741237998595,
      "rev_growth_yoy": 0.05518771404570616,
      "rev_growth_yoy_accel": 0.03742848725552132,
      "op_leverage_ratio": 0.8155615832764737,
      "fcf_margin_change": 0.015113339470791395
    },
    {
      "date": "2025-09-30T00:00:00",
      "quarter_label": "2025-09 (Q3)",
      "revenue": 1199523000,
      "gross_profit": 361429000,
      "operating_income": 129030000,
      "net_income": 100807000,
      "opex": 232399000,
      "cogs": 838094000,
      "rd": null,
      "sga": 232399000,
      "fcf": 119317000,
      "ocf": 119317000,
      "capex": null,
      "gross_margin": 0.301310604298542,
      "op_margin": 0.10756775818387809,
      "fcf_margin": 0.09947037280652393,
      "incr_op_margin_yoy": 0.1576671074478768,
      "rev_growth_yoy": 0.09152331692970707,
      "rev_growth_yoy_accel": 0.03633560288400091,
      "fcf_margin_change": -0.020595274315698922
    },
    {
      "date": "2025-12-31T00:00:00",
      "quarter_label": "2025-12 (Q4)",
      "revenue": 1163023000,
      "gross_profit": 353334000,
      "operating_income": 123209000,
      "net_income": 95349000,
      "opex": 230125000,
      "cogs": 809689000,
      "rd": null,
      "sga": 230125000,
      "fcf": 99659000,
      "ocf": 99659000,
      "capex": null,
      "gross_margin": 0.30380654552833436,
      "op_margin": 0.10593857559136835,
      "fcf_margin": 0.0856896209275311,
      "incr_op_margin_yoy": 0.02598253760191953,
      "rev_growth_yoy": 0.08389740550102004,
      "rev_growth_yoy_accel": -0.007625911428687029,
      "fcf_margin_change": -0.01378075187899283
    }
  ],
  "signals": [
    {
      "quarter": "2025-03 (Q1)",
      "signal": "INCREMENTAL MARGIN (YoY)",
      "detail": "YoY Incr OPM: +40.3% vs year-ago OPM: +10.6%",
      "severity": "HIGH"
    },
    {
      "quarter": "2024-06 (Q2)",
      "signal": "INCREMENTAL MARGIN (YoY)",
      "detail": "YoY Incr OPM: +481.7% vs year-ago OPM: +11.0%",
      "severity": "HIGH"
    },
    {
      "quarter": "2023-09 (Q3)",
      "signal": "YoY REVENUE GROWTH DECELERATION",
      "detail": "YoY growth: +3.1% vs prior quarter YoY: +9.1% (decel: -6.0%)",
      "severity": "WARNING"
    },
    {
      "quarter": "2023-09 (Q3)",
      "signal": "INCREMENTAL MARGIN (YoY)",
      "detail": "YoY Incr OPM: +43.2% vs year-ago OPM: +10.0%",
      "severity": "HIGH"
    },
    {
      "quarter": "2023-06 (Q2)",
      "signal": "FCF MARGIN EXPANSION",
      "detail": "FCF margin: +6.6% -> +15.5% (+8.9%)",
      "severity": "MEDIUM"
    },
    {
      "quarter": "2023-06 (Q2)",
      "signal": "YoY REVENUE GROWTH DECELERATION",
      "detail": "YoY growth: +9.1% vs prior quarter YoY: +15.4% (decel: -6.3%)",
      "severity": "WARNING"
    },
    {
      "quarter": "2023-03 (Q1)",
      "signal": "YoY REVENUE GROWTH DECELERATION",
      "detail": "YoY growth: +15.4% vs prior quarter YoY: +20.9% (decel: -5.5%)",
      "severity": "WARNING"
    },
    {
      "quarter": "2023-03 (Q1)",
      "signal": "INCREMENTAL MARGIN (YoY)",
      "detail": "YoY Incr OPM: +20.5% vs year-ago OPM: +9.8%",
      "severity": "MEDIUM"
    },
    {
      "quarter": "2022-12 (Q4)",
      "signal": "INCREMENTAL MARGIN (YoY)",
      "detail": "YoY Incr OPM: +18.9% vs year-ago OPM: +8.9%",
      "severity": "MEDIUM"
    },
    {
      "quarter": "2022-09 (Q3)",
      "signal": "INCREMENTAL MARGIN (YoY)",
      "detail": "YoY Incr OPM: +18.7% vs year-ago OPM: +8.4%",
      "severity": "MEDIUM"
    },
    {
      "quarter": "2022-06 (Q2)",
      "signal": "OPERATING LEVERAGE",
      "detail": "Rev growth +8.2% vs OpEx growth +3.1% (leverage: 2.7x)",
      "severity": "MEDIUM"
    },
    {
      "quarter": "2022-03 (Q1)",
      "signal": "OPERATING LEVERAGE",
      "detail": "Rev growth +11.8% vs OpEx growth +6.7% (leverage: 1.8x)",
      "severity": "MEDIUM"
    }
  ],
  "data_quality": {
    "n_quarters": 20,
    "coverage": {
      "revenue": [
        20,
        20
      ],
      "gross_profit": [
        20,
        20
      ],
      "op_income": [
        20,
        20
      ],
      "fcf": [
        20,
        20
      ]
    },
    "gaps": [],
    "warnings": []
  },
  "market_cap": null,
  "source": "SEC EDGAR",
  "last_updated": "2026-02-02T20:38:43.112562",
  "sector": "Industrials",
  "industry": "Industrial Distribution"
}