{
  "ticker": "AIV",
  "name": "Apartment Investment and Management Company",
  "quarters": [
    {
      "date": "2020-12-31T00:00:00",
      "quarter_label": "2020-12 (Q4)",
      "revenue": 38649000,
      "gross_profit": null,
      "operating_income": -18725000,
      "net_income": -26011000,
      "opex": -411636000,
      "cogs": null,
      "rd": null,
      "sga": null,
      "fcf": 6514000,
      "ocf": 6514000,
      "capex": null,
      "gross_margin": null,
      "op_margin": -0.4844886025511656,
      "fcf_margin": 0.16854252373929468
    },
    {
      "date": "2021-03-31T00:00:00",
      "quarter_label": "2021-03 (Q1)",
      "revenue": 39804000,
      "gross_profit": null,
      "operating_income": -4166000,
      "net_income": 20214000,
      "opex": 43970000,
      "cogs": null,
      "rd": null,
      "sga": null,
      "fcf": 2324000,
      "ocf": 2324000,
      "capex": null,
      "gross_margin": null,
      "op_margin": -0.1046628479549794,
      "fcf_margin": 0.05838609185006532,
      "op_leverage_ratio": Infinity,
      "fcf_margin_change": -0.11015643188922936
    },
    {
      "date": "2021-06-30T00:00:00",
      "quarter_label": "2021-06 (Q2)",
      "revenue": 40418000,
      "gross_profit": null,
      "operating_income": -4007000,
      "net_income": -19690000,
      "opex": 44425000,
      "cogs": null,
      "rd": null,
      "sga": null,
      "fcf": 14142000,
      "ocf": 14142000,
      "capex": null,
      "gross_margin": null,
      "op_margin": -0.0991389974763719,
      "fcf_margin": 0.3498936117571379,
      "op_leverage_ratio": 1.4906878871304559,
      "fcf_margin_change": 0.2915075199070726
    },
    {
      "date": "2021-09-30T00:00:00",
      "quarter_label": "2021-09 (Q3)",
      "revenue": 42893000,
      "gross_profit": null,
      "operating_income": -5839000,
      "net_income": -5016000,
      "opex": 48732000,
      "cogs": null,
      "rd": null,
      "sga": null,
      "fcf": 5619000,
      "ocf": 5619000,
      "capex": null,
      "gross_margin": null,
      "op_margin": -0.1361294383698972,
      "fcf_margin": 0.13100039633506633,
      "op_leverage_ratio": 0.6316157461699606,
      "fcf_margin_change": -0.21889321542207157
    },
    {
      "date": "2021-12-31T00:00:00",
      "quarter_label": "2021-12 (Q4)",
      "revenue": 46721000,
      "gross_profit": null,
      "operating_income": -1628000,
      "net_income": -1418000,
      "opex": 48349000,
      "cogs": null,
      "rd": null,
      "sga": null,
      "fcf": -9499000,
      "ocf": -9499000,
      "capex": null,
      "gross_margin": null,
      "op_margin": -0.034845144581665634,
      "fcf_margin": -0.20331328524646305,
      "incr_op_margin_yoy": 2.118062438057483,
      "rev_growth_yoy": 0.20885404538280422,
      "op_leverage_ratio": Infinity,
      "fcf_margin_change": -0.3343136815815294
    },
    {
      "date": "2022-03-31T00:00:00",
      "quarter_label": "2022-03 (Q1)",
      "revenue": 49994000,
      "gross_profit": null,
      "operating_income": -1817000,
      "net_income": 8095000,
      "opex": 51811000,
      "cogs": null,
      "rd": null,
      "sga": null,
      "fcf": 6511000,
      "ocf": 6511000,
      "capex": null,
      "gross_margin": null,
      "op_margin": -0.036344361323358804,
      "fcf_margin": 0.13023562827539303,
      "incr_op_margin_yoy": 0.23052011776251227,
      "rev_growth_yoy": 0.2560044216661642,
      "rev_growth_yoy_accel": 0.047150376283359996,
      "op_leverage_ratio": 0.9783501323558034,
      "fcf_margin_change": 0.3335489135218561
    },
    {
      "date": "2022-06-30T00:00:00",
      "quarter_label": "2022-06 (Q2)",
      "revenue": 50697000,
      "gross_profit": null,
      "operating_income": -12835000,
      "net_income": 235853000,
      "opex": 63532000,
      "cogs": null,
      "rd": null,
      "sga": null,
      "fcf": 18867000,
      "ocf": 18867000,
      "capex": null,
      "gross_margin": null,
      "op_margin": -0.2531707990610884,
      "fcf_margin": 0.37215219835493224,
      "incr_op_margin_yoy": -0.8588384084054869,
      "rev_growth_yoy": 0.2543173833440546,
      "rev_growth_yoy_accel": -0.0016870383221095908,
      "op_leverage_ratio": 0.06215767306631868,
      "fcf_margin_change": 0.2419165700795392
    },
    {
      "date": "2022-09-30T00:00:00",
      "quarter_label": "2022-09 (Q3)",
      "revenue": 47683000,
      "gross_profit": null,
      "operating_income": -66019000,
      "net_income": 29067000,
      "opex": 113702000,
      "cogs": null,
      "rd": null,
      "sga": null,
      "fcf": 202874000,
      "ocf": 202874000,
      "capex": null,
      "gross_margin": null,
      "op_margin": -1.3845395633663988,
      "fcf_margin": 4.2546400184552144,
      "incr_op_margin_yoy": -12.563674321503132,
      "rev_growth_yoy": 0.11167323339472641,
      "rev_growth_yoy_accel": -0.14264414994932823,
      "fcf_margin_change": 3.882487820100282
    },
    {
      "date": "2022-12-31T00:00:00",
      "quarter_label": "2022-12 (Q4)",
      "revenue": 41969000,
      "gross_profit": null,
      "operating_income": 584000,
      "net_income": -198372000,
      "opex": 41385000,
      "cogs": null,
      "rd": null,
      "sga": null,
      "fcf": -24020000,
      "ocf": -24020000,
      "capex": null,
      "gross_margin": null,
      "op_margin": 0.013915032524005813,
      "fcf_margin": -0.572327193881198,
      "incr_op_margin_yoy": -0.4654882154882155,
      "rev_growth_yoy": -0.10171015175188887,
      "rev_growth_yoy_accel": -0.21338338514661528,
      "fcf_margin_change": -4.826967212336412
    },
    {
      "date": "2023-03-31T00:00:00",
      "quarter_label": "2023-03 (Q1)",
      "revenue": 44268000,
      "gross_profit": null,
      "operating_income": 2090000,
      "net_income": -8817000,
      "opex": 42178000,
      "cogs": null,
      "rd": null,
      "sga": null,
      "fcf": 5599000,
      "ocf": 5599000,
      "capex": null,
      "gross_margin": null,
      "op_margin": 0.04721243336044095,
      "fcf_margin": 0.1264796241077076,
      "incr_op_margin_yoy": -0.6823262312259867,
      "rev_growth_yoy": -0.11453374404928592,
      "rev_growth_yoy_accel": -0.012823592297397046,
      "op_leverage_ratio": 2.858775964977693,
      "fcf_margin_change": 0.6988068179889056
    },
    {
      "date": "2023-06-30T00:00:00",
      "quarter_label": "2023-06 (Q2)",
      "revenue": 45674000,
      "gross_profit": null,
      "operating_income": 1970000,
      "net_income": -3602000,
      "opex": 43704000,
      "cogs": null,
      "rd": null,
      "sga": null,
      "fcf": 12086000,
      "ocf": 12086000,
      "capex": null,
      "gross_margin": null,
      "op_margin": 0.0431317598633796,
      "fcf_margin": 0.2646144414765512,
      "incr_op_margin_yoy": -2.947441767867808,
      "rev_growth_yoy": -0.0990788409570586,
      "rev_growth_yoy_accel": 0.015454903092227315,
      "op_leverage_ratio": 0.8778632494726212,
      "fcf_margin_change": 0.13813481736884362
    },
    {
      "date": "2023-09-30T00:00:00",
      "quarter_label": "2023-09 (Q3)",
      "revenue": 47701000,
      "gross_profit": null,
      "operating_income": 3371000,
      "net_income": -2260000,
      "opex": 44330000,
      "cogs": null,
      "rd": null,
      "sga": null,
      "fcf": 24866000,
      "ocf": 24866000,
      "capex": null,
      "gross_margin": null,
      "op_margin": 0.0706693780004612,
      "fcf_margin": 0.5212888618687239,
      "rev_growth_yoy": 0.0003774930268649204,
      "rev_growth_yoy_accel": 0.09945633398392352,
      "op_leverage_ratio": 3.098357704084552,
      "fcf_margin_change": 0.2566744203921727
    },
    {
      "date": "2023-12-31T00:00:00",
      "quarter_label": "2023-12 (Q4)",
      "revenue": 49352000,
      "gross_profit": null,
      "operating_income": 4182000,
      "net_income": -151499000,
      "opex": 45170000,
      "cogs": null,
      "rd": null,
      "sga": null,
      "fcf": 7916000,
      "ocf": 7916000,
      "capex": null,
      "gross_margin": null,
      "op_margin": 0.08473820716485654,
      "fcf_margin": 0.16039876803371697,
      "incr_op_margin_yoy": 0.4873357713666531,
      "rev_growth_yoy": 0.17591555672043652,
      "rev_growth_yoy_accel": 0.17553806369357158,
      "op_leverage_ratio": 1.8265772106205223,
      "fcf_margin_change": -0.3608900938350069
    },
    {
      "date": "2024-03-31T00:00:00",
      "quarter_label": "2024-03 (Q1)",
      "revenue": 50203000,
      "gross_profit": null,
      "operating_income": 987000,
      "net_income": -10186000,
      "opex": 49216000,
      "cogs": null,
      "rd": null,
      "sga": null,
      "fcf": 21712000,
      "ocf": 21712000,
      "capex": null,
      "gross_margin": null,
      "op_margin": 0.01966017967053762,
      "fcf_margin": 0.4324841144951497,
      "incr_op_margin_yoy": -0.18584667228306656,
      "rev_growth_yoy": 0.13406975693503206,
      "rev_growth_yoy_accel": -0.04184579978540445,
      "op_leverage_ratio": 0.19250810323843473,
      "fcf_margin_change": 0.2720853464614327
    },
    {
      "date": "2024-06-30T00:00:00",
      "quarter_label": "2024-06 (Q2)",
      "revenue": 51148000,
      "gross_profit": null,
      "operating_income": -1096000,
      "net_income": -60526000,
      "opex": 52244000,
      "cogs": null,
      "rd": null,
      "sga": null,
      "fcf": 8006000,
      "ocf": 8006000,
      "capex": null,
      "gross_margin": null,
      "op_margin": -0.021428012825525925,
      "fcf_margin": 0.15652615938062095,
      "incr_op_margin_yoy": -0.5601023017902813,
      "rev_growth_yoy": 0.11984936725489337,
      "rev_growth_yoy_accel": -0.014220389680138695,
      "op_leverage_ratio": 0.305951496106784,
      "fcf_margin_change": -0.2759579551145287
    },
    {
      "date": "2024-09-30T00:00:00",
      "quarter_label": "2024-09 (Q3)",
      "revenue": 53158000,
      "gross_profit": null,
      "operating_income": -1474000,
      "net_income": -21936000,
      "opex": 54632000,
      "cogs": null,
      "rd": null,
      "sga": null,
      "fcf": 16438000,
      "ocf": 16438000,
      "capex": null,
      "gross_margin": null,
      "op_margin": -0.02772865796305354,
      "fcf_margin": 0.3092290906354641,
      "incr_op_margin_yoy": -0.8878504672897196,
      "rev_growth_yoy": 0.11440011739795812,
      "rev_growth_yoy_accel": -0.005449249856935248,
      "op_leverage_ratio": 0.8597446841621889,
      "fcf_margin_change": 0.15270293125484316
    },
    {
      "date": "2024-12-31T00:00:00",
      "quarter_label": "2024-12 (Q4)",
      "revenue": 54171000,
      "gross_profit": null,
      "operating_income": 119279000,
      "net_income": -11340000,
      "opex": 54088000,
      "cogs": null,
      "rd": null,
      "sga": null,
      "fcf": 828000,
      "ocf": 828000,
      "capex": null,
      "gross_margin": null,
      "op_margin": 2.201897694338299,
      "fcf_margin": 0.015284931051669712,
      "incr_op_margin_yoy": 23.88400083004773,
      "rev_growth_yoy": 0.097645485491976,
      "rev_growth_yoy_accel": -0.016754631905982115,
      "op_leverage_ratio": Infinity,
      "fcf_margin_change": -0.2939441595837944
    },
    {
      "date": "2025-03-31T00:00:00",
      "quarter_label": "2025-03 (Q1)",
      "revenue": 52352000,
      "gross_profit": null,
      "operating_income": 29287000,
      "net_income": -13916000,
      "opex": 47666000,
      "cogs": null,
      "rd": null,
      "sga": null,
      "fcf": 3828000,
      "ocf": 3828000,
      "capex": null,
      "gross_margin": null,
      "op_margin": 0.5594246638141809,
      "fcf_margin": 0.07312041564792177,
      "incr_op_margin_yoy": 13.168915774778966,
      "rev_growth_yoy": 0.04280620680039041,
      "rev_growth_yoy_accel": -0.05483927869158559,
      "fcf_margin_change": 0.057835484596252054
    },
    {
      "date": "2025-06-30T00:00:00",
      "quarter_label": "2025-06 (Q2)",
      "revenue": 52758000,
      "gross_profit": null,
      "operating_income": 29566000,
      "net_income": -19305000,
      "opex": 47353000,
      "cogs": null,
      "rd": null,
      "sga": null,
      "fcf": 9666000,
      "ocf": 9666000,
      "capex": null,
      "gross_margin": null,
      "op_margin": 0.5604079002236627,
      "fcf_margin": 0.18321392016376664,
      "incr_op_margin_yoy": 19.04472049689441,
      "rev_growth_yoy": 0.03147728161413936,
      "rev_growth_yoy_accel": -0.011328925186251053,
      "fcf_margin_change": 0.11009350451584488
    },
    {
      "date": "2025-09-30T00:00:00",
      "quarter_label": "2025-09 (Q3)",
      "revenue": 35132000,
      "gross_profit": null,
      "operating_income": 18239000,
      "net_income": 283123000,
      "opex": 98011000,
      "cogs": null,
      "rd": null,
      "sga": null,
      "fcf": 8925000,
      "ocf": 8925000,
      "capex": null,
      "gross_margin": null,
      "op_margin": 0.5191563247182056,
      "fcf_margin": 0.2540418991233064,
      "incr_op_margin_yoy": -1.0935870409408632,
      "rev_growth_yoy": -0.3391022988073291,
      "rev_growth_yoy_accel": -0.3705795804214685,
      "fcf_margin_change": 0.07082797895953974
    }
  ],
  "signals": [
    {
      "quarter": "2025-09 (Q3)",
      "signal": "FCF MARGIN EXPANSION",
      "detail": "FCF margin: +18.3% -> +25.4% (+7.1%)",
      "severity": "MEDIUM"
    },
    {
      "quarter": "2025-09 (Q3)",
      "signal": "YoY REVENUE GROWTH DECELERATION",
      "detail": "YoY growth: -33.9% vs prior quarter YoY: +3.1% (decel: -37.1%)",
      "severity": "WARNING"
    },
    {
      "quarter": "2025-09 (Q3)",
      "signal": "OP MARGIN TURNED POSITIVE (YoY)",
      "detail": "Op margin: -2.8% (year-ago) -> +51.9%",
      "severity": "HIGH"
    },
    {
      "quarter": "2025-06 (Q2)",
      "signal": "FCF MARGIN EXPANSION",
      "detail": "FCF margin: +7.3% -> +18.3% (+11.0%)",
      "severity": "MEDIUM"
    },
    {
      "quarter": "2025-06 (Q2)",
      "signal": "OP MARGIN TURNED POSITIVE (YoY)",
      "detail": "Op margin: -2.1% (year-ago) -> +56.0%",
      "severity": "HIGH"
    },
    {
      "quarter": "2025-03 (Q1)",
      "signal": "FCF MARGIN EXPANSION",
      "detail": "FCF margin: +1.5% -> +7.3% (+5.8%)",
      "severity": "MEDIUM"
    },
    {
      "quarter": "2025-03 (Q1)",
      "signal": "YoY REVENUE GROWTH DECELERATION",
      "detail": "YoY growth: +4.3% vs prior quarter YoY: +9.8% (decel: -5.5%)",
      "severity": "WARNING"
    },
    {
      "quarter": "2025-03 (Q1)",
      "signal": "INCREMENTAL MARGIN (YoY)",
      "detail": "YoY Incr OPM: +1316.9% vs year-ago OPM: +2.0%",
      "severity": "HIGH"
    },
    {
      "quarter": "2024-12 (Q4)",
      "signal": "INCREMENTAL MARGIN (YoY)",
      "detail": "YoY Incr OPM: +2388.4% vs year-ago OPM: +8.5%",
      "severity": "HIGH"
    },
    {
      "quarter": "2024-12 (Q4)",
      "signal": "OP MARGIN TURNED POSITIVE (QoQ)",
      "detail": "Op margin: -2.8% -> +220.2%",
      "severity": "HIGH"
    },
    {
      "quarter": "2024-09 (Q3)",
      "signal": "FCF MARGIN EXPANSION",
      "detail": "FCF margin: +15.7% -> +30.9% (+15.3%)",
      "severity": "MEDIUM"
    },
    {
      "quarter": "2024-03 (Q1)",
      "signal": "FCF MARGIN EXPANSION",
      "detail": "FCF margin: +16.0% -> +43.2% (+27.2%)",
      "severity": "MEDIUM"
    },
    {
      "quarter": "2023-12 (Q4)",
      "signal": "OPERATING LEVERAGE",
      "detail": "Rev growth +3.5% vs OpEx growth +1.9% (leverage: 1.8x)",
      "severity": "MEDIUM"
    },
    {
      "quarter": "2023-12 (Q4)",
      "signal": "YoY REVENUE GROWTH ACCELERATION",
      "detail": "YoY growth: +17.6% vs prior quarter YoY: +0.0% (accel: +17.6%)",
      "severity": "HIGH"
    },
    {
      "quarter": "2023-12 (Q4)",
      "signal": "INCREMENTAL MARGIN (YoY)",
      "detail": "YoY Incr OPM: +48.7% vs year-ago OPM: +1.4%",
      "severity": "HIGH"
    },
    {
      "quarter": "2023-09 (Q3)",
      "signal": "FCF MARGIN EXPANSION",
      "detail": "FCF margin: +26.5% -> +52.1% (+25.7%)",
      "severity": "MEDIUM"
    },
    {
      "quarter": "2023-09 (Q3)",
      "signal": "OPERATING LEVERAGE",
      "detail": "Rev growth +4.4% vs OpEx growth +1.4% (leverage: 3.1x)",
      "severity": "MEDIUM"
    },
    {
      "quarter": "2023-09 (Q3)",
      "signal": "YoY REVENUE GROWTH ACCELERATION",
      "detail": "YoY growth: +0.0% vs prior quarter YoY: -9.9% (accel: +9.9%)",
      "severity": "MEDIUM"
    },
    {
      "quarter": "2023-09 (Q3)",
      "signal": "OP MARGIN TURNED POSITIVE (YoY)",
      "detail": "Op margin: -138.5% (year-ago) -> +7.1%",
      "severity": "HIGH"
    },
    {
      "quarter": "2023-06 (Q2)",
      "signal": "FCF MARGIN EXPANSION",
      "detail": "FCF margin: +12.6% -> +26.5% (+13.8%)",
      "severity": "MEDIUM"
    },
    {
      "quarter": "2023-06 (Q2)",
      "signal": "OP MARGIN TURNED POSITIVE (YoY)",
      "detail": "Op margin: -25.3% (year-ago) -> +4.3%",
      "severity": "HIGH"
    },
    {
      "quarter": "2023-03 (Q1)",
      "signal": "FCF TURNED POSITIVE",
      "detail": "FCF margin: -57.2% -> +12.6%",
      "severity": "HIGH"
    },
    {
      "quarter": "2023-03 (Q1)",
      "signal": "OPERATING LEVERAGE",
      "detail": "Rev growth +5.5% vs OpEx growth +1.9% (leverage: 2.9x)",
      "severity": "MEDIUM"
    },
    {
      "quarter": "2023-03 (Q1)",
      "signal": "OP MARGIN TURNED POSITIVE (YoY)",
      "detail": "Op margin: -3.6% (year-ago) -> +4.7%",
      "severity": "HIGH"
    },
    {
      "quarter": "2022-12 (Q4)",
      "signal": "YoY REVENUE GROWTH DECELERATION",
      "detail": "YoY growth: -10.2% vs prior quarter YoY: +11.2% (decel: -21.3%)",
      "severity": "WARNING"
    },
    {
      "quarter": "2022-12 (Q4)",
      "signal": "OP MARGIN TURNED POSITIVE (YoY)",
      "detail": "Op margin: -3.5% (year-ago) -> +1.4%",
      "severity": "HIGH"
    },
    {
      "quarter": "2022-12 (Q4)",
      "signal": "OP MARGIN TURNED POSITIVE (QoQ)",
      "detail": "Op margin: -138.5% -> +1.4%",
      "severity": "HIGH"
    },
    {
      "quarter": "2022-09 (Q3)",
      "signal": "FCF MARGIN EXPANSION",
      "detail": "FCF margin: +37.2% -> +425.5% (+388.2%)",
      "severity": "MEDIUM"
    },
    {
      "quarter": "2022-09 (Q3)",
      "signal": "YoY REVENUE GROWTH DECELERATION",
      "detail": "YoY growth: +11.2% vs prior quarter YoY: +25.4% (decel: -14.3%)",
      "severity": "WARNING"
    },
    {
      "quarter": "2022-06 (Q2)",
      "signal": "FCF MARGIN EXPANSION",
      "detail": "FCF margin: +13.0% -> +37.2% (+24.2%)",
      "severity": "MEDIUM"
    },
    {
      "quarter": "2022-03 (Q1)",
      "signal": "FCF TURNED POSITIVE",
      "detail": "FCF margin: -20.3% -> +13.0%",
      "severity": "HIGH"
    },
    {
      "quarter": "2021-06 (Q2)",
      "signal": "FCF MARGIN EXPANSION",
      "detail": "FCF margin: +5.8% -> +35.0% (+29.2%)",
      "severity": "MEDIUM"
    }
  ],
  "data_quality": {
    "n_quarters": 20,
    "coverage": {
      "revenue": [
        20,
        20
      ],
      "gross_profit": [
        0,
        20
      ],
      "op_income": [
        20,
        20
      ],
      "fcf": [
        20,
        20
      ]
    },
    "gaps": [],
    "warnings": [
      "gross_profit: no data"
    ]
  },
  "market_cap": null,
  "source": "SEC EDGAR",
  "last_updated": "2026-02-02T22:07:15.389999",
  "sector": "Real Estate",
  "industry": "REIT - Residential"
}