{
  "ticker": "AIZ",
  "name": "Assurant, Inc.",
  "quarters": [
    {
      "date": "2020-12-31T00:00:00",
      "quarter_label": "2020-12 (Q4)",
      "revenue": 2555100000,
      "gross_profit": null,
      "operating_income": null,
      "net_income": 139200000,
      "opex": null,
      "cogs": null,
      "rd": null,
      "sga": 778200000,
      "fcf": 400300000,
      "ocf": 440400000,
      "capex": -40100000,
      "gross_margin": null,
      "op_margin": null,
      "fcf_margin": 0.15666705804078118
    },
    {
      "date": "2021-03-31T00:00:00",
      "quarter_label": "2021-03 (Q1)",
      "revenue": 2432600000,
      "gross_profit": null,
      "operating_income": null,
      "net_income": 163000000,
      "opex": null,
      "cogs": null,
      "rd": null,
      "sga": 735700000,
      "fcf": -458300000,
      "ocf": -418700000,
      "capex": -39600000,
      "gross_margin": null,
      "op_margin": null,
      "fcf_margin": -0.18839924360766258,
      "fcf_margin_change": -0.34506630164844376
    },
    {
      "date": "2021-06-30T00:00:00",
      "quarter_label": "2021-06 (Q2)",
      "revenue": 2542300000,
      "gross_profit": null,
      "operating_income": null,
      "net_income": 203400000,
      "opex": null,
      "cogs": null,
      "rd": null,
      "sga": 747200000,
      "fcf": 902100000,
      "ocf": 947700000,
      "capex": -45600000,
      "gross_margin": null,
      "op_margin": null,
      "fcf_margin": 0.3548361719702631,
      "fcf_margin_change": 0.5432354155779258
    },
    {
      "date": "2021-09-30T00:00:00",
      "quarter_label": "2021-09 (Q3)",
      "revenue": 2637800000,
      "gross_profit": null,
      "operating_income": null,
      "net_income": 882400000,
      "opex": null,
      "cogs": null,
      "rd": null,
      "sga": 818300000,
      "fcf": -48100000,
      "ocf": -2000000,
      "capex": -46100000,
      "gross_margin": null,
      "op_margin": null,
      "fcf_margin": -0.01823489271362499,
      "fcf_margin_change": -0.3730710646838881
    },
    {
      "date": "2021-12-31T00:00:00",
      "quarter_label": "2021-12 (Q4)",
      "revenue": 2574900000,
      "gross_profit": null,
      "operating_income": null,
      "net_income": 123600000,
      "opex": null,
      "cogs": null,
      "rd": null,
      "sga": 939400000,
      "fcf": 198600000,
      "ocf": 254700000,
      "capex": -56100000,
      "gross_margin": null,
      "op_margin": null,
      "fcf_margin": 0.07712920890131655,
      "rev_growth_yoy": 0.007749207467418105,
      "fcf_margin_change": 0.09536410161494155
    },
    {
      "date": "2022-03-31T00:00:00",
      "quarter_label": "2022-03 (Q1)",
      "revenue": 2482700000,
      "gross_profit": null,
      "operating_income": null,
      "net_income": 145500000,
      "opex": null,
      "cogs": null,
      "rd": null,
      "sga": 1790500000,
      "fcf": -542200000,
      "ocf": -501100000,
      "capex": -41100000,
      "gross_margin": null,
      "op_margin": null,
      "fcf_margin": -0.21839126757159544,
      "rev_growth_yoy": 0.02059524788292362,
      "rev_growth_yoy_accel": 0.012846040415505515,
      "fcf_margin_change": -0.295520476472912
    },
    {
      "date": "2022-06-30T00:00:00",
      "quarter_label": "2022-06 (Q2)",
      "revenue": 2509700000,
      "gross_profit": null,
      "operating_income": null,
      "net_income": 52200000,
      "opex": null,
      "cogs": null,
      "rd": null,
      "sga": null,
      "fcf": 126800000,
      "ocf": 173000000,
      "capex": -46200000,
      "gross_margin": null,
      "op_margin": null,
      "fcf_margin": 0.05052396700800892,
      "rev_growth_yoy": -0.012823034260315462,
      "rev_growth_yoy_accel": -0.03341828214323908,
      "fcf_margin_change": 0.26891523457960437
    },
    {
      "date": "2022-09-30T00:00:00",
      "quarter_label": "2022-09 (Q3)",
      "revenue": 2547800000,
      "gross_profit": null,
      "operating_income": null,
      "net_income": 7300000,
      "opex": null,
      "cogs": null,
      "rd": null,
      "sga": null,
      "fcf": 601300000,
      "ocf": 647900000,
      "capex": -46600000,
      "gross_margin": null,
      "op_margin": null,
      "fcf_margin": 0.236007535913337,
      "rev_growth_yoy": -0.03411934187580559,
      "rev_growth_yoy_accel": -0.02129630761549013,
      "fcf_margin_change": 0.18548356890532808
    },
    {
      "date": "2022-12-31T00:00:00",
      "quarter_label": "2022-12 (Q4)",
      "revenue": 2652800000,
      "gross_profit": null,
      "operating_income": null,
      "net_income": 68100000,
      "opex": null,
      "cogs": null,
      "rd": null,
      "sga": null,
      "fcf": 224700000,
      "ocf": 277100000,
      "capex": -52400000,
      "gross_margin": null,
      "op_margin": null,
      "fcf_margin": 0.08470295536791315,
      "rev_growth_yoy": 0.03025360208163424,
      "rev_growth_yoy_accel": 0.06437294395743984,
      "fcf_margin_change": -0.15130458054542384
    },
    {
      "date": "2023-03-31T00:00:00",
      "quarter_label": "2023-03 (Q1)",
      "revenue": 2642800000,
      "gross_profit": null,
      "operating_income": null,
      "net_income": 113600000,
      "opex": null,
      "cogs": null,
      "rd": null,
      "sga": null,
      "fcf": 211200000,
      "ocf": 259600000,
      "capex": -48400000,
      "gross_margin": null,
      "op_margin": null,
      "fcf_margin": 0.0799152414106251,
      "rev_growth_yoy": 0.06448624481411366,
      "rev_growth_yoy_accel": 0.034232642732479425,
      "fcf_margin_change": -0.004787713957288053
    },
    {
      "date": "2023-06-30T00:00:00",
      "quarter_label": "2023-06 (Q2)",
      "revenue": 2731600000,
      "gross_profit": null,
      "operating_income": null,
      "net_income": 156300000,
      "opex": null,
      "cogs": null,
      "rd": null,
      "sga": null,
      "fcf": 136000000,
      "ocf": 185400000,
      "capex": -49400000,
      "gross_margin": null,
      "op_margin": null,
      "fcf_margin": 0.04978767022990189,
      "rev_growth_yoy": 0.08841694226401561,
      "rev_growth_yoy_accel": 0.02393069744990195,
      "fcf_margin_change": -0.030127571180723213
    },
    {
      "date": "2023-09-30T00:00:00",
      "quarter_label": "2023-09 (Q3)",
      "revenue": 2774100000,
      "gross_profit": null,
      "operating_income": null,
      "net_income": 190100000,
      "opex": null,
      "cogs": null,
      "rd": null,
      "sga": null,
      "fcf": 280100000,
      "ocf": 330500000,
      "capex": -50400000,
      "gross_margin": null,
      "op_margin": null,
      "fcf_margin": 0.10096968386143254,
      "rev_growth_yoy": 0.08882172855012167,
      "rev_growth_yoy_accel": 0.0004047862861060597,
      "fcf_margin_change": 0.05118201363153065
    },
    {
      "date": "2023-12-31T00:00:00",
      "quarter_label": "2023-12 (Q4)",
      "revenue": 2983100000,
      "gross_profit": null,
      "operating_income": null,
      "net_income": 182500000,
      "opex": null,
      "cogs": null,
      "rd": null,
      "sga": null,
      "fcf": 308300000,
      "ocf": 362600000,
      "capex": -54300000,
      "gross_margin": null,
      "op_margin": null,
      "fcf_margin": 0.103348865274379,
      "rev_growth_yoy": 0.1245099517490953,
      "rev_growth_yoy_accel": 0.03568822319897362,
      "fcf_margin_change": 0.002379181412946463
    },
    {
      "date": "2024-03-31T00:00:00",
      "quarter_label": "2024-03 (Q1)",
      "revenue": 2880100000,
      "gross_profit": null,
      "operating_income": null,
      "net_income": 236400000,
      "opex": null,
      "cogs": null,
      "rd": null,
      "sga": null,
      "fcf": 31700000,
      "ocf": 82500000,
      "capex": -50800000,
      "gross_margin": null,
      "op_margin": null,
      "fcf_margin": 0.011006562272143328,
      "rev_growth_yoy": 0.08979113061904041,
      "rev_growth_yoy_accel": -0.03471882113005488,
      "fcf_margin_change": -0.09234230300223567
    },
    {
      "date": "2024-06-30T00:00:00",
      "quarter_label": "2024-06 (Q2)",
      "revenue": 2924900000,
      "gross_profit": null,
      "operating_income": null,
      "net_income": 188700000,
      "opex": null,
      "cogs": null,
      "rd": null,
      "sga": null,
      "fcf": 655500000,
      "ocf": 710900000,
      "capex": -55400000,
      "gross_margin": null,
      "op_margin": null,
      "fcf_margin": 0.22411022599063216,
      "rev_growth_yoy": 0.0707643871723532,
      "rev_growth_yoy_accel": -0.019026743446687214,
      "fcf_margin_change": 0.21310366371848882
    },
    {
      "date": "2024-09-30T00:00:00",
      "quarter_label": "2024-09 (Q3)",
      "revenue": 2967700000,
      "gross_profit": null,
      "operating_income": null,
      "net_income": 133800000,
      "opex": null,
      "cogs": null,
      "rd": null,
      "sga": null,
      "fcf": 389400000,
      "ocf": 436500000,
      "capex": -47100000,
      "gross_margin": null,
      "op_margin": null,
      "fcf_margin": 0.1312127236580517,
      "rev_growth_yoy": 0.06978839984139,
      "rev_growth_yoy_accel": -0.0009759873309631989,
      "fcf_margin_change": -0.09289750233258046
    },
    {
      "date": "2024-12-31T00:00:00",
      "quarter_label": "2024-12 (Q4)",
      "revenue": 3104800000,
      "gross_profit": null,
      "operating_income": null,
      "net_income": 201300000,
      "opex": null,
      "cogs": null,
      "rd": null,
      "sga": null,
      "fcf": 34800000,
      "ocf": 102800000,
      "capex": -68000000,
      "gross_margin": null,
      "op_margin": null,
      "fcf_margin": 0.011208451430043804,
      "rev_growth_yoy": 0.040796486876068516,
      "rev_growth_yoy_accel": -0.028991912965321484,
      "fcf_margin_change": -0.1200042722280079
    },
    {
      "date": "2025-03-31T00:00:00",
      "quarter_label": "2025-03 (Q1)",
      "revenue": 3074000000,
      "gross_profit": null,
      "operating_income": null,
      "net_income": 146600000,
      "opex": null,
      "cogs": null,
      "rd": null,
      "sga": null,
      "fcf": 339000000,
      "ocf": 392400000,
      "capex": -53400000,
      "gross_margin": null,
      "op_margin": null,
      "fcf_margin": 0.11027976577748862,
      "rev_growth_yoy": 0.06732405124822055,
      "rev_growth_yoy_accel": 0.026527564372152035,
      "fcf_margin_change": 0.09907131434744482
    },
    {
      "date": "2025-06-30T00:00:00",
      "quarter_label": "2025-06 (Q2)",
      "revenue": 3158400000,
      "gross_profit": null,
      "operating_income": null,
      "net_income": 235300000,
      "opex": null,
      "cogs": null,
      "rd": null,
      "sga": null,
      "fcf": 205600000,
      "ocf": 265500000,
      "capex": -59900000,
      "gross_margin": null,
      "op_margin": null,
      "fcf_margin": 0.06509625126646404,
      "rev_growth_yoy": 0.07983178912099559,
      "rev_growth_yoy_accel": 0.012507737872775038,
      "fcf_margin_change": -0.04518351451102458
    },
    {
      "date": "2025-09-30T00:00:00",
      "quarter_label": "2025-09 (Q3)",
      "revenue": 3231500000,
      "gross_profit": null,
      "operating_income": null,
      "net_income": 265600000,
      "opex": null,
      "cogs": null,
      "rd": null,
      "sga": null,
      "fcf": 442100000,
      "ocf": 505000000,
      "capex": -62900000,
      "gross_margin": null,
      "op_margin": null,
      "fcf_margin": 0.13680953117747177,
      "rev_growth_yoy": 0.08889038649459177,
      "rev_growth_yoy_accel": 0.009058597373596183,
      "fcf_margin_change": 0.07171327991100773
    }
  ],
  "signals": [
    {
      "quarter": "2025-09 (Q3)",
      "signal": "FCF MARGIN EXPANSION",
      "detail": "FCF margin: +6.5% -> +13.7% (+7.2%)",
      "severity": "MEDIUM"
    },
    {
      "quarter": "2025-03 (Q1)",
      "signal": "FCF MARGIN EXPANSION",
      "detail": "FCF margin: +1.1% -> +11.0% (+9.9%)",
      "severity": "MEDIUM"
    },
    {
      "quarter": "2024-06 (Q2)",
      "signal": "FCF MARGIN EXPANSION",
      "detail": "FCF margin: +1.1% -> +22.4% (+21.3%)",
      "severity": "MEDIUM"
    },
    {
      "quarter": "2023-09 (Q3)",
      "signal": "FCF MARGIN EXPANSION",
      "detail": "FCF margin: +5.0% -> +10.1% (+5.1%)",
      "severity": "MEDIUM"
    },
    {
      "quarter": "2022-12 (Q4)",
      "signal": "YoY REVENUE GROWTH ACCELERATION",
      "detail": "YoY growth: +3.0% vs prior quarter YoY: -3.4% (accel: +6.4%)",
      "severity": "MEDIUM"
    },
    {
      "quarter": "2022-09 (Q3)",
      "signal": "FCF MARGIN EXPANSION",
      "detail": "FCF margin: +5.1% -> +23.6% (+18.5%)",
      "severity": "MEDIUM"
    },
    {
      "quarter": "2022-06 (Q2)",
      "signal": "FCF TURNED POSITIVE",
      "detail": "FCF margin: -21.8% -> +5.1%",
      "severity": "HIGH"
    },
    {
      "quarter": "2021-12 (Q4)",
      "signal": "FCF TURNED POSITIVE",
      "detail": "FCF margin: -1.8% -> +7.7%",
      "severity": "HIGH"
    },
    {
      "quarter": "2021-06 (Q2)",
      "signal": "FCF TURNED POSITIVE",
      "detail": "FCF margin: -18.8% -> +35.5%",
      "severity": "HIGH"
    }
  ],
  "data_quality": {
    "n_quarters": 20,
    "coverage": {
      "revenue": [
        20,
        20
      ],
      "gross_profit": [
        0,
        20
      ],
      "op_income": [
        0,
        20
      ],
      "fcf": [
        20,
        20
      ]
    },
    "gaps": [],
    "warnings": [
      "gross_profit: no data",
      "op_income: no data"
    ]
  },
  "market_cap": null,
  "source": "SEC EDGAR",
  "last_updated": "2026-02-02T20:33:16.210602",
  "sector": "Financial Services",
  "industry": "Insurance - Property & Casualty"
}