{
  "ticker": "AJG",
  "name": "ARTHUR J. GALLAGHER & CO.",
  "quarters": [
    {
      "date": "2020-12-31T00:00:00",
      "quarter_label": "2020-12 (Q4)",
      "revenue": 1703600000,
      "gross_profit": 1487300000,
      "operating_income": null,
      "net_income": 142200000,
      "opex": 1569900000,
      "cogs": 216300000,
      "rd": null,
      "sga": null,
      "fcf": 419500000,
      "ocf": 419500000,
      "capex": null,
      "gross_margin": 0.8730335759567974,
      "op_margin": null,
      "fcf_margin": 0.24624324958910543
    },
    {
      "date": "2021-03-31T00:00:00",
      "quarter_label": "2021-03 (Q1)",
      "revenue": 2165000000,
      "gross_profit": 1855900000,
      "operating_income": null,
      "net_income": 382100000,
      "opex": 233100000,
      "cogs": 309100000,
      "rd": null,
      "sga": null,
      "fcf": 218700000,
      "ocf": 218700000,
      "capex": null,
      "gross_margin": 0.857228637413395,
      "op_margin": null,
      "fcf_margin": 0.1010161662817552,
      "op_leverage_ratio": Infinity,
      "fcf_margin_change": -0.14522708330735024
    },
    {
      "date": "2021-06-30T00:00:00",
      "quarter_label": "2021-06 (Q2)",
      "revenue": 1933500000,
      "gross_profit": 1664700000,
      "operating_income": null,
      "net_income": 190200000,
      "opex": 253400000,
      "cogs": 268800000,
      "rd": null,
      "sga": null,
      "fcf": 470200000,
      "ocf": 470200000,
      "capex": null,
      "gross_margin": 0.860977501939488,
      "op_margin": null,
      "fcf_margin": 0.24318593224722007,
      "fcf_margin_change": 0.14216976596546488
    },
    {
      "date": "2021-09-30T00:00:00",
      "quarter_label": "2021-09 (Q3)",
      "revenue": 2138200000,
      "gross_profit": 1772100000,
      "operating_income": null,
      "net_income": 225100000,
      "opex": 265600000,
      "cogs": 366100000,
      "rd": null,
      "sga": null,
      "fcf": 521400000,
      "ocf": 521400000,
      "capex": null,
      "gross_margin": 0.828781217846787,
      "op_margin": null,
      "fcf_margin": 0.24384996726218314,
      "op_leverage_ratio": 2.1989757807763888,
      "fcf_margin_change": 0.0006640350149630658
    },
    {
      "date": "2021-12-31T00:00:00",
      "quarter_label": "2021-12 (Q4)",
      "revenue": 1972700000,
      "gross_profit": 1743500000,
      "operating_income": null,
      "net_income": 109400000,
      "opex": 320300000,
      "cogs": 229200000,
      "rd": null,
      "sga": null,
      "fcf": 182100000,
      "ocf": 182100000,
      "capex": null,
      "gross_margin": 0.8838140619455569,
      "op_margin": null,
      "fcf_margin": 0.09231003193592538,
      "rev_growth_yoy": 0.1579596149330829,
      "fcf_margin_change": -0.15153993532625776
    },
    {
      "date": "2022-03-31T00:00:00",
      "quarter_label": "2022-03 (Q1)",
      "revenue": 2435300000,
      "gross_profit": 2412400000,
      "operating_income": null,
      "net_income": 438700000,
      "opex": 317300000,
      "cogs": 22900000,
      "rd": null,
      "sga": null,
      "fcf": 216600000,
      "ocf": 216600000,
      "capex": null,
      "gross_margin": 0.9905966410709153,
      "op_margin": null,
      "fcf_margin": 0.08894181415020737,
      "rev_growth_yoy": 0.12484988452655889,
      "rev_growth_yoy_accel": -0.033109730406524,
      "op_leverage_ratio": Infinity,
      "fcf_margin_change": -0.0033682177857180112
    },
    {
      "date": "2022-06-30T00:00:00",
      "quarter_label": "2022-06 (Q2)",
      "revenue": 2043000000,
      "gross_profit": null,
      "operating_income": null,
      "net_income": 284200000,
      "opex": 323900000,
      "cogs": null,
      "rd": null,
      "sga": null,
      "fcf": -76200000,
      "ocf": -76200000,
      "capex": null,
      "gross_margin": null,
      "op_margin": null,
      "fcf_margin": -0.037298091042584434,
      "rev_growth_yoy": 0.05663304887509697,
      "rev_growth_yoy_accel": -0.06821683565146192,
      "fcf_margin_change": -0.1262399051927918
    },
    {
      "date": "2022-09-30T00:00:00",
      "quarter_label": "2022-09 (Q3)",
      "revenue": 2044000000,
      "gross_profit": null,
      "operating_income": null,
      "net_income": 255800000,
      "opex": 321500000,
      "cogs": null,
      "rd": null,
      "sga": null,
      "fcf": 641700000,
      "ocf": 641700000,
      "capex": null,
      "gross_margin": null,
      "op_margin": null,
      "fcf_margin": 0.3139432485322896,
      "rev_growth_yoy": -0.04405574782527359,
      "rev_growth_yoy_accel": -0.10068879670037056,
      "fcf_margin_change": 0.351241339574874
    },
    {
      "date": "2022-12-31T00:00:00",
      "quarter_label": "2022-12 (Q4)",
      "revenue": 2028300000,
      "gross_profit": 2028300000,
      "operating_income": null,
      "net_income": 135500000,
      "opex": 368200000,
      "cogs": 0,
      "rd": null,
      "sga": null,
      "fcf": 607900000,
      "ocf": 607900000,
      "capex": null,
      "gross_margin": 1.0,
      "op_margin": null,
      "fcf_margin": 0.29970911600848,
      "rev_growth_yoy": 0.028184721447761952,
      "rev_growth_yoy_accel": 0.07224046927303554,
      "fcf_margin_change": -0.014234132523809617
    },
    {
      "date": "2023-03-31T00:00:00",
      "quarter_label": "2023-03 (Q1)",
      "revenue": 2706100000,
      "gross_profit": null,
      "operating_income": null,
      "net_income": 486500000,
      "opex": 382500000,
      "cogs": null,
      "rd": null,
      "sga": null,
      "fcf": 428500000,
      "ocf": 428500000,
      "capex": null,
      "gross_margin": null,
      "op_margin": null,
      "fcf_margin": 0.15834595912937438,
      "rev_growth_yoy": 0.11119779903913275,
      "rev_growth_yoy_accel": 0.0830130775913708,
      "op_leverage_ratio": 8.604331230569953,
      "fcf_margin_change": -0.1413631568791056
    },
    {
      "date": "2023-06-30T00:00:00",
      "quarter_label": "2023-06 (Q2)",
      "revenue": 2441900000,
      "gross_profit": null,
      "operating_income": null,
      "net_income": 234500000,
      "opex": 433600000,
      "cogs": null,
      "rd": null,
      "sga": null,
      "fcf": 12400000,
      "ocf": 12400000,
      "capex": null,
      "gross_margin": null,
      "op_margin": null,
      "fcf_margin": 0.0050780130226463,
      "rev_growth_yoy": 0.1952520802741067,
      "rev_growth_yoy_accel": 0.08405428123497395,
      "fcf_margin_change": -0.1532679461067281
    },
    {
      "date": "2023-09-30T00:00:00",
      "quarter_label": "2023-09 (Q3)",
      "revenue": 2492000000,
      "gross_profit": null,
      "operating_income": null,
      "net_income": 280700000,
      "opex": 423000000,
      "cogs": null,
      "rd": null,
      "sga": null,
      "fcf": 897200000,
      "ocf": 897200000,
      "capex": null,
      "gross_margin": null,
      "op_margin": null,
      "fcf_margin": 0.36003210272873193,
      "rev_growth_yoy": 0.2191780821917808,
      "rev_growth_yoy_accel": 0.023926001917674106,
      "op_leverage_ratio": Infinity,
      "fcf_margin_change": 0.3549540897060856
    },
    {
      "date": "2023-12-31T00:00:00",
      "quarter_label": "2023-12 (Q4)",
      "revenue": 2431900000,
      "gross_profit": null,
      "operating_income": null,
      "net_income": -32200000,
      "opex": 450600000,
      "cogs": null,
      "rd": null,
      "sga": null,
      "fcf": 693600000,
      "ocf": 693600000,
      "capex": null,
      "gross_margin": null,
      "op_margin": null,
      "fcf_margin": 0.2852090957687405,
      "rev_growth_yoy": 0.19898437114825224,
      "rev_growth_yoy_accel": -0.020193711043528573,
      "fcf_margin_change": -0.07482300695999144
    },
    {
      "date": "2024-03-31T00:00:00",
      "quarter_label": "2024-03 (Q1)",
      "revenue": 3256700000,
      "gross_profit": null,
      "operating_income": null,
      "net_income": 608400000,
      "opex": 435700000,
      "cogs": null,
      "rd": null,
      "sga": null,
      "fcf": 789300000,
      "ocf": 789300000,
      "capex": null,
      "gross_margin": null,
      "op_margin": null,
      "fcf_margin": 0.242361900082906,
      "rev_growth_yoy": 0.20346624293263368,
      "rev_growth_yoy_accel": 0.004481871784381447,
      "op_leverage_ratio": Infinity,
      "fcf_margin_change": -0.04284719568583448
    },
    {
      "date": "2024-06-30T00:00:00",
      "quarter_label": "2024-06 (Q2)",
      "revenue": 2775400000,
      "gross_profit": null,
      "operating_income": null,
      "net_income": 283400000,
      "opex": 425600000,
      "cogs": null,
      "rd": null,
      "sga": null,
      "fcf": 119500000,
      "ocf": 119500000,
      "capex": null,
      "gross_margin": null,
      "op_margin": null,
      "fcf_margin": 0.043056856669308925,
      "rev_growth_yoy": 0.13657397927843073,
      "rev_growth_yoy_accel": -0.06689226365420295,
      "fcf_margin_change": -0.1993050434135971
    },
    {
      "date": "2024-09-30T00:00:00",
      "quarter_label": "2024-09 (Q3)",
      "revenue": 2806800000,
      "gross_profit": null,
      "operating_income": null,
      "net_income": 312600000,
      "opex": 453700000,
      "cogs": null,
      "rd": null,
      "sga": null,
      "fcf": 934800000,
      "ocf": 934800000,
      "capex": null,
      "gross_margin": null,
      "op_margin": null,
      "fcf_margin": 0.33304831124412143,
      "rev_growth_yoy": 0.12632423756019262,
      "rev_growth_yoy_accel": -0.010249741718238115,
      "op_leverage_ratio": 0.17135601883041063,
      "fcf_margin_change": 0.2899914545748125
    },
    {
      "date": "2024-12-31T00:00:00",
      "quarter_label": "2024-12 (Q4)",
      "revenue": 2716000000,
      "gross_profit": null,
      "operating_income": null,
      "net_income": 258300000,
      "opex": 438900000,
      "cogs": null,
      "rd": null,
      "sga": null,
      "fcf": 739300000,
      "ocf": 739300000,
      "capex": null,
      "gross_margin": null,
      "op_margin": null,
      "fcf_margin": 0.27220176730486006,
      "rev_growth_yoy": 0.1168222377564867,
      "rev_growth_yoy_accel": -0.009501999803705918,
      "fcf_margin_change": -0.060846543939261366
    },
    {
      "date": "2025-03-31T00:00:00",
      "quarter_label": "2025-03 (Q1)",
      "revenue": 3727400000,
      "gross_profit": null,
      "operating_income": null,
      "net_income": 704400000,
      "opex": 490400000,
      "cogs": null,
      "rd": null,
      "sga": null,
      "fcf": 871800000,
      "ocf": 871800000,
      "capex": null,
      "gross_margin": null,
      "op_margin": null,
      "fcf_margin": 0.23388957450233408,
      "rev_growth_yoy": 0.14453280928547302,
      "rev_growth_yoy_accel": 0.027710571528986316,
      "op_leverage_ratio": 3.173595235712141,
      "fcf_margin_change": -0.038312192802525985
    },
    {
      "date": "2025-06-30T00:00:00",
      "quarter_label": "2025-06 (Q2)",
      "revenue": 3220800000,
      "gross_profit": null,
      "operating_income": null,
      "net_income": 365800000,
      "opex": 519300000,
      "cogs": null,
      "rd": null,
      "sga": null,
      "fcf": -426100000,
      "ocf": -426100000,
      "capex": null,
      "gross_margin": null,
      "op_margin": null,
      "fcf_margin": -0.13229632389468454,
      "rev_growth_yoy": 0.16048137205447863,
      "rev_growth_yoy_accel": 0.01594856276900561,
      "fcf_margin_change": -0.36618589839701865
    },
    {
      "date": "2025-09-30T00:00:00",
      "quarter_label": "2025-09 (Q3)",
      "revenue": 3365600000,
      "gross_profit": null,
      "operating_income": null,
      "net_income": 272700000,
      "opex": 580800000,
      "cogs": null,
      "rd": null,
      "sga": null,
      "fcf": 731300000,
      "ocf": 731300000,
      "capex": null,
      "gross_margin": null,
      "op_margin": null,
      "fcf_margin": 0.21728666508200617,
      "rev_growth_yoy": 0.19908792931452188,
      "rev_growth_yoy_accel": 0.03860655726004325,
      "op_leverage_ratio": 0.3796190614663225,
      "fcf_margin_change": 0.3495829889766907
    }
  ],
  "signals": [
    {
      "quarter": "2025-09 (Q3)",
      "signal": "FCF TURNED POSITIVE",
      "detail": "FCF margin: -13.2% -> +21.7%",
      "severity": "HIGH"
    },
    {
      "quarter": "2025-03 (Q1)",
      "signal": "OPERATING LEVERAGE",
      "detail": "Rev growth +37.2% vs OpEx growth +11.7% (leverage: 3.2x)",
      "severity": "MEDIUM"
    },
    {
      "quarter": "2024-09 (Q3)",
      "signal": "FCF MARGIN EXPANSION",
      "detail": "FCF margin: +4.3% -> +33.3% (+29.0%)",
      "severity": "MEDIUM"
    },
    {
      "quarter": "2024-06 (Q2)",
      "signal": "YoY REVENUE GROWTH DECELERATION",
      "detail": "YoY growth: +13.7% vs prior quarter YoY: +20.3% (decel: -6.7%)",
      "severity": "WARNING"
    },
    {
      "quarter": "2023-09 (Q3)",
      "signal": "FCF MARGIN EXPANSION",
      "detail": "FCF margin: +0.5% -> +36.0% (+35.5%)",
      "severity": "MEDIUM"
    },
    {
      "quarter": "2023-06 (Q2)",
      "signal": "YoY REVENUE GROWTH ACCELERATION",
      "detail": "YoY growth: +19.5% vs prior quarter YoY: +11.1% (accel: +8.4%)",
      "severity": "MEDIUM"
    },
    {
      "quarter": "2023-03 (Q1)",
      "signal": "OPERATING LEVERAGE",
      "detail": "Rev growth +33.4% vs OpEx growth +3.9% (leverage: 8.6x)",
      "severity": "MEDIUM"
    },
    {
      "quarter": "2023-03 (Q1)",
      "signal": "YoY REVENUE GROWTH ACCELERATION",
      "detail": "YoY growth: +11.1% vs prior quarter YoY: +2.8% (accel: +8.3%)",
      "severity": "MEDIUM"
    },
    {
      "quarter": "2022-12 (Q4)",
      "signal": "YoY REVENUE GROWTH ACCELERATION",
      "detail": "YoY growth: +2.8% vs prior quarter YoY: -4.4% (accel: +7.2%)",
      "severity": "MEDIUM"
    },
    {
      "quarter": "2022-09 (Q3)",
      "signal": "FCF TURNED POSITIVE",
      "detail": "FCF margin: -3.7% -> +31.4%",
      "severity": "HIGH"
    },
    {
      "quarter": "2022-09 (Q3)",
      "signal": "YoY REVENUE GROWTH DECELERATION",
      "detail": "YoY growth: -4.4% vs prior quarter YoY: +5.7% (decel: -10.1%)",
      "severity": "WARNING"
    },
    {
      "quarter": "2022-06 (Q2)",
      "signal": "YoY REVENUE GROWTH DECELERATION",
      "detail": "YoY growth: +5.7% vs prior quarter YoY: +12.5% (decel: -6.8%)",
      "severity": "WARNING"
    },
    {
      "quarter": "2021-12 (Q4)",
      "signal": "GROSS MARGIN INFLECTION",
      "detail": "GM: +86.1% -> +82.9% -> +88.4% (reversal +5.5%)",
      "severity": "HIGH"
    },
    {
      "quarter": "2021-09 (Q3)",
      "signal": "OPERATING LEVERAGE",
      "detail": "Rev growth +10.6% vs OpEx growth +4.8% (leverage: 2.2x)",
      "severity": "MEDIUM"
    },
    {
      "quarter": "2021-06 (Q2)",
      "signal": "FCF MARGIN EXPANSION",
      "detail": "FCF margin: +10.1% -> +24.3% (+14.2%)",
      "severity": "MEDIUM"
    }
  ],
  "data_quality": {
    "n_quarters": 20,
    "coverage": {
      "revenue": [
        20,
        20
      ],
      "gross_profit": [
        7,
        20
      ],
      "op_income": [
        0,
        20
      ],
      "fcf": [
        20,
        20
      ]
    },
    "gaps": [],
    "warnings": [
      "gross_profit: 7/20Q",
      "op_income: no data"
    ]
  },
  "market_cap": null,
  "source": "SEC EDGAR",
  "last_updated": "2026-02-02T19:56:47.587932"
}