{
  "ticker": "AKA",
  "name": "a.k.a. Brands Holding Corp.",
  "quarters": [
    {
      "date": "2020-12-31T00:00:00",
      "quarter_label": "2020-12 (Q4)",
      "revenue": 70781000,
      "gross_profit": 42703000,
      "operating_income": 7843000,
      "net_income": 5128000,
      "opex": 34860000,
      "cogs": 28078000,
      "rd": null,
      "sga": null,
      "fcf": 12415000,
      "ocf": 12740000,
      "capex": -325000,
      "gross_margin": 0.603311623175711,
      "op_margin": 0.11080657238524463,
      "fcf_margin": 0.17540017801387378
    },
    {
      "date": "2021-03-31T00:00:00",
      "quarter_label": "2021-03 (Q1)",
      "revenue": 68779000,
      "gross_profit": 40588000,
      "operating_income": 2680000,
      "net_income": 1472000,
      "opex": 37908000,
      "cogs": 28191000,
      "rd": null,
      "sga": null,
      "fcf": 18677000,
      "ocf": 18974000,
      "capex": -297000,
      "gross_margin": 0.5901219849081842,
      "op_margin": 0.0389653818752817,
      "fcf_margin": 0.2715509094345658,
      "fcf_margin_change": 0.096150731420692
    },
    {
      "date": "2021-06-30T00:00:00",
      "quarter_label": "2021-06 (Q2)",
      "revenue": 149227000,
      "gross_profit": 81434000,
      "operating_income": 7283000,
      "net_income": 2431000,
      "opex": 74151000,
      "cogs": 67793000,
      "rd": null,
      "sga": null,
      "fcf": -14558000,
      "ocf": -11494000,
      "capex": -3064000,
      "gross_margin": 0.5457055358614727,
      "op_margin": 0.04880484094701361,
      "fcf_margin": -0.09755607229254759,
      "op_leverage_ratio": 1.22339338357175,
      "fcf_margin_change": -0.36910698172711337
    },
    {
      "date": "2021-09-30T00:00:00",
      "quarter_label": "2021-09 (Q3)",
      "revenue": 161762000,
      "gross_profit": 86110000,
      "operating_income": 1165000,
      "net_income": -9894000,
      "opex": 84945000,
      "cogs": 75652000,
      "rd": null,
      "sga": null,
      "fcf": 11797000,
      "ocf": 13151000,
      "capex": -1354000,
      "gross_margin": 0.5323252679863009,
      "op_margin": 0.007201938650610156,
      "fcf_margin": 0.07292812897961203,
      "op_leverage_ratio": 0.5770474532844863,
      "fcf_margin_change": 0.17048420127215963
    },
    {
      "date": "2021-12-31T00:00:00",
      "quarter_label": "2021-12 (Q4)",
      "revenue": 182423000,
      "gross_profit": 99532000,
      "operating_income": 5255000,
      "net_income": 23000,
      "opex": 94277000,
      "cogs": 82891000,
      "rd": null,
      "sga": null,
      "fcf": 318000,
      "ocf": 3337000,
      "capex": -3019000,
      "gross_margin": 0.545611024925585,
      "op_margin": 0.028806674596953234,
      "fcf_margin": 0.0017432012410715755,
      "incr_op_margin_yoy": -0.023181240035112235,
      "rev_growth_yoy": 1.5772876901993473,
      "op_leverage_ratio": 1.1626203501290941,
      "fcf_margin_change": -0.07118492773854045
    },
    {
      "date": "2022-03-31T00:00:00",
      "quarter_label": "2022-03 (Q1)",
      "revenue": 148319000,
      "gross_profit": 84196000,
      "operating_income": 3349000,
      "net_income": 1525000,
      "opex": 80847000,
      "cogs": 64123000,
      "rd": null,
      "sga": null,
      "fcf": -17511000,
      "ocf": -14903000,
      "capex": -2608000,
      "gross_margin": 0.5676683364909418,
      "op_margin": 0.02257970994950074,
      "fcf_margin": -0.11806309373714763,
      "incr_op_margin_yoy": 0.008410862459140056,
      "rev_growth_yoy": 1.1564576396865323,
      "rev_growth_yoy_accel": -0.4208300505128151,
      "fcf_margin_change": -0.11980629497821921
    },
    {
      "date": "2022-06-30T00:00:00",
      "quarter_label": "2022-06 (Q2)",
      "revenue": 158471000,
      "gross_profit": 87447000,
      "operating_income": -2574000,
      "net_income": -4212000,
      "opex": 90021000,
      "cogs": 71024000,
      "rd": null,
      "sga": null,
      "fcf": -11879000,
      "ocf": -8684000,
      "capex": -3195000,
      "gross_margin": 0.5518170517003111,
      "op_margin": -0.016242719488108234,
      "fcf_margin": -0.07496008733459118,
      "incr_op_margin_yoy": -1.066313284292514,
      "rev_growth_yoy": 0.06194589450970669,
      "rev_growth_yoy_accel": -1.0945117451768256,
      "op_leverage_ratio": 0.6031981400314704,
      "fcf_margin_change": 0.043103006402556446
    },
    {
      "date": "2022-09-30T00:00:00",
      "quarter_label": "2022-09 (Q3)",
      "revenue": 155822000,
      "gross_profit": 86857000,
      "operating_income": 2742000,
      "net_income": -114000,
      "opex": 84115000,
      "cogs": 68965000,
      "rd": null,
      "sga": null,
      "fcf": 4027000,
      "ocf": 12170000,
      "capex": -8143000,
      "gross_margin": 0.5574116620246178,
      "op_margin": 0.017597001707076024,
      "fcf_margin": 0.025843590763820257,
      "incr_op_margin_yoy": -0.2654882154882155,
      "rev_growth_yoy": -0.03672061423572903,
      "rev_growth_yoy_accel": -0.09866650874543573,
      "fcf_margin_change": 0.10080367809841144
    },
    {
      "date": "2022-12-31T00:00:00",
      "quarter_label": "2022-12 (Q4)",
      "revenue": 149126000,
      "gross_profit": 78747000,
      "operating_income": -175556000,
      "net_income": -173896000,
      "opex": 254303000,
      "cogs": 70379000,
      "rd": null,
      "sga": null,
      "fcf": 5298000,
      "ocf": 11098000,
      "capex": -5800000,
      "gross_margin": 0.5280568110188699,
      "op_margin": -1.1772326757238845,
      "fcf_margin": 0.03552700401003178,
      "incr_op_margin_yoy": 5.430248971378803,
      "rev_growth_yoy": -0.1825263261759756,
      "rev_growth_yoy_accel": -0.14580571194024658,
      "fcf_margin_change": 0.009683413246211525
    },
    {
      "date": "2023-03-31T00:00:00",
      "quarter_label": "2023-03 (Q1)",
      "revenue": 120485000,
      "gross_profit": 68500000,
      "operating_income": -6551000,
      "net_income": -9553000,
      "opex": 75051000,
      "cogs": 51985000,
      "rd": null,
      "sga": null,
      "fcf": -4814000,
      "ocf": -2960000,
      "capex": -1854000,
      "gross_margin": 0.5685355023446902,
      "op_margin": -0.054371913516205336,
      "fcf_margin": -0.03995518114288086,
      "incr_op_margin_yoy": 0.35568010347057555,
      "rev_growth_yoy": -0.18766307755580877,
      "rev_growth_yoy_accel": -0.00513675137983316,
      "fcf_margin_change": -0.07548218515291263
    },
    {
      "date": "2023-06-30T00:00:00",
      "quarter_label": "2023-06 (Q2)",
      "revenue": 136028000,
      "gross_profit": 77356000,
      "operating_income": -1121000,
      "net_income": -5040000,
      "opex": 78477000,
      "cogs": 58672000,
      "rd": null,
      "sga": null,
      "fcf": 8486000,
      "ocf": 10250000,
      "capex": -1764000,
      "gross_margin": 0.568677037080601,
      "op_margin": -0.008240950392566237,
      "fcf_margin": 0.06238421501455583,
      "incr_op_margin_yoy": -0.06474179031323798,
      "rev_growth_yoy": -0.14162212644584812,
      "rev_growth_yoy_accel": 0.04604095110996065,
      "op_leverage_ratio": 2.825992400678896,
      "fcf_margin_change": 0.10233939615743669
    },
    {
      "date": "2023-09-30T00:00:00",
      "quarter_label": "2023-09 (Q3)",
      "revenue": 140833000,
      "gross_profit": 77968000,
      "operating_income": -70349000,
      "net_income": -70410000,
      "opex": 148317000,
      "cogs": 62865000,
      "rd": null,
      "sga": null,
      "fcf": 8908000,
      "ocf": 10752000,
      "capex": -1844000,
      "gross_margin": 0.5536202452550184,
      "op_margin": -0.49952070892475486,
      "fcf_margin": 0.0632522207153153,
      "incr_op_margin_yoy": 4.876309293481887,
      "rev_growth_yoy": -0.09619309211792944,
      "rev_growth_yoy_accel": 0.045429034327918685,
      "op_leverage_ratio": 0.03969202362268855,
      "fcf_margin_change": 0.0008680057007594763
    },
    {
      "date": "2023-12-31T00:00:00",
      "quarter_label": "2023-12 (Q4)",
      "revenue": 148912000,
      "gross_profit": 76456000,
      "operating_income": -5388000,
      "net_income": -13883000,
      "opex": 81844000,
      "cogs": 72456000,
      "rd": null,
      "sga": null,
      "fcf": 14876000,
      "ocf": 15384000,
      "capex": -508000,
      "gross_margin": 0.5134307510475986,
      "op_margin": -0.03618244332223058,
      "fcf_margin": 0.09989792629203825,
      "rev_growth_yoy": -0.0014350280970454514,
      "rev_growth_yoy_accel": 0.09475806402088399,
      "op_leverage_ratio": Infinity,
      "fcf_margin_change": 0.03664570557672295
    },
    {
      "date": "2024-03-31T00:00:00",
      "quarter_label": "2024-03 (Q1)",
      "revenue": 116840000,
      "gross_profit": 65674000,
      "operating_income": -6093000,
      "net_income": -8933000,
      "opex": 71767000,
      "cogs": 51166000,
      "rd": null,
      "sga": null,
      "fcf": -8441000,
      "ocf": -7687000,
      "capex": -754000,
      "gross_margin": 0.5620849024306744,
      "op_margin": -0.05214823690516946,
      "fcf_margin": -0.07224409448818897,
      "incr_op_margin_yoy": -0.12565157750342937,
      "rev_growth_yoy": -0.030252728555421837,
      "rev_growth_yoy_accel": -0.028817700458376384,
      "fcf_margin_change": -0.17214202078022722
    },
    {
      "date": "2024-06-30T00:00:00",
      "quarter_label": "2024-06 (Q2)",
      "revenue": 148931000,
      "gross_profit": 85969000,
      "operating_income": 636000,
      "net_income": -2261000,
      "opex": 85333000,
      "cogs": 62962000,
      "rd": null,
      "sga": null,
      "fcf": 1517000,
      "ocf": 3489000,
      "capex": -1972000,
      "gross_margin": 0.577240467061928,
      "op_margin": 0.004270433959350303,
      "fcf_margin": 0.010185925025683034,
      "incr_op_margin_yoy": 0.13616988297295202,
      "rev_growth_yoy": 0.09485547093245508,
      "rev_growth_yoy_accel": 0.1251081994878769,
      "op_leverage_ratio": 1.4529968800255466,
      "fcf_margin_change": 0.08243001951387201
    },
    {
      "date": "2024-09-30T00:00:00",
      "quarter_label": "2024-09 (Q3)",
      "revenue": 149903000,
      "gross_profit": 86920000,
      "operating_income": -2072000,
      "net_income": -5439000,
      "opex": 88992000,
      "cogs": 62983000,
      "rd": null,
      "sga": null,
      "fcf": -7103000,
      "ocf": -2140000,
      "capex": -4963000,
      "gross_margin": 0.5798416309213291,
      "op_margin": -0.013822271735722433,
      "fcf_margin": -0.04738397497048091,
      "incr_op_margin_yoy": 7.5277839029768465,
      "rev_growth_yoy": 0.06440251929590365,
      "rev_growth_yoy_accel": -0.03045295163655143,
      "fcf_margin_change": -0.05756989999616395
    },
    {
      "date": "2024-12-31T00:00:00",
      "quarter_label": "2024-12 (Q4)",
      "revenue": 159023000,
      "gross_profit": 88942000,
      "operating_income": -2792000,
      "net_income": -9357000,
      "opex": 91734000,
      "cogs": 70081000,
      "rd": null,
      "sga": null,
      "fcf": 3104000,
      "ocf": 7007000,
      "capex": -3903000,
      "gross_margin": 0.5593027423706005,
      "op_margin": -0.01755720870565893,
      "fcf_margin": 0.019519189048125114,
      "incr_op_margin_yoy": 0.2567500741766393,
      "rev_growth_yoy": 0.06789916192113463,
      "rev_growth_yoy_accel": 0.0034966426252309724,
      "op_leverage_ratio": 1.974549523060653,
      "fcf_margin_change": 0.06690316401860602
    },
    {
      "date": "2025-03-31T00:00:00",
      "quarter_label": "2025-03 (Q1)",
      "revenue": 128657000,
      "gross_profit": 73656000,
      "operating_income": -5383000,
      "net_income": -8350000,
      "opex": 79039000,
      "cogs": 55001000,
      "rd": null,
      "sga": null,
      "fcf": -5311000,
      "ocf": -1875000,
      "capex": -3436000,
      "gross_margin": 0.5724989701298803,
      "op_margin": -0.04183993097927046,
      "fcf_margin": -0.041280303442486614,
      "incr_op_margin_yoy": 0.060082931370060086,
      "rev_growth_yoy": 0.10113830879835672,
      "rev_growth_yoy_accel": 0.0332391468772221,
      "fcf_margin_change": -0.06079949249061173
    },
    {
      "date": "2025-06-30T00:00:00",
      "quarter_label": "2025-06 (Q2)",
      "revenue": 160524000,
      "gross_profit": 92344000,
      "operating_income": -491000,
      "net_income": -3625000,
      "opex": 92835000,
      "cogs": 68180000,
      "rd": null,
      "sga": null,
      "fcf": 7402000,
      "ocf": 11888000,
      "capex": -4486000,
      "gross_margin": 0.5752660038374324,
      "op_margin": -0.0030587326505693855,
      "fcf_margin": 0.04611148488699509,
      "incr_op_margin_yoy": -0.0972138359354783,
      "rev_growth_yoy": 0.07784141649488689,
      "rev_growth_yoy_accel": -0.023296892303469832,
      "op_leverage_ratio": 1.4190444883767255,
      "fcf_margin_change": 0.0873917883294817
    },
    {
      "date": "2025-09-30T00:00:00",
      "quarter_label": "2025-09 (Q3)",
      "revenue": 147077000,
      "gross_profit": 86983000,
      "operating_income": -1428000,
      "net_income": -4960000,
      "opex": 88411000,
      "cogs": 60094000,
      "rd": null,
      "sga": null,
      "fcf": 317000,
      "ocf": 4735000,
      "capex": -4418000,
      "gross_margin": 0.5914113015631268,
      "op_margin": -0.009709199942887058,
      "fcf_margin": 0.002155333600766945,
      "incr_op_margin_yoy": -0.2278839348903043,
      "rev_growth_yoy": -0.018852191083567373,
      "rev_growth_yoy_accel": -0.09669360757845427,
      "fcf_margin_change": -0.043956151286228144
    }
  ],
  "signals": [
    {
      "quarter": "2025-09 (Q3)",
      "signal": "YoY REVENUE GROWTH DECELERATION",
      "detail": "YoY growth: -1.9% vs prior quarter YoY: +7.8% (decel: -9.7%)",
      "severity": "WARNING"
    },
    {
      "quarter": "2025-06 (Q2)",
      "signal": "FCF TURNED POSITIVE",
      "detail": "FCF margin: -4.1% -> +4.6%",
      "severity": "HIGH"
    },
    {
      "quarter": "2024-12 (Q4)",
      "signal": "FCF TURNED POSITIVE",
      "detail": "FCF margin: -4.7% -> +2.0%",
      "severity": "HIGH"
    },
    {
      "quarter": "2024-12 (Q4)",
      "signal": "OPERATING LEVERAGE",
      "detail": "Rev growth +6.1% vs OpEx growth +3.1% (leverage: 2.0x)",
      "severity": "MEDIUM"
    },
    {
      "quarter": "2024-06 (Q2)",
      "signal": "FCF TURNED POSITIVE",
      "detail": "FCF margin: -7.2% -> +1.0%",
      "severity": "HIGH"
    },
    {
      "quarter": "2024-06 (Q2)",
      "signal": "YoY REVENUE GROWTH ACCELERATION",
      "detail": "YoY growth: +9.5% vs prior quarter YoY: -3.0% (accel: +12.5%)",
      "severity": "MEDIUM"
    },
    {
      "quarter": "2024-06 (Q2)",
      "signal": "OP MARGIN TURNED POSITIVE (YoY)",
      "detail": "Op margin: -0.8% (year-ago) -> +0.4%",
      "severity": "HIGH"
    },
    {
      "quarter": "2024-06 (Q2)",
      "signal": "OP MARGIN TURNED POSITIVE (QoQ)",
      "detail": "Op margin: -5.2% -> +0.4%",
      "severity": "HIGH"
    },
    {
      "quarter": "2024-03 (Q1)",
      "signal": "GROSS MARGIN INFLECTION",
      "detail": "GM: +55.4% -> +51.3% -> +56.2% (reversal +4.9%)",
      "severity": "MEDIUM"
    },
    {
      "quarter": "2023-12 (Q4)",
      "signal": "YoY REVENUE GROWTH ACCELERATION",
      "detail": "YoY growth: -0.1% vs prior quarter YoY: -9.6% (accel: +9.5%)",
      "severity": "MEDIUM"
    },
    {
      "quarter": "2023-06 (Q2)",
      "signal": "FCF TURNED POSITIVE",
      "detail": "FCF margin: -4.0% -> +6.2%",
      "severity": "HIGH"
    },
    {
      "quarter": "2023-06 (Q2)",
      "signal": "OPERATING LEVERAGE",
      "detail": "Rev growth +12.9% vs OpEx growth +4.6% (leverage: 2.8x)",
      "severity": "MEDIUM"
    },
    {
      "quarter": "2023-03 (Q1)",
      "signal": "GROSS MARGIN INFLECTION",
      "detail": "GM: +55.7% -> +52.8% -> +56.9% (reversal +4.0%)",
      "severity": "MEDIUM"
    },
    {
      "quarter": "2022-12 (Q4)",
      "signal": "YoY REVENUE GROWTH DECELERATION",
      "detail": "YoY growth: -18.3% vs prior quarter YoY: -3.7% (decel: -14.6%)",
      "severity": "WARNING"
    },
    {
      "quarter": "2022-09 (Q3)",
      "signal": "FCF TURNED POSITIVE",
      "detail": "FCF margin: -7.5% -> +2.6%",
      "severity": "HIGH"
    },
    {
      "quarter": "2022-09 (Q3)",
      "signal": "YoY REVENUE GROWTH DECELERATION",
      "detail": "YoY growth: -3.7% vs prior quarter YoY: +6.2% (decel: -9.9%)",
      "severity": "WARNING"
    },
    {
      "quarter": "2022-09 (Q3)",
      "signal": "OP MARGIN TURNED POSITIVE (QoQ)",
      "detail": "Op margin: -1.6% -> +1.8%",
      "severity": "HIGH"
    },
    {
      "quarter": "2022-06 (Q2)",
      "signal": "YoY REVENUE GROWTH DECELERATION",
      "detail": "YoY growth: +6.2% vs prior quarter YoY: +115.6% (decel: -109.5%)",
      "severity": "WARNING"
    },
    {
      "quarter": "2022-03 (Q1)",
      "signal": "YoY REVENUE GROWTH DECELERATION",
      "detail": "YoY growth: +115.6% vs prior quarter YoY: +157.7% (decel: -42.1%)",
      "severity": "WARNING"
    },
    {
      "quarter": "2021-09 (Q3)",
      "signal": "FCF TURNED POSITIVE",
      "detail": "FCF margin: -9.8% -> +7.3%",
      "severity": "HIGH"
    },
    {
      "quarter": "2021-03 (Q1)",
      "signal": "FCF MARGIN EXPANSION",
      "detail": "FCF margin: +17.5% -> +27.2% (+9.6%)",
      "severity": "MEDIUM"
    }
  ],
  "data_quality": {
    "n_quarters": 20,
    "coverage": {
      "revenue": [
        20,
        20
      ],
      "gross_profit": [
        20,
        20
      ],
      "op_income": [
        20,
        20
      ],
      "fcf": [
        20,
        20
      ]
    },
    "gaps": [],
    "warnings": []
  },
  "market_cap": null,
  "source": "SEC EDGAR",
  "last_updated": "2026-02-02T23:14:17.376741",
  "sector": "Consumer Cyclical",
  "industry": "Apparel Retail"
}