{
  "ticker": "AKAM",
  "name": "Akamai Technologies, Inc",
  "quarters": [
    {
      "date": "2020-12-31T00:00:00",
      "quarter_label": "2020-12 (Q4)",
      "revenue": 846287000,
      "gross_profit": 542440000,
      "operating_income": 134617000,
      "net_income": 113370000,
      "opex": 711670000,
      "cogs": 303847000,
      "rd": 67228000,
      "sga": null,
      "fcf": 172573000,
      "ocf": 291093000,
      "capex": -118520000,
      "gross_margin": 0.6409645900267876,
      "op_margin": 0.1590677866964753,
      "fcf_margin": 0.20391781984125953
    },
    {
      "date": "2021-03-31T00:00:00",
      "quarter_label": "2021-03 (Q1)",
      "revenue": 842708000,
      "gross_profit": 536021000,
      "operating_income": 182364000,
      "net_income": 155695000,
      "opex": 660344000,
      "cogs": 306687000,
      "rd": 82045000,
      "sga": null,
      "fcf": 162571000,
      "ocf": 249793000,
      "capex": -87222000,
      "gross_margin": 0.6360696706332443,
      "op_margin": 0.21640236001082225,
      "fcf_margin": 0.19291498360048795,
      "fcf_margin_change": -0.011002836240771585
    },
    {
      "date": "2021-06-30T00:00:00",
      "quarter_label": "2021-06 (Q2)",
      "revenue": 852824000,
      "gross_profit": 532824000,
      "operating_income": 199434000,
      "net_income": 156497000,
      "opex": 653390000,
      "cogs": 320000000,
      "rd": 77255000,
      "sga": null,
      "fcf": 270902000,
      "ocf": 378133000,
      "capex": -107231000,
      "gross_margin": 0.6247760381977994,
      "op_margin": 0.23385129874393779,
      "fcf_margin": 0.31765288031293676,
      "op_leverage_ratio": Infinity,
      "fcf_margin_change": 0.12473789671244881
    },
    {
      "date": "2021-09-30T00:00:00",
      "quarter_label": "2021-09 (Q3)",
      "revenue": 860333000,
      "gross_profit": 543467000,
      "operating_income": 205265000,
      "net_income": 178916000,
      "opex": 655068000,
      "cogs": 316866000,
      "rd": 82899000,
      "sga": null,
      "fcf": 319059000,
      "ocf": 389737000,
      "capex": -70678000,
      "gross_margin": 0.6316937743873593,
      "op_margin": 0.23858784912353706,
      "fcf_margin": 0.3708552386110959,
      "fcf_margin_change": 0.05320235829815917
    },
    {
      "date": "2021-12-31T00:00:00",
      "quarter_label": "2021-12 (Q4)",
      "revenue": 905358000,
      "gross_profit": 579955000,
      "operating_income": 196085000,
      "net_income": 160534000,
      "opex": 709273000,
      "cogs": 325403000,
      "rd": 93173000,
      "sga": null,
      "fcf": 323062000,
      "ocf": 386900000,
      "capex": -63838000,
      "gross_margin": 0.640580853098995,
      "op_margin": 0.21658283242650975,
      "fcf_margin": 0.3568334294279169,
      "incr_op_margin_yoy": 1.0405782871459768,
      "rev_growth_yoy": 0.06980019780523629,
      "op_leverage_ratio": 0.6324616196515588,
      "fcf_margin_change": -0.014021809183179024
    },
    {
      "date": "2022-03-31T00:00:00",
      "quarter_label": "2022-03 (Q1)",
      "revenue": 903647000,
      "gross_profit": 570895000,
      "operating_income": 173319000,
      "net_income": 119163000,
      "opex": 730328000,
      "cogs": 332752000,
      "rd": 99935000,
      "sga": null,
      "fcf": 171446000,
      "ocf": 222451000,
      "capex": -51005000,
      "gross_margin": 0.6317677146053714,
      "op_margin": 0.1917994526623781,
      "fcf_margin": 0.18972674064098038,
      "incr_op_margin_yoy": -0.1484271156402304,
      "rev_growth_yoy": 0.07231330425248128,
      "rev_growth_yoy_accel": 0.002513106447244992,
      "fcf_margin_change": -0.16710668878693652
    },
    {
      "date": "2022-06-30T00:00:00",
      "quarter_label": "2022-06 (Q2)",
      "revenue": 903332000,
      "gross_profit": 556683000,
      "operating_income": 175042000,
      "net_income": 119537000,
      "opex": 728290000,
      "cogs": 346649000,
      "rd": 92070000,
      "sga": null,
      "fcf": 267216000,
      "ocf": 341431000,
      "capex": -74215000,
      "gross_margin": 0.6162551531441375,
      "op_margin": 0.19377371774718485,
      "fcf_margin": 0.2958115067328513,
      "incr_op_margin_yoy": -0.4829333966896333,
      "rev_growth_yoy": 0.05922441207095485,
      "rev_growth_yoy_accel": -0.01308889218152643,
      "fcf_margin_change": 0.1060847660918709
    },
    {
      "date": "2022-09-30T00:00:00",
      "quarter_label": "2022-09 (Q3)",
      "revenue": 881896000,
      "gross_profit": 535446000,
      "operating_income": 160438000,
      "net_income": 108154000,
      "opex": 721458000,
      "cogs": 346450000,
      "rd": 94047000,
      "sga": null,
      "fcf": 318499000,
      "ocf": 369296000,
      "capex": -50797000,
      "gross_margin": 0.6071532244164844,
      "op_margin": 0.18192394568066983,
      "fcf_margin": 0.3611525622068815,
      "incr_op_margin_yoy": -2.0788851273013957,
      "rev_growth_yoy": 0.025063550973867095,
      "rev_growth_yoy_accel": -0.034160861097087755,
      "fcf_margin_change": 0.06534105547403024
    },
    {
      "date": "2022-12-31T00:00:00",
      "quarter_label": "2022-12 (Q4)",
      "revenue": 927779000,
      "gross_profit": 569811000,
      "operating_income": 167475000,
      "net_income": 128762000,
      "opex": 760304000,
      "cogs": 357968000,
      "rd": 105382000,
      "sga": null,
      "fcf": 276249000,
      "ocf": 341498000,
      "capex": -65249000,
      "gross_margin": 0.6141667358282522,
      "op_margin": 0.1805117382480095,
      "fcf_margin": 0.29775302092416406,
      "incr_op_margin_yoy": -1.2760358592391061,
      "rev_growth_yoy": 0.02476478917731991,
      "rev_growth_yoy_accel": -0.00029876179654718393,
      "op_leverage_ratio": 0.9662715234601715,
      "fcf_margin_change": -0.06339954128271746
    },
    {
      "date": "2023-03-31T00:00:00",
      "quarter_label": "2023-03 (Q1)",
      "revenue": 915698000,
      "gross_profit": 554382000,
      "operating_income": 126638000,
      "net_income": 97106000,
      "opex": 789060000,
      "cogs": 361316000,
      "rd": 91863000,
      "sga": null,
      "fcf": 91799000,
      "ocf": 233499000,
      "capex": -141700000,
      "gross_margin": 0.6054201275966531,
      "op_margin": 0.13829668733578102,
      "fcf_margin": 0.10025030086338509,
      "incr_op_margin_yoy": -3.8736204464359805,
      "rev_growth_yoy": 0.01333595972763701,
      "rev_growth_yoy_accel": -0.011428829449682902,
      "fcf_margin_change": -0.19750272006077896
    },
    {
      "date": "2023-06-30T00:00:00",
      "quarter_label": "2023-06 (Q2)",
      "revenue": 935721000,
      "gross_profit": 562446000,
      "operating_income": 149785000,
      "net_income": 128816000,
      "opex": 785936000,
      "cogs": 373275000,
      "rd": 99041000,
      "sga": null,
      "fcf": 254006000,
      "ocf": 366311000,
      "capex": -112305000,
      "gross_margin": 0.6010830151295098,
      "op_margin": 0.16007442389344687,
      "fcf_margin": 0.2714548460491963,
      "incr_op_margin_yoy": -0.7798017845564852,
      "rev_growth_yoy": 0.035855034472375605,
      "rev_growth_yoy_accel": 0.022519074744738597,
      "op_leverage_ratio": Infinity,
      "fcf_margin_change": 0.17120454518581119
    },
    {
      "date": "2023-09-30T00:00:00",
      "quarter_label": "2023-09 (Q3)",
      "revenue": 965484000,
      "gross_profit": 582409000,
      "operating_income": 176129000,
      "net_income": 160542000,
      "opex": 789355000,
      "cogs": 383075000,
      "rd": 105942000,
      "sga": null,
      "fcf": 225936000,
      "ocf": 359436000,
      "capex": -133500000,
      "gross_margin": 0.6032300897788052,
      "op_margin": 0.1824256020814431,
      "fcf_margin": 0.2340131995973004,
      "incr_op_margin_yoy": 0.1877183327750395,
      "rev_growth_yoy": 0.09478215118335949,
      "rev_growth_yoy_accel": 0.058927116710983884,
      "op_leverage_ratio": 7.311700766791267,
      "fcf_margin_change": -0.03744164645189588
    },
    {
      "date": "2023-12-31T00:00:00",
      "quarter_label": "2023-12 (Q4)",
      "revenue": 995017000,
      "gross_profit": 601620000,
      "operating_income": 184786000,
      "net_income": 161165000,
      "opex": 810231000,
      "cogs": 393397000,
      "rd": 109202000,
      "sga": null,
      "fcf": 318789000,
      "ocf": 389193000,
      "capex": -70404000,
      "gross_margin": 0.6046328856692901,
      "op_margin": 0.18571139990573024,
      "fcf_margin": 0.32038548085108093,
      "incr_op_margin_yoy": 0.25745857996966004,
      "rev_growth_yoy": 0.07247200033628698,
      "rev_growth_yoy_accel": -0.02231015084707251,
      "op_leverage_ratio": 1.1566116446507348,
      "fcf_margin_change": 0.08637228125378052
    },
    {
      "date": "2024-03-31T00:00:00",
      "quarter_label": "2024-03 (Q1)",
      "revenue": 986970000,
      "gross_profit": 592227000,
      "operating_income": 166728000,
      "net_income": 175418000,
      "opex": 820242000,
      "cogs": 394743000,
      "rd": 116932000,
      "sga": null,
      "fcf": 258127000,
      "ocf": 351878000,
      "capex": -93751000,
      "gross_margin": 0.6000455940910058,
      "op_margin": 0.16892914678257698,
      "fcf_margin": 0.26153479842345767,
      "incr_op_margin_yoy": 0.562492984622292,
      "rev_growth_yoy": 0.07783352153220821,
      "rev_growth_yoy_accel": 0.005361521195921232,
      "fcf_margin_change": -0.05885068242762326
    },
    {
      "date": "2024-06-30T00:00:00",
      "quarter_label": "2024-06 (Q2)",
      "revenue": 979580000,
      "gross_profit": 576692000,
      "operating_income": 147986000,
      "net_income": 131688000,
      "opex": 831594000,
      "cogs": 402888000,
      "rd": 113352000,
      "sga": null,
      "fcf": 339969000,
      "ocf": 430963000,
      "capex": -90994000,
      "gross_margin": 0.5887135302884909,
      "op_margin": 0.15107086710631087,
      "fcf_margin": 0.3470558810918965,
      "incr_op_margin_yoy": -0.04101780706354454,
      "rev_growth_yoy": 0.04687187740790257,
      "rev_growth_yoy_accel": -0.03096164412430564,
      "fcf_margin_change": 0.08552108266843883
    },
    {
      "date": "2024-09-30T00:00:00",
      "quarter_label": "2024-09 (Q3)",
      "revenue": 1004679000,
      "gross_profit": 595873000,
      "operating_income": 70637000,
      "net_income": 57907000,
      "opex": 934042000,
      "cogs": 408806000,
      "rd": 120347000,
      "sga": null,
      "fcf": 279739000,
      "ocf": 392542000,
      "capex": -112803000,
      "gross_margin": 0.5930978949495311,
      "op_margin": 0.0703080287335557,
      "fcf_margin": 0.27843619703407757,
      "incr_op_margin_yoy": -2.691465748182166,
      "rev_growth_yoy": 0.04059621909840039,
      "rev_growth_yoy_accel": -0.006275658309502184,
      "op_leverage_ratio": 0.20798133986508963,
      "fcf_margin_change": -0.06861968405781893
    },
    {
      "date": "2024-12-31T00:00:00",
      "quarter_label": "2024-12 (Q4)",
      "revenue": 1019939000,
      "gross_profit": 605583000,
      "operating_income": 148060000,
      "net_income": 139905000,
      "opex": 871879000,
      "cogs": 414356000,
      "rd": 120245000,
      "sga": null,
      "fcf": 250903000,
      "ocf": 343788000,
      "capex": -92885000,
      "gross_margin": 0.5937443317688607,
      "op_margin": 0.14516554421391867,
      "fcf_margin": 0.24599804498112143,
      "incr_op_margin_yoy": -1.4736377497793114,
      "rev_growth_yoy": 0.025046808245487263,
      "rev_growth_yoy_accel": -0.015549410852913125,
      "op_leverage_ratio": Infinity,
      "fcf_margin_change": -0.03243815205295614
    },
    {
      "date": "2025-03-31T00:00:00",
      "quarter_label": "2025-03 (Q1)",
      "revenue": 1015139000,
      "gross_profit": 596194000,
      "operating_income": 154583000,
      "net_income": 123171000,
      "opex": 860556000,
      "cogs": 418945000,
      "rd": 123549000,
      "sga": null,
      "fcf": 133424000,
      "ocf": 251200000,
      "capex": -117776000,
      "gross_margin": 0.587302822569126,
      "op_margin": 0.1522776683784191,
      "fcf_margin": 0.13143421738303818,
      "incr_op_margin_yoy": -0.4311477155738578,
      "rev_growth_yoy": 0.028540887767611985,
      "rev_growth_yoy_accel": 0.0034940795221247226,
      "fcf_margin_change": -0.11456382759808326
    },
    {
      "date": "2025-06-30T00:00:00",
      "quarter_label": "2025-06 (Q2)",
      "revenue": 1043494000,
      "gross_profit": 616959000,
      "operating_income": 151461000,
      "net_income": 103618000,
      "opex": 892033000,
      "cogs": 426535000,
      "rd": 125838000,
      "sga": null,
      "fcf": 313613000,
      "ocf": 459149000,
      "capex": -145536000,
      "gross_margin": 0.5912434570778557,
      "op_margin": 0.1451479356853034,
      "fcf_margin": 0.30054125850268426,
      "incr_op_margin_yoy": 0.05436993459961824,
      "rev_growth_yoy": 0.06524633005982156,
      "rev_growth_yoy_accel": 0.03670544229220957,
      "op_leverage_ratio": 0.7636422376061864,
      "fcf_margin_change": 0.16910704111964608
    },
    {
      "date": "2025-09-30T00:00:00",
      "quarter_label": "2025-09 (Q3)",
      "revenue": 1054630000,
      "gross_profit": 625098000,
      "operating_income": 166024000,
      "net_income": 140170000,
      "opex": 888606000,
      "cogs": 429532000,
      "rd": 124720000,
      "sga": null,
      "fcf": 329052000,
      "ocf": 441832000,
      "capex": -112780000,
      "gross_margin": 0.592717825208841,
      "op_margin": 0.1574239306676275,
      "fcf_margin": 0.3120070546068289,
      "incr_op_margin_yoy": 1.909611419190807,
      "rev_growth_yoy": 0.049718367757263765,
      "rev_growth_yoy_accel": -0.01552796230255779,
      "op_leverage_ratio": Infinity,
      "fcf_margin_change": 0.011465796104144665
    }
  ],
  "signals": [
    {
      "quarter": "2025-09 (Q3)",
      "signal": "INCREMENTAL MARGIN (YoY)",
      "detail": "YoY Incr OPM: +191.0% vs year-ago OPM: +7.0%",
      "severity": "HIGH"
    },
    {
      "quarter": "2025-06 (Q2)",
      "signal": "FCF MARGIN EXPANSION",
      "detail": "FCF margin: +13.1% -> +30.1% (+16.9%)",
      "severity": "MEDIUM"
    },
    {
      "quarter": "2024-06 (Q2)",
      "signal": "FCF MARGIN EXPANSION",
      "detail": "FCF margin: +26.2% -> +34.7% (+8.6%)",
      "severity": "MEDIUM"
    },
    {
      "quarter": "2024-03 (Q1)",
      "signal": "INCREMENTAL MARGIN (YoY)",
      "detail": "YoY Incr OPM: +56.2% vs year-ago OPM: +13.8%",
      "severity": "HIGH"
    },
    {
      "quarter": "2023-12 (Q4)",
      "signal": "FCF MARGIN EXPANSION",
      "detail": "FCF margin: +23.4% -> +32.0% (+8.6%)",
      "severity": "MEDIUM"
    },
    {
      "quarter": "2023-09 (Q3)",
      "signal": "OPERATING LEVERAGE",
      "detail": "Rev growth +3.2% vs OpEx growth +0.4% (leverage: 7.3x)",
      "severity": "MEDIUM"
    },
    {
      "quarter": "2023-09 (Q3)",
      "signal": "YoY REVENUE GROWTH ACCELERATION",
      "detail": "YoY growth: +9.5% vs prior quarter YoY: +3.6% (accel: +5.9%)",
      "severity": "MEDIUM"
    },
    {
      "quarter": "2023-06 (Q2)",
      "signal": "FCF MARGIN EXPANSION",
      "detail": "FCF margin: +10.0% -> +27.1% (+17.1%)",
      "severity": "MEDIUM"
    },
    {
      "quarter": "2022-09 (Q3)",
      "signal": "FCF MARGIN EXPANSION",
      "detail": "FCF margin: +29.6% -> +36.1% (+6.5%)",
      "severity": "MEDIUM"
    },
    {
      "quarter": "2022-06 (Q2)",
      "signal": "FCF MARGIN EXPANSION",
      "detail": "FCF margin: +19.0% -> +29.6% (+10.6%)",
      "severity": "MEDIUM"
    },
    {
      "quarter": "2021-12 (Q4)",
      "signal": "INCREMENTAL MARGIN (YoY)",
      "detail": "YoY Incr OPM: +104.1% vs year-ago OPM: +15.9%",
      "severity": "HIGH"
    },
    {
      "quarter": "2021-09 (Q3)",
      "signal": "FCF MARGIN EXPANSION",
      "detail": "FCF margin: +31.8% -> +37.1% (+5.3%)",
      "severity": "MEDIUM"
    },
    {
      "quarter": "2021-06 (Q2)",
      "signal": "FCF MARGIN EXPANSION",
      "detail": "FCF margin: +19.3% -> +31.8% (+12.5%)",
      "severity": "MEDIUM"
    }
  ],
  "data_quality": {
    "n_quarters": 20,
    "coverage": {
      "revenue": [
        20,
        20
      ],
      "gross_profit": [
        20,
        20
      ],
      "op_income": [
        20,
        20
      ],
      "fcf": [
        20,
        20
      ]
    },
    "gaps": [],
    "warnings": []
  },
  "market_cap": null,
  "source": "SEC EDGAR",
  "last_updated": "2026-02-02T20:26:35.974582",
  "sector": "Technology",
  "industry": "Software - Infrastructure"
}