{
  "ticker": "AKR",
  "name": "ACADIA REALTY TRUST",
  "quarters": [
    {
      "date": "2019-12-31T00:00:00",
      "quarter_label": "2019-12 (Q4)",
      "revenue": 77786000,
      "gross_profit": null,
      "operating_income": null,
      "net_income": null,
      "opex": null,
      "cogs": null,
      "rd": null,
      "sga": null,
      "fcf": null,
      "ocf": null,
      "capex": null,
      "gross_margin": null,
      "op_margin": null,
      "fcf_margin": null
    },
    {
      "date": "2020-03-31T00:00:00",
      "quarter_label": "2020-03 (Q1)",
      "revenue": 71420000,
      "gross_profit": null,
      "operating_income": null,
      "net_income": null,
      "opex": null,
      "cogs": null,
      "rd": null,
      "sga": null,
      "fcf": null,
      "ocf": null,
      "capex": null,
      "gross_margin": null,
      "op_margin": null,
      "fcf_margin": null
    },
    {
      "date": "2020-06-30T00:00:00",
      "quarter_label": "2020-06 (Q2)",
      "revenue": 63773000,
      "gross_profit": null,
      "operating_income": null,
      "net_income": null,
      "opex": null,
      "cogs": null,
      "rd": null,
      "sga": null,
      "fcf": null,
      "ocf": null,
      "capex": null,
      "gross_margin": null,
      "op_margin": null,
      "fcf_margin": null
    },
    {
      "date": "2020-09-30T00:00:00",
      "quarter_label": "2020-09 (Q3)",
      "revenue": 51281000,
      "gross_profit": null,
      "operating_income": null,
      "net_income": null,
      "opex": null,
      "cogs": null,
      "rd": null,
      "sga": null,
      "fcf": null,
      "ocf": null,
      "capex": null,
      "gross_margin": null,
      "op_margin": null,
      "fcf_margin": null
    },
    {
      "date": "2020-12-31T00:00:00",
      "quarter_label": "2020-12 (Q4)",
      "revenue": 69010000,
      "gross_profit": null,
      "operating_income": -49253000,
      "net_income": null,
      "opex": 118437000,
      "cogs": null,
      "rd": null,
      "sga": null,
      "fcf": 21441000,
      "ocf": 21441000,
      "capex": null,
      "gross_margin": null,
      "op_margin": -0.7137081582379365,
      "fcf_margin": 0.3106941023040139,
      "rev_growth_yoy": -0.11282235877921477
    },
    {
      "date": "2021-03-31T00:00:00",
      "quarter_label": "2021-03 (Q1)",
      "revenue": 69394000,
      "gross_profit": null,
      "operating_income": 8681000,
      "net_income": null,
      "opex": 65325000,
      "cogs": null,
      "rd": null,
      "sga": null,
      "fcf": 30974000,
      "ocf": 30974000,
      "capex": null,
      "gross_margin": null,
      "op_margin": 0.12509727065740553,
      "fcf_margin": 0.4463498285154336,
      "rev_growth_yoy": -0.02836740408849062,
      "rev_growth_yoy_accel": 0.08445495469072416,
      "fcf_margin_change": 0.1356557262114197
    },
    {
      "date": "2021-06-30T00:00:00",
      "quarter_label": "2021-06 (Q2)",
      "revenue": 73057000,
      "gross_profit": null,
      "operating_income": 13159000,
      "net_income": null,
      "opex": 67410000,
      "cogs": null,
      "rd": null,
      "sga": null,
      "fcf": 19587000,
      "ocf": 19587000,
      "capex": null,
      "gross_margin": null,
      "op_margin": 0.18011963261562888,
      "fcf_margin": 0.26810572566626056,
      "rev_growth_yoy": 0.14557884998353535,
      "rev_growth_yoy_accel": 0.17394625407202596,
      "op_leverage_ratio": 1.653820443083525,
      "fcf_margin_change": -0.17824410284917303
    },
    {
      "date": "2021-09-30T00:00:00",
      "quarter_label": "2021-09 (Q3)",
      "revenue": 71896000,
      "gross_profit": null,
      "operating_income": -1341000,
      "net_income": null,
      "opex": 74787000,
      "cogs": null,
      "rd": null,
      "sga": null,
      "fcf": 20825000,
      "ocf": 20825000,
      "capex": null,
      "gross_margin": null,
      "op_margin": -0.01865194169355736,
      "fcf_margin": 0.28965450094581063,
      "rev_growth_yoy": 0.4020007410151908,
      "rev_growth_yoy_accel": 0.25642189103165547,
      "fcf_margin_change": 0.02154877527955007
    },
    {
      "date": "2021-12-31T00:00:00",
      "quarter_label": "2021-12 (Q4)",
      "revenue": 79357000,
      "gross_profit": null,
      "operating_income": 10157000,
      "net_income": null,
      "opex": 64840000,
      "cogs": null,
      "rd": null,
      "sga": null,
      "fcf": 33597000,
      "ocf": 33597000,
      "capex": null,
      "gross_margin": null,
      "op_margin": 0.12799122950716382,
      "fcf_margin": 0.4233652985873962,
      "incr_op_margin_yoy": 5.741760896878322,
      "rev_growth_yoy": 0.14993479205912186,
      "rev_growth_yoy_accel": -0.25206594895606893,
      "op_leverage_ratio": Infinity,
      "fcf_margin_change": 0.13371079764158555
    },
    {
      "date": "2022-03-31T00:00:00",
      "quarter_label": "2022-03 (Q1)",
      "revenue": 81507000,
      "gross_profit": null,
      "operating_income": 40042000,
      "net_income": null,
      "opex": 70280000,
      "cogs": null,
      "rd": null,
      "sga": null,
      "fcf": 26543000,
      "ocf": 26543000,
      "capex": null,
      "gross_margin": null,
      "op_margin": 0.4912706884071307,
      "fcf_margin": 0.32565301139779407,
      "incr_op_margin_yoy": 2.589036572277718,
      "rev_growth_yoy": 0.1745539960227109,
      "rev_growth_yoy_accel": 0.024619203963589048,
      "op_leverage_ratio": 0.32292177049505993,
      "fcf_margin_change": -0.09771228718960212
    },
    {
      "date": "2022-06-30T00:00:00",
      "quarter_label": "2022-06 (Q2)",
      "revenue": 84259000,
      "gross_profit": null,
      "operating_income": 25648000,
      "net_income": null,
      "opex": 70827000,
      "cogs": null,
      "rd": null,
      "sga": null,
      "fcf": 38216000,
      "ocf": 38216000,
      "capex": null,
      "gross_margin": null,
      "op_margin": 0.3043947827531777,
      "fcf_margin": 0.45355392302305986,
      "incr_op_margin_yoy": 1.1148901981788966,
      "rev_growth_yoy": 0.15333232955089862,
      "rev_growth_yoy_accel": -0.021221666471812284,
      "op_leverage_ratio": 4.338083903875732,
      "fcf_margin_change": 0.1279009116252658
    },
    {
      "date": "2022-09-30T00:00:00",
      "quarter_label": "2022-09 (Q3)",
      "revenue": 79946000,
      "gross_profit": null,
      "operating_income": -13953000,
      "net_income": null,
      "opex": 102784000,
      "cogs": null,
      "rd": null,
      "sga": null,
      "fcf": 35719000,
      "ocf": 35719000,
      "capex": null,
      "gross_margin": null,
      "op_margin": -0.17453030795787156,
      "fcf_margin": 0.44678908263077577,
      "incr_op_margin_yoy": -1.5667080745341615,
      "rev_growth_yoy": 0.11196728607989317,
      "rev_growth_yoy_accel": -0.04136504347100545,
      "fcf_margin_change": -0.006764840392284088
    },
    {
      "date": "2022-12-31T00:00:00",
      "quarter_label": "2022-12 (Q4)",
      "revenue": 80578000,
      "gross_profit": null,
      "operating_income": 16493000,
      "net_income": null,
      "opex": 71330000,
      "cogs": null,
      "rd": null,
      "sga": null,
      "fcf": 32733000,
      "ocf": 32733000,
      "capex": null,
      "gross_margin": null,
      "op_margin": 0.20468366055250814,
      "fcf_margin": 0.4062275062672193,
      "incr_op_margin_yoy": 5.1891891891891895,
      "rev_growth_yoy": 0.015386166311730533,
      "rev_growth_yoy_accel": -0.09658111976816264,
      "fcf_margin_change": -0.04056157636355645
    },
    {
      "date": "2023-03-31T00:00:00",
      "quarter_label": "2023-03 (Q1)",
      "revenue": 81839000,
      "gross_profit": null,
      "operating_income": 12108000,
      "net_income": null,
      "opex": 69731000,
      "cogs": null,
      "rd": null,
      "sga": null,
      "fcf": 59432000,
      "ocf": 59432000,
      "capex": null,
      "gross_margin": null,
      "op_margin": 0.1479490218599934,
      "fcf_margin": 0.7262063319444275,
      "rev_growth_yoy": 0.004073269780509649,
      "rev_growth_yoy_accel": -0.011312896531220884,
      "op_leverage_ratio": Infinity,
      "fcf_margin_change": 0.3199788256772082
    },
    {
      "date": "2023-06-30T00:00:00",
      "quarter_label": "2023-06 (Q2)",
      "revenue": 89948000,
      "gross_profit": null,
      "operating_income": 19658000,
      "net_income": null,
      "opex": 70290000,
      "cogs": null,
      "rd": null,
      "sga": null,
      "fcf": 30063000,
      "ocf": 30063000,
      "capex": null,
      "gross_margin": null,
      "op_margin": 0.21854849468581847,
      "fcf_margin": 0.33422644194423445,
      "incr_op_margin_yoy": -1.052909122868694,
      "rev_growth_yoy": 0.0675180099455251,
      "rev_growth_yoy_accel": 0.06344474016501546,
      "op_leverage_ratio": 12.360074028152617,
      "fcf_margin_change": -0.39197989000019307
    },
    {
      "date": "2023-09-30T00:00:00",
      "quarter_label": "2023-09 (Q3)",
      "revenue": 81392000,
      "gross_profit": null,
      "operating_income": 6691000,
      "net_income": null,
      "opex": 74701000,
      "cogs": null,
      "rd": null,
      "sga": null,
      "fcf": 25672000,
      "ocf": 25672000,
      "capex": null,
      "gross_margin": null,
      "op_margin": 0.08220709652054256,
      "fcf_margin": 0.31541183408688817,
      "incr_op_margin_yoy": 14.276625172890734,
      "rev_growth_yoy": 0.018087208865984538,
      "rev_growth_yoy_accel": -0.049430801079540565,
      "fcf_margin_change": -0.01881460785734629
    },
    {
      "date": "2023-12-31T00:00:00",
      "quarter_label": "2023-12 (Q4)",
      "revenue": 85513000,
      "gross_profit": null,
      "operating_income": 10619000,
      "net_income": null,
      "opex": 74894000,
      "cogs": null,
      "rd": null,
      "sga": null,
      "fcf": 40591000,
      "ocf": 40591000,
      "capex": null,
      "gross_margin": null,
      "op_margin": 0.12417994924748284,
      "fcf_margin": 0.47467636499713495,
      "incr_op_margin_yoy": -1.190273556231003,
      "rev_growth_yoy": 0.06124500484003078,
      "rev_growth_yoy_accel": 0.043157795974046245,
      "op_leverage_ratio": 19.597018420926652,
      "fcf_margin_change": 0.15926453091024678
    },
    {
      "date": "2024-03-31T00:00:00",
      "quarter_label": "2024-03 (Q1)",
      "revenue": 91356000,
      "gross_profit": null,
      "operating_income": 14008000,
      "net_income": null,
      "opex": 76150000,
      "cogs": null,
      "rd": null,
      "sga": null,
      "fcf": 25988000,
      "ocf": 25988000,
      "capex": null,
      "gross_margin": null,
      "op_margin": 0.1533342090284163,
      "fcf_margin": 0.28446954770348964,
      "incr_op_margin_yoy": 0.19964274456236208,
      "rev_growth_yoy": 0.11628929972262614,
      "rev_growth_yoy_accel": 0.05504429488259536,
      "op_leverage_ratio": 4.074376239288979,
      "fcf_margin_change": -0.1902068172936453
    },
    {
      "date": "2024-06-30T00:00:00",
      "quarter_label": "2024-06 (Q2)",
      "revenue": 87254000,
      "gross_profit": null,
      "operating_income": 17789000,
      "net_income": null,
      "opex": 70222000,
      "cogs": null,
      "rd": null,
      "sga": null,
      "fcf": 32031000,
      "ocf": 32031000,
      "capex": null,
      "gross_margin": null,
      "op_margin": 0.20387604006693102,
      "fcf_margin": 0.3671006486808628,
      "incr_op_margin_yoy": 0.6937639198218263,
      "rev_growth_yoy": -0.029950638146484635,
      "rev_growth_yoy_accel": -0.14623993786911077,
      "fcf_margin_change": 0.08263110097737314
    },
    {
      "date": "2024-09-30T00:00:00",
      "quarter_label": "2024-09 (Q3)",
      "revenue": 87745000,
      "gross_profit": null,
      "operating_income": 17492000,
      "net_income": null,
      "opex": 70253000,
      "cogs": null,
      "rd": null,
      "sga": null,
      "fcf": 44557000,
      "ocf": 44557000,
      "capex": null,
      "gross_margin": null,
      "op_margin": 0.19935039033563165,
      "fcf_margin": 0.5078010143028093,
      "incr_op_margin_yoy": 1.7001416653549504,
      "rev_growth_yoy": 0.07805435423628858,
      "rev_growth_yoy_accel": 0.10800499238277321,
      "fcf_margin_change": 0.14070036562194654
    }
  ],
  "signals": [
    {
      "quarter": "2024-09 (Q3)",
      "signal": "FCF MARGIN EXPANSION",
      "detail": "FCF margin: +36.7% -> +50.8% (+14.1%)",
      "severity": "MEDIUM"
    },
    {
      "quarter": "2024-09 (Q3)",
      "signal": "YoY REVENUE GROWTH ACCELERATION",
      "detail": "YoY growth: +7.8% vs prior quarter YoY: -3.0% (accel: +10.8%)",
      "severity": "MEDIUM"
    },
    {
      "quarter": "2024-09 (Q3)",
      "signal": "INCREMENTAL MARGIN (YoY)",
      "detail": "YoY Incr OPM: +170.0% vs year-ago OPM: +8.2%",
      "severity": "HIGH"
    },
    {
      "quarter": "2024-06 (Q2)",
      "signal": "FCF MARGIN EXPANSION",
      "detail": "FCF margin: +28.4% -> +36.7% (+8.3%)",
      "severity": "MEDIUM"
    },
    {
      "quarter": "2024-06 (Q2)",
      "signal": "YoY REVENUE GROWTH DECELERATION",
      "detail": "YoY growth: -3.0% vs prior quarter YoY: +11.6% (decel: -14.6%)",
      "severity": "WARNING"
    },
    {
      "quarter": "2024-06 (Q2)",
      "signal": "INCREMENTAL MARGIN (YoY)",
      "detail": "YoY Incr OPM: +69.4% vs year-ago OPM: +21.9%",
      "severity": "HIGH"
    },
    {
      "quarter": "2024-03 (Q1)",
      "signal": "OPERATING LEVERAGE",
      "detail": "Rev growth +6.8% vs OpEx growth +1.7% (leverage: 4.1x)",
      "severity": "MEDIUM"
    },
    {
      "quarter": "2024-03 (Q1)",
      "signal": "YoY REVENUE GROWTH ACCELERATION",
      "detail": "YoY growth: +11.6% vs prior quarter YoY: +6.1% (accel: +5.5%)",
      "severity": "MEDIUM"
    },
    {
      "quarter": "2023-12 (Q4)",
      "signal": "FCF MARGIN EXPANSION",
      "detail": "FCF margin: +31.5% -> +47.5% (+15.9%)",
      "severity": "MEDIUM"
    },
    {
      "quarter": "2023-12 (Q4)",
      "signal": "OPERATING LEVERAGE",
      "detail": "Rev growth +5.1% vs OpEx growth +0.3% (leverage: 19.6x)",
      "severity": "MEDIUM"
    },
    {
      "quarter": "2023-09 (Q3)",
      "signal": "OP MARGIN TURNED POSITIVE (YoY)",
      "detail": "Op margin: -17.5% (year-ago) -> +8.2%",
      "severity": "HIGH"
    },
    {
      "quarter": "2023-06 (Q2)",
      "signal": "OPERATING LEVERAGE",
      "detail": "Rev growth +9.9% vs OpEx growth +0.8% (leverage: 12.4x)",
      "severity": "MEDIUM"
    },
    {
      "quarter": "2023-06 (Q2)",
      "signal": "YoY REVENUE GROWTH ACCELERATION",
      "detail": "YoY growth: +6.8% vs prior quarter YoY: +0.4% (accel: +6.3%)",
      "severity": "MEDIUM"
    },
    {
      "quarter": "2023-03 (Q1)",
      "signal": "FCF MARGIN EXPANSION",
      "detail": "FCF margin: +40.6% -> +72.6% (+32.0%)",
      "severity": "MEDIUM"
    },
    {
      "quarter": "2022-12 (Q4)",
      "signal": "YoY REVENUE GROWTH DECELERATION",
      "detail": "YoY growth: +1.5% vs prior quarter YoY: +11.2% (decel: -9.7%)",
      "severity": "WARNING"
    },
    {
      "quarter": "2022-12 (Q4)",
      "signal": "INCREMENTAL MARGIN (YoY)",
      "detail": "YoY Incr OPM: +518.9% vs year-ago OPM: +12.8%",
      "severity": "HIGH"
    },
    {
      "quarter": "2022-12 (Q4)",
      "signal": "OP MARGIN TURNED POSITIVE (QoQ)",
      "detail": "Op margin: -17.5% -> +20.5%",
      "severity": "HIGH"
    },
    {
      "quarter": "2022-06 (Q2)",
      "signal": "FCF MARGIN EXPANSION",
      "detail": "FCF margin: +32.6% -> +45.4% (+12.8%)",
      "severity": "MEDIUM"
    },
    {
      "quarter": "2022-06 (Q2)",
      "signal": "OPERATING LEVERAGE",
      "detail": "Rev growth +3.4% vs OpEx growth +0.8% (leverage: 4.3x)",
      "severity": "MEDIUM"
    },
    {
      "quarter": "2022-06 (Q2)",
      "signal": "INCREMENTAL MARGIN (YoY)",
      "detail": "YoY Incr OPM: +111.5% vs year-ago OPM: +18.0%",
      "severity": "HIGH"
    },
    {
      "quarter": "2022-03 (Q1)",
      "signal": "INCREMENTAL MARGIN (YoY)",
      "detail": "YoY Incr OPM: +258.9% vs year-ago OPM: +12.5%",
      "severity": "HIGH"
    },
    {
      "quarter": "2021-12 (Q4)",
      "signal": "FCF MARGIN EXPANSION",
      "detail": "FCF margin: +29.0% -> +42.3% (+13.4%)",
      "severity": "MEDIUM"
    },
    {
      "quarter": "2021-12 (Q4)",
      "signal": "YoY REVENUE GROWTH DECELERATION",
      "detail": "YoY growth: +15.0% vs prior quarter YoY: +40.2% (decel: -25.2%)",
      "severity": "WARNING"
    },
    {
      "quarter": "2021-12 (Q4)",
      "signal": "OP MARGIN TURNED POSITIVE (YoY)",
      "detail": "Op margin: -71.4% (year-ago) -> +12.8%",
      "severity": "HIGH"
    },
    {
      "quarter": "2021-12 (Q4)",
      "signal": "OP MARGIN TURNED POSITIVE (QoQ)",
      "detail": "Op margin: -1.9% -> +12.8%",
      "severity": "HIGH"
    },
    {
      "quarter": "2021-09 (Q3)",
      "signal": "YoY REVENUE GROWTH ACCELERATION",
      "detail": "YoY growth: +40.2% vs prior quarter YoY: +14.6% (accel: +25.6%)",
      "severity": "HIGH"
    },
    {
      "quarter": "2021-06 (Q2)",
      "signal": "OPERATING LEVERAGE",
      "detail": "Rev growth +5.3% vs OpEx growth +3.2% (leverage: 1.7x)",
      "severity": "MEDIUM"
    },
    {
      "quarter": "2021-06 (Q2)",
      "signal": "YoY REVENUE GROWTH ACCELERATION",
      "detail": "YoY growth: +14.6% vs prior quarter YoY: -2.8% (accel: +17.4%)",
      "severity": "HIGH"
    },
    {
      "quarter": "2021-03 (Q1)",
      "signal": "FCF MARGIN EXPANSION",
      "detail": "FCF margin: +31.1% -> +44.6% (+13.6%)",
      "severity": "MEDIUM"
    },
    {
      "quarter": "2021-03 (Q1)",
      "signal": "YoY REVENUE GROWTH ACCELERATION",
      "detail": "YoY growth: -2.8% vs prior quarter YoY: -11.3% (accel: +8.4%)",
      "severity": "MEDIUM"
    },
    {
      "quarter": "2021-03 (Q1)",
      "signal": "OP MARGIN TURNED POSITIVE (QoQ)",
      "detail": "Op margin: -71.4% -> +12.5%",
      "severity": "HIGH"
    }
  ],
  "data_quality": {
    "n_quarters": 20,
    "coverage": {
      "revenue": [
        20,
        20
      ],
      "gross_profit": [
        0,
        20
      ],
      "op_income": [
        16,
        20
      ],
      "fcf": [
        16,
        20
      ]
    },
    "gaps": [],
    "warnings": [
      "gross_profit: no data"
    ]
  },
  "market_cap": null,
  "source": "SEC EDGAR",
  "last_updated": "2026-02-02T21:25:35.403288",
  "sector": "Real Estate",
  "industry": "REIT - Retail"
}