{
  "ticker": "AL",
  "name": "AIR LEASE CORPORATION",
  "sector": "Industrials",
  "industry": "Rental & Leasing Services",
  "quarters": [
    {
      "date": "2021-03-31T00:00:00",
      "quarter_label": "2021-03 (Q1)",
      "revenue": 474827000,
      "gross_profit": null,
      "operating_income": null,
      "net_income": 84092000,
      "opex": 371298000,
      "cogs": null,
      "rd": null,
      "sga": 26914000,
      "fcf": 192367000,
      "ocf": 234290000,
      "capex": -41923000,
      "gross_margin": null,
      "op_margin": null,
      "fcf_margin": 0.40513071076413093
    },
    {
      "date": "2021-06-30T00:00:00",
      "quarter_label": "2021-06 (Q2)",
      "revenue": 491877000,
      "gross_profit": null,
      "operating_income": null,
      "net_income": 93422000,
      "opex": 377315000,
      "cogs": null,
      "rd": null,
      "sga": 26687000,
      "fcf": 307995000,
      "ocf": 368375000,
      "capex": -60380000,
      "gross_margin": null,
      "op_margin": null,
      "fcf_margin": 0.6261626382205308,
      "op_leverage_ratio": 2.215805191421416,
      "fcf_margin_change": 0.22103192745639982
    },
    {
      "date": "2021-09-30T00:00:00",
      "quarter_label": "2021-09 (Q3)",
      "revenue": 524509000,
      "gross_profit": null,
      "operating_income": null,
      "net_income": 107337000,
      "opex": 389964000,
      "cogs": null,
      "rd": null,
      "sga": 31082000,
      "fcf": 250667000,
      "ocf": 326723000,
      "capex": -76056000,
      "gross_margin": null,
      "op_margin": null,
      "fcf_margin": 0.47790791006446026,
      "op_leverage_ratio": 1.9789510635656107,
      "fcf_margin_change": -0.1482547281560705
    },
    {
      "date": "2021-12-31T00:00:00",
      "quarter_label": "2021-12 (Q4)",
      "revenue": 597176000,
      "gross_profit": null,
      "operating_income": null,
      "net_income": 151781000,
      "opex": 408796000,
      "cogs": null,
      "rd": null,
      "sga": 40597000,
      "fcf": 396153000,
      "ocf": 447448000,
      "capex": -51295000,
      "gross_margin": null,
      "op_margin": null,
      "fcf_margin": 0.6633772958055917,
      "op_leverage_ratio": 2.8688798316735578,
      "fcf_margin_change": 0.18546938574113142
    },
    {
      "date": "2022-03-31T00:00:00",
      "quarter_label": "2022-03 (Q1)",
      "revenue": 596661000,
      "gross_profit": null,
      "operating_income": null,
      "net_income": -468993000,
      "opex": 1198374000,
      "cogs": null,
      "rd": null,
      "sga": 32762000,
      "fcf": 201720000,
      "ocf": 254694000,
      "capex": -52974000,
      "gross_margin": null,
      "op_margin": null,
      "fcf_margin": 0.33808142311966094,
      "rev_growth_yoy": 0.25658608293125706,
      "fcf_margin_change": -0.32529587268593074
    },
    {
      "date": "2022-06-30T00:00:00",
      "quarter_label": "2022-06 (Q2)",
      "revenue": 557696000,
      "gross_profit": null,
      "operating_income": null,
      "net_income": 116277000,
      "opex": 412764000,
      "cogs": null,
      "rd": null,
      "sga": 38512000,
      "fcf": 380464000,
      "ocf": 434145000,
      "capex": -53681000,
      "gross_margin": null,
      "op_margin": null,
      "fcf_margin": 0.6822067936653661,
      "rev_growth_yoy": 0.13381190826161826,
      "rev_growth_yoy_accel": -0.1227741746696388,
      "fcf_margin_change": 0.34412537054570513
    },
    {
      "date": "2022-09-30T00:00:00",
      "quarter_label": "2022-09 (Q3)",
      "revenue": 561334000,
      "gross_profit": null,
      "operating_income": null,
      "net_income": 110381000,
      "opex": 423495000,
      "cogs": null,
      "rd": null,
      "sga": 39718000,
      "fcf": 213482000,
      "ocf": 269724000,
      "capex": -56242000,
      "gross_margin": null,
      "op_margin": null,
      "fcf_margin": 0.3803118998671023,
      "rev_growth_yoy": 0.07020851882427184,
      "rev_growth_yoy_accel": -0.06360338943734642,
      "fcf_margin_change": -0.3018948937982638
    },
    {
      "date": "2022-12-31T00:00:00",
      "quarter_label": "2022-12 (Q4)",
      "revenue": 601610000,
      "gross_profit": null,
      "operating_income": null,
      "net_income": 145310000,
      "opex": 421435000,
      "cogs": null,
      "rd": null,
      "sga": 45862000,
      "fcf": 369849000,
      "ocf": 423587000,
      "capex": -53738000,
      "gross_margin": null,
      "op_margin": null,
      "fcf_margin": 0.6147653795648343,
      "rev_growth_yoy": 0.007424946749367021,
      "rev_growth_yoy_accel": -0.06278357207490483,
      "op_leverage_ratio": null,
      "fcf_margin_change": 0.23445347969773206
    },
    {
      "date": "2023-03-31T00:00:00",
      "quarter_label": "2023-03 (Q1)",
      "revenue": 636142000,
      "gross_profit": null,
      "operating_income": null,
      "net_income": 128720000,
      "opex": 477876000,
      "cogs": null,
      "rd": null,
      "sga": 47614000,
      "fcf": 294551000,
      "ocf": 348490000,
      "capex": -53939000,
      "gross_margin": null,
      "op_margin": null,
      "fcf_margin": 0.46302712287508135,
      "rev_growth_yoy": 0.06616990217225527,
      "rev_growth_yoy_accel": 0.05874495542288825,
      "op_leverage_ratio": 0.42859054566802035,
      "fcf_margin_change": -0.151738256689753
    },
    {
      "date": "2023-06-30T00:00:00",
      "quarter_label": "2023-06 (Q2)",
      "revenue": 672904000,
      "gross_profit": null,
      "operating_income": null,
      "net_income": 132401000,
      "opex": 508953000,
      "cogs": null,
      "rd": null,
      "sga": 45832000,
      "fcf": 460807000,
      "ocf": 532409000,
      "capex": -71602000,
      "gross_margin": null,
      "op_margin": null,
      "fcf_margin": 0.6848034786537158,
      "rev_growth_yoy": 0.20657849437686482,
      "rev_growth_yoy_accel": 0.14040859220460955,
      "op_leverage_ratio": 0.8886304541415735,
      "fcf_margin_change": 0.22177635577863447
    },
    {
      "date": "2023-09-30T00:00:00",
      "quarter_label": "2023-09 (Q3)",
      "revenue": 659364000,
      "gross_profit": null,
      "operating_income": null,
      "net_income": 132450000,
      "opex": 494346000,
      "cogs": null,
      "rd": null,
      "sga": 42770000,
      "fcf": 321580000,
      "ocf": 401407000,
      "capex": -79827000,
      "gross_margin": null,
      "op_margin": null,
      "fcf_margin": 0.48771240164764834,
      "rev_growth_yoy": 0.17463755981287432,
      "rev_growth_yoy_accel": -0.0319409345639905,
      "fcf_margin_change": -0.19709107700606748
    },
    {
      "date": "2023-12-31T00:00:00",
      "quarter_label": "2023-12 (Q4)",
      "revenue": 716568000,
      "gross_profit": null,
      "operating_income": null,
      "net_income": 221051000,
      "opex": 450169000,
      "cogs": null,
      "rd": null,
      "sga": 49799000,
      "fcf": 364596000,
      "ocf": 464574000,
      "capex": -99978000,
      "gross_margin": null,
      "op_margin": null,
      "fcf_margin": 0.5088086545868641,
      "rev_growth_yoy": 0.19108392480178188,
      "rev_growth_yoy_accel": 0.016446364988907558,
      "op_leverage_ratio": null,
      "fcf_margin_change": 0.021096252939215743
    },
    {
      "date": "2024-03-31T00:00:00",
      "quarter_label": "2024-03 (Q1)",
      "revenue": 663310000,
      "gross_profit": null,
      "operating_income": null,
      "net_income": 107866000,
      "opex": 527981000,
      "cogs": null,
      "rd": null,
      "sga": 47743000,
      "fcf": 246784000,
      "ocf": 371330000,
      "capex": -124546000,
      "gross_margin": null,
      "op_margin": null,
      "fcf_margin": 0.3720492680647058,
      "rev_growth_yoy": 0.04270744582184481,
      "rev_growth_yoy_accel": -0.14837647897993705,
      "fcf_margin_change": -0.1367593865221583
    },
    {
      "date": "2024-06-30T00:00:00",
      "quarter_label": "2024-06 (Q2)",
      "revenue": 667288000,
      "gross_profit": null,
      "operating_income": null,
      "net_income": 102946000,
      "opex": 539547000,
      "cogs": null,
      "rd": null,
      "sga": 45432000,
      "fcf": 346407000,
      "ocf": 413813000,
      "capex": -67406000,
      "gross_margin": null,
      "op_margin": null,
      "fcf_margin": 0.519126673939888,
      "rev_growth_yoy": -0.008345915613519907,
      "rev_growth_yoy_accel": -0.05105336143536472,
      "fcf_margin_change": 0.1470774058751822
    },
    {
      "date": "2024-09-30T00:00:00",
      "quarter_label": "2024-09 (Q3)",
      "revenue": 690164000,
      "gross_profit": null,
      "operating_income": null,
      "net_income": 103971000,
      "opex": 559932000,
      "cogs": null,
      "rd": null,
      "sga": 44418000,
      "fcf": 369814000,
      "ocf": 461912000,
      "capex": -92098000,
      "gross_margin": null,
      "op_margin": null,
      "fcf_margin": 0.5358349609657994,
      "rev_growth_yoy": 0.04671167973987054,
      "rev_growth_yoy_accel": 0.05505759535339044,
      "op_leverage_ratio": 0.9073719284796548,
      "fcf_margin_change": 0.016708287025911428
    },
    {
      "date": "2024-12-31T00:00:00",
      "quarter_label": "2024-12 (Q4)",
      "revenue": 712895000,
      "gross_profit": null,
      "operating_income": null,
      "net_income": 112921000,
      "opex": 572940000,
      "cogs": null,
      "rd": null,
      "sga": 48341000,
      "fcf": 326759000,
      "ocf": 429964000,
      "capex": -103205000,
      "gross_margin": null,
      "op_margin": null,
      "fcf_margin": 0.45835501721852445,
      "rev_growth_yoy": -0.005125821973629858,
      "rev_growth_yoy_accel": -0.0518375017135004,
      "op_leverage_ratio": 1.417721741937544,
      "fcf_margin_change": -0.07747994374727496
    },
    {
      "date": "2025-03-31T00:00:00",
      "quarter_label": "2025-03 (Q1)",
      "revenue": 738282000,
      "gross_profit": null,
      "operating_income": null,
      "net_income": 375832000,
      "opex": 266614000,
      "cogs": null,
      "rd": null,
      "sga": 59348000,
      "fcf": 315475000,
      "ocf": 388346000,
      "capex": -72871000,
      "gross_margin": null,
      "op_margin": null,
      "fcf_margin": 0.4273096188177417,
      "rev_growth_yoy": 0.11302709140522531,
      "rev_growth_yoy_accel": 0.11815291337885517,
      "op_leverage_ratio": null,
      "fcf_margin_change": -0.031045398400782742
    },
    {
      "date": "2025-06-30T00:00:00",
      "quarter_label": "2025-06 (Q2)",
      "revenue": 731696000,
      "gross_profit": null,
      "operating_income": null,
      "net_income": 385167000,
      "opex": 245115000,
      "cogs": null,
      "rd": null,
      "sga": 49851000,
      "fcf": 427063000,
      "ocf": 473611000,
      "capex": -46548000,
      "gross_margin": null,
      "op_margin": null,
      "fcf_margin": 0.58366179396908,
      "rev_growth_yoy": 0.09652204145736173,
      "rev_growth_yoy_accel": -0.016505049947863573,
      "fcf_margin_change": 0.1563521751513383
    },
    {
      "date": "2025-09-30T00:00:00",
      "quarter_label": "2025-09 (Q3)",
      "revenue": 725393000,
      "gross_profit": null,
      "operating_income": null,
      "net_income": 146456000,
      "opex": 540425000,
      "cogs": null,
      "rd": null,
      "sga": 51784000,
      "fcf": 412277000,
      "ocf": 458596000,
      "capex": -46319000,
      "gross_margin": null,
      "op_margin": null,
      "fcf_margin": 0.5683498462212897,
      "rev_growth_yoy": 0.051044389449464184,
      "rev_growth_yoy_accel": -0.04547765200789755,
      "fcf_margin_change": -0.015311947747790322
    },
    {
      "date": "2025-12-31T00:00:00",
      "quarter_label": "2025-12 (Q4)",
      "revenue": 820379000,
      "gross_profit": null,
      "operating_income": null,
      "net_income": 180932000,
      "opex": 593903000,
      "cogs": null,
      "rd": null,
      "sga": 58460000,
      "fcf": 342131000,
      "ocf": 414076000,
      "capex": -71945000,
      "gross_margin": null,
      "op_margin": null,
      "fcf_margin": 0.4170401728956982,
      "rev_growth_yoy": 0.15077115143183778,
      "rev_growth_yoy_accel": 0.0997267619823736,
      "op_leverage_ratio": 1.3232640480635518,
      "fcf_margin_change": -0.15130967332559148
    }
  ],
  "signals": [
    {
      "quarter": "2025-12 (Q4)",
      "signal": "YoY REVENUE GROWTH ACCELERATION",
      "detail": "YoY growth: +15.1% vs prior quarter YoY: +5.1% (accel: +10.0%)",
      "severity": "MEDIUM"
    },
    {
      "quarter": "2025-06 (Q2)",
      "signal": "FCF MARGIN EXPANSION",
      "detail": "FCF margin: +42.7% -> +58.4% (+15.6%)",
      "severity": "MEDIUM"
    },
    {
      "quarter": "2025-03 (Q1)",
      "signal": "YoY REVENUE GROWTH ACCELERATION",
      "detail": "YoY growth: +11.3% vs prior quarter YoY: -0.5% (accel: +11.8%)",
      "severity": "MEDIUM"
    },
    {
      "quarter": "2024-12 (Q4)",
      "signal": "YoY REVENUE GROWTH DECELERATION",
      "detail": "YoY growth: -0.5% vs prior quarter YoY: +4.7% (decel: -5.2%)",
      "severity": "WARNING"
    },
    {
      "quarter": "2024-09 (Q3)",
      "signal": "YoY REVENUE GROWTH ACCELERATION",
      "detail": "YoY growth: +4.7% vs prior quarter YoY: -0.8% (accel: +5.5%)",
      "severity": "MEDIUM"
    },
    {
      "quarter": "2024-06 (Q2)",
      "signal": "FCF MARGIN EXPANSION",
      "detail": "FCF margin: +37.2% -> +51.9% (+14.7%)",
      "severity": "MEDIUM"
    },
    {
      "quarter": "2024-06 (Q2)",
      "signal": "YoY REVENUE GROWTH DECELERATION",
      "detail": "YoY growth: -0.8% vs prior quarter YoY: +4.3% (decel: -5.1%)",
      "severity": "WARNING"
    },
    {
      "quarter": "2024-03 (Q1)",
      "signal": "YoY REVENUE GROWTH DECELERATION",
      "detail": "YoY growth: +4.3% vs prior quarter YoY: +19.1% (decel: -14.8%)",
      "severity": "WARNING"
    },
    {
      "quarter": "2023-06 (Q2)",
      "signal": "FCF MARGIN EXPANSION",
      "detail": "FCF margin: +46.3% -> +68.5% (+22.2%)",
      "severity": "MEDIUM"
    },
    {
      "quarter": "2023-06 (Q2)",
      "signal": "YoY REVENUE GROWTH ACCELERATION",
      "detail": "YoY growth: +20.7% vs prior quarter YoY: +6.6% (accel: +14.0%)",
      "severity": "MEDIUM"
    },
    {
      "quarter": "2023-03 (Q1)",
      "signal": "YoY REVENUE GROWTH ACCELERATION",
      "detail": "YoY growth: +6.6% vs prior quarter YoY: +0.7% (accel: +5.9%)",
      "severity": "MEDIUM"
    },
    {
      "quarter": "2022-12 (Q4)",
      "signal": "FCF MARGIN EXPANSION",
      "detail": "FCF margin: +38.0% -> +61.5% (+23.4%)",
      "severity": "MEDIUM"
    },
    {
      "quarter": "2022-12 (Q4)",
      "signal": "YoY REVENUE GROWTH DECELERATION",
      "detail": "YoY growth: +0.7% vs prior quarter YoY: +7.0% (decel: -6.3%)",
      "severity": "WARNING"
    },
    {
      "quarter": "2022-09 (Q3)",
      "signal": "YoY REVENUE GROWTH DECELERATION",
      "detail": "YoY growth: +7.0% vs prior quarter YoY: +13.4% (decel: -6.4%)",
      "severity": "WARNING"
    },
    {
      "quarter": "2022-06 (Q2)",
      "signal": "FCF MARGIN EXPANSION",
      "detail": "FCF margin: +33.8% -> +68.2% (+34.4%)",
      "severity": "MEDIUM"
    },
    {
      "quarter": "2022-06 (Q2)",
      "signal": "YoY REVENUE GROWTH DECELERATION",
      "detail": "YoY growth: +13.4% vs prior quarter YoY: +25.7% (decel: -12.3%)",
      "severity": "WARNING"
    },
    {
      "quarter": "2021-12 (Q4)",
      "signal": "FCF MARGIN EXPANSION",
      "detail": "FCF margin: +47.8% -> +66.3% (+18.5%)",
      "severity": "MEDIUM"
    },
    {
      "quarter": "2021-12 (Q4)",
      "signal": "OPERATING LEVERAGE",
      "detail": "Rev growth +13.9% vs OpEx growth +4.8% (leverage: 2.9x)",
      "severity": "MEDIUM"
    },
    {
      "quarter": "2021-09 (Q3)",
      "signal": "OPERATING LEVERAGE",
      "detail": "Rev growth +6.6% vs OpEx growth +3.4% (leverage: 2.0x)",
      "severity": "MEDIUM"
    },
    {
      "quarter": "2021-06 (Q2)",
      "signal": "FCF MARGIN EXPANSION",
      "detail": "FCF margin: +40.5% -> +62.6% (+22.1%)",
      "severity": "MEDIUM"
    },
    {
      "quarter": "2021-06 (Q2)",
      "signal": "OPERATING LEVERAGE",
      "detail": "Rev growth +3.6% vs OpEx growth +1.6% (leverage: 2.2x)",
      "severity": "MEDIUM"
    }
  ],
  "data_quality": {
    "n_quarters": 20,
    "coverage": {
      "revenue": [
        20,
        20
      ],
      "gross_profit": [
        0,
        20
      ],
      "op_income": [
        0,
        20
      ],
      "fcf": [
        20,
        20
      ]
    },
    "gaps": [],
    "warnings": [
      "gross_profit: no data",
      "op_income: no data"
    ]
  },
  "market_cap": null,
  "source": "SEC EDGAR",
  "last_updated": "2026-02-13T11:31:51.165368"
}