{
  "ticker": "ALC",
  "name": "ALCON INC.",
  "quarters": [
    {
      "date": "2008-06-30T00:00:00",
      "quarter_label": "2008-06 (Q2)",
      "revenue": 1736000000,
      "gross_profit": 1321000000,
      "operating_income": 646000000,
      "net_income": null,
      "opex": 675000000,
      "cogs": 415000000,
      "rd": 142000000,
      "sga": null,
      "fcf": null,
      "ocf": null,
      "capex": null,
      "gross_margin": 0.7609447004608295,
      "op_margin": 0.3721198156682028,
      "fcf_margin": null
    },
    {
      "date": "2008-09-30T00:00:00",
      "quarter_label": "2008-09 (Q3)",
      "revenue": 1524000000,
      "gross_profit": 1176000000,
      "operating_income": 494000000,
      "net_income": null,
      "opex": 682000000,
      "cogs": 348000000,
      "rd": 174000000,
      "sga": null,
      "fcf": 711000000,
      "ocf": 623000000,
      "capex": 88000000,
      "gross_margin": 0.7716535433070866,
      "op_margin": 0.3241469816272966,
      "fcf_margin": 0.46653543307086615
    },
    {
      "date": "2008-12-31T00:00:00",
      "quarter_label": "2008-12 (Q4)",
      "revenue": 1498000000,
      "gross_profit": 1187000000,
      "operating_income": 573000000,
      "net_income": null,
      "opex": 614000000,
      "cogs": 311000000,
      "rd": 158000000,
      "sga": null,
      "fcf": -180000000,
      "ocf": 337000000,
      "capex": -517000000,
      "gross_margin": 0.7923898531375166,
      "op_margin": 0.3825100133511348,
      "fcf_margin": -0.12016021361815754,
      "fcf_margin_change": -0.5866956466890236
    },
    {
      "date": "2009-03-31T00:00:00",
      "quarter_label": "2009-03 (Q1)",
      "revenue": 1493000000,
      "gross_profit": 1139000000,
      "operating_income": 514000000,
      "net_income": null,
      "opex": 625000000,
      "cogs": 354000000,
      "rd": 146000000,
      "sga": null,
      "fcf": 461000000,
      "ocf": 409000000,
      "capex": 52000000,
      "gross_margin": 0.7628935030140657,
      "op_margin": 0.34427327528466173,
      "fcf_margin": 0.30877427997320833,
      "fcf_margin_change": 0.4289344935913659
    },
    {
      "date": "2009-06-30T00:00:00",
      "quarter_label": "2009-06 (Q2)",
      "revenue": 1677000000,
      "gross_profit": 1262000000,
      "operating_income": 632000000,
      "net_income": null,
      "opex": 630000000,
      "cogs": 415000000,
      "rd": 157000000,
      "sga": null,
      "fcf": 793000000,
      "ocf": 706000000,
      "capex": 87000000,
      "gross_margin": 0.7525342874180083,
      "op_margin": 0.3768634466308885,
      "fcf_margin": 0.4728682170542636,
      "incr_op_margin_yoy": 0.23728813559322035,
      "rev_growth_yoy": -0.03398617511520737,
      "op_leverage_ratio": 15.405224380442064,
      "fcf_margin_change": 0.16409393708105524
    },
    {
      "date": "2009-09-30T00:00:00",
      "quarter_label": "2009-09 (Q3)",
      "revenue": 1614000000,
      "gross_profit": 1215000000,
      "operating_income": 578000000,
      "net_income": null,
      "opex": 637000000,
      "cogs": 399000000,
      "rd": 158000000,
      "sga": null,
      "fcf": 747000000,
      "ocf": 660000000,
      "capex": 87000000,
      "gross_margin": 0.7527881040892194,
      "op_margin": 0.35811648079306074,
      "fcf_margin": 0.4628252788104089,
      "incr_op_margin_yoy": 0.9333333333333333,
      "rev_growth_yoy": 0.05905511811023622,
      "rev_growth_yoy_accel": 0.09304129322544359,
      "fcf_margin_change": -0.01004293824385466
    },
    {
      "date": "2009-12-31T00:00:00",
      "quarter_label": "2009-12 (Q4)",
      "revenue": 1715000000,
      "gross_profit": 1269000000,
      "operating_income": 537000000,
      "net_income": null,
      "opex": 732000000,
      "cogs": 446000000,
      "rd": 204000000,
      "sga": null,
      "fcf": 73000000,
      "ocf": 641000000,
      "capex": -568000000,
      "gross_margin": 0.7399416909620992,
      "op_margin": 0.3131195335276968,
      "fcf_margin": 0.04256559766763848,
      "incr_op_margin_yoy": -0.16589861751152074,
      "rev_growth_yoy": 0.14485981308411214,
      "rev_growth_yoy_accel": 0.08580469497387591,
      "op_leverage_ratio": 0.419598252135916,
      "fcf_margin_change": -0.42025968114277046
    },
    {
      "date": "2010-03-31T00:00:00",
      "quarter_label": "2010-03 (Q1)",
      "revenue": 1721000000,
      "gross_profit": 1329000000,
      "operating_income": 653000000,
      "net_income": null,
      "opex": 676000000,
      "cogs": 392000000,
      "rd": 169000000,
      "sga": null,
      "fcf": 457000000,
      "ocf": 388000000,
      "capex": 69000000,
      "gross_margin": 0.7722254503195817,
      "op_margin": 0.37943056362579897,
      "fcf_margin": 0.26554328878558975,
      "incr_op_margin_yoy": 0.6096491228070176,
      "rev_growth_yoy": 0.15271265907568654,
      "rev_growth_yoy_accel": 0.007852845991574403,
      "fcf_margin_change": 0.22297769111795127
    },
    {
      "date": "2010-06-30T00:00:00",
      "quarter_label": "2010-06 (Q2)",
      "revenue": 1886000000,
      "gross_profit": 1460000000,
      "operating_income": 751000000,
      "net_income": null,
      "opex": 709000000,
      "cogs": 426000000,
      "rd": 184000000,
      "sga": null,
      "fcf": 995000000,
      "ocf": 922000000,
      "capex": 73000000,
      "gross_margin": 0.7741251325556734,
      "op_margin": 0.39819724284199365,
      "fcf_margin": 0.5275715800636267,
      "incr_op_margin_yoy": 0.569377990430622,
      "rev_growth_yoy": 0.12462731067382231,
      "rev_growth_yoy_accel": -0.028085348401864232,
      "op_leverage_ratio": 1.9639744334689133,
      "fcf_margin_change": 0.26202829127803695
    },
    {
      "date": "2010-09-30T00:00:00",
      "quarter_label": "2010-09 (Q3)",
      "revenue": 1760000000,
      "gross_profit": 1338000000,
      "operating_income": 495000000,
      "net_income": null,
      "opex": 843000000,
      "cogs": 422000000,
      "rd": 184000000,
      "sga": null,
      "fcf": 522000000,
      "ocf": 454000000,
      "capex": 68000000,
      "gross_margin": 0.7602272727272728,
      "op_margin": 0.28125,
      "fcf_margin": 0.29659090909090907,
      "incr_op_margin_yoy": -0.5684931506849316,
      "rev_growth_yoy": 0.09045848822800495,
      "rev_growth_yoy_accel": -0.03416882244581736,
      "fcf_margin_change": -0.23098067097271763
    },
    {
      "date": "2010-12-31T00:00:00",
      "quarter_label": "2010-12 (Q4)",
      "revenue": 1812000000,
      "gross_profit": 1377000000,
      "operating_income": 576000000,
      "net_income": null,
      "opex": 801000000,
      "cogs": 435000000,
      "rd": 210000000,
      "sga": null,
      "fcf": 92000000,
      "ocf": 611000000,
      "capex": -519000000,
      "gross_margin": 0.7599337748344371,
      "op_margin": 0.31788079470198677,
      "fcf_margin": 0.05077262693156733,
      "incr_op_margin_yoy": 0.4020618556701031,
      "rev_growth_yoy": 0.0565597667638484,
      "rev_growth_yoy_accel": -0.03389872146415655,
      "op_leverage_ratio": Infinity,
      "fcf_margin_change": -0.24581828215934173
    }
  ],
  "signals": [
    {
      "quarter": "2010-06 (Q2)",
      "signal": "FCF MARGIN EXPANSION",
      "detail": "FCF margin: +26.6% -> +52.8% (+26.2%)",
      "severity": "MEDIUM"
    },
    {
      "quarter": "2010-06 (Q2)",
      "signal": "OPERATING LEVERAGE",
      "detail": "Rev growth +9.6% vs OpEx growth +4.9% (leverage: 2.0x)",
      "severity": "MEDIUM"
    },
    {
      "quarter": "2010-06 (Q2)",
      "signal": "INCREMENTAL MARGIN (YoY)",
      "detail": "YoY Incr OPM: +56.9% vs year-ago OPM: +37.7%",
      "severity": "MEDIUM"
    },
    {
      "quarter": "2010-03 (Q1)",
      "signal": "FCF MARGIN EXPANSION",
      "detail": "FCF margin: +4.3% -> +26.6% (+22.3%)",
      "severity": "MEDIUM"
    },
    {
      "quarter": "2010-03 (Q1)",
      "signal": "GROSS MARGIN INFLECTION",
      "detail": "GM: +75.3% -> +74.0% -> +77.2% (reversal +3.2%)",
      "severity": "MEDIUM"
    },
    {
      "quarter": "2010-03 (Q1)",
      "signal": "INCREMENTAL MARGIN (YoY)",
      "detail": "YoY Incr OPM: +61.0% vs year-ago OPM: +34.4%",
      "severity": "HIGH"
    },
    {
      "quarter": "2009-12 (Q4)",
      "signal": "YoY REVENUE GROWTH ACCELERATION",
      "detail": "YoY growth: +14.5% vs prior quarter YoY: +5.9% (accel: +8.6%)",
      "severity": "MEDIUM"
    },
    {
      "quarter": "2009-09 (Q3)",
      "signal": "YoY REVENUE GROWTH ACCELERATION",
      "detail": "YoY growth: +5.9% vs prior quarter YoY: -3.4% (accel: +9.3%)",
      "severity": "MEDIUM"
    },
    {
      "quarter": "2009-09 (Q3)",
      "signal": "INCREMENTAL MARGIN (YoY)",
      "detail": "YoY Incr OPM: +93.3% vs year-ago OPM: +32.4%",
      "severity": "HIGH"
    },
    {
      "quarter": "2009-06 (Q2)",
      "signal": "FCF MARGIN EXPANSION",
      "detail": "FCF margin: +30.9% -> +47.3% (+16.4%)",
      "severity": "MEDIUM"
    },
    {
      "quarter": "2009-06 (Q2)",
      "signal": "OPERATING LEVERAGE",
      "detail": "Rev growth +12.3% vs OpEx growth +0.8% (leverage: 15.4x)",
      "severity": "MEDIUM"
    },
    {
      "quarter": "2009-03 (Q1)",
      "signal": "FCF TURNED POSITIVE",
      "detail": "FCF margin: -12.0% -> +30.9%",
      "severity": "HIGH"
    }
  ],
  "data_quality": {
    "n_quarters": 11,
    "coverage": {
      "revenue": [
        11,
        11
      ],
      "gross_profit": [
        11,
        11
      ],
      "op_income": [
        11,
        11
      ],
      "fcf": [
        10,
        11
      ]
    },
    "gaps": [],
    "warnings": []
  },
  "market_cap": null,
  "source": "SEC EDGAR",
  "last_updated": "2026-02-02T20:03:14.992955"
}