{
  "ticker": "ALEC",
  "name": "Alector, Inc.",
  "quarters": [
    {
      "date": "2020-12-31T00:00:00",
      "quarter_label": "2020-12 (Q4)",
      "revenue": 4853000,
      "gross_profit": null,
      "operating_income": -52758000,
      "net_income": -52179000,
      "opex": 57611000,
      "cogs": null,
      "rd": 44383000,
      "sga": null,
      "fcf": -48446000,
      "ocf": -47658000,
      "capex": -788000,
      "gross_margin": null,
      "op_margin": -10.871213682258396,
      "fcf_margin": -9.982691118895529
    },
    {
      "date": "2021-03-31T00:00:00",
      "quarter_label": "2021-03 (Q1)",
      "revenue": 4110000,
      "gross_profit": null,
      "operating_income": -52635000,
      "net_income": -52171000,
      "opex": 56745000,
      "cogs": null,
      "rd": 45733000,
      "sga": null,
      "fcf": -53640000,
      "ocf": -52693000,
      "capex": -947000,
      "gross_margin": null,
      "op_margin": -12.806569343065693,
      "fcf_margin": -13.05109489051095,
      "fcf_margin_change": -3.0684037716154204
    },
    {
      "date": "2021-06-30T00:00:00",
      "quarter_label": "2021-06 (Q2)",
      "revenue": 6568000,
      "gross_profit": null,
      "operating_income": -55325000,
      "net_income": -55147000,
      "opex": 61893000,
      "cogs": null,
      "rd": 47818000,
      "sga": null,
      "fcf": -45371000,
      "ocf": -44543000,
      "capex": -828000,
      "gross_margin": null,
      "op_margin": -8.423416565164434,
      "fcf_margin": -6.907886723507917,
      "op_leverage_ratio": 6.592180933421809,
      "fcf_margin_change": 6.143208167003032
    },
    {
      "date": "2021-09-30T00:00:00",
      "quarter_label": "2021-09 (Q3)",
      "revenue": 182413000,
      "gross_profit": null,
      "operating_income": 126329000,
      "net_income": 126597000,
      "opex": 56084000,
      "cogs": null,
      "rd": 43066000,
      "sga": null,
      "fcf": 444137000,
      "ocf": 445052000,
      "capex": -915000,
      "gross_margin": null,
      "op_margin": 0.6925438428182202,
      "fcf_margin": 2.4347880907610753,
      "op_leverage_ratio": Infinity,
      "fcf_margin_change": 9.342674814268992
    },
    {
      "date": "2021-12-31T00:00:00",
      "quarter_label": "2021-12 (Q4)",
      "revenue": 13994000,
      "gross_profit": null,
      "operating_income": -55729000,
      "net_income": -55608000,
      "opex": 69723000,
      "cogs": null,
      "rd": 52790000,
      "sga": null,
      "fcf": -49822000,
      "ocf": -49265000,
      "capex": -557000,
      "gross_margin": null,
      "op_margin": -3.982349578390739,
      "fcf_margin": -3.5602401029012434,
      "incr_op_margin_yoy": -0.3250191445137294,
      "rev_growth_yoy": 1.8835771687615908,
      "fcf_margin_change": -5.995028193662319
    },
    {
      "date": "2022-03-31T00:00:00",
      "quarter_label": "2022-03 (Q1)",
      "revenue": 24474000,
      "gross_profit": null,
      "operating_income": -44123000,
      "net_income": -44617000,
      "opex": 68597000,
      "cogs": null,
      "rd": 53043000,
      "sga": null,
      "fcf": 134399000,
      "ocf": 135091000,
      "capex": -692000,
      "gross_margin": null,
      "op_margin": -1.8028520062106725,
      "fcf_margin": 5.491501184930947,
      "incr_op_margin_yoy": 0.4179925358475742,
      "rev_growth_yoy": 4.954744525547445,
      "rev_growth_yoy_accel": 3.0711673567858546,
      "op_leverage_ratio": Infinity,
      "fcf_margin_change": 9.05174128783219
    },
    {
      "date": "2022-06-30T00:00:00",
      "quarter_label": "2022-06 (Q2)",
      "revenue": 79851000,
      "gross_profit": null,
      "operating_income": 9475000,
      "net_income": 9883000,
      "opex": 70376000,
      "cogs": null,
      "rd": 54534000,
      "sga": null,
      "fcf": -58186000,
      "ocf": -57442000,
      "capex": -744000,
      "gross_margin": null,
      "op_margin": 0.11865850145896732,
      "fcf_margin": -0.7286821705426356,
      "incr_op_margin_yoy": 0.8842432760667549,
      "rev_growth_yoy": 11.15758221680877,
      "rev_growth_yoy_accel": 6.202837691261324,
      "op_leverage_ratio": 87.24763099939764,
      "fcf_margin_change": -6.2201833554735835
    },
    {
      "date": "2022-09-30T00:00:00",
      "quarter_label": "2022-09 (Q3)",
      "revenue": 14852000,
      "gross_profit": null,
      "operating_income": -47748000,
      "net_income": -46148000,
      "opex": 62600000,
      "cogs": null,
      "rd": 48348000,
      "sga": null,
      "fcf": -50968000,
      "ocf": -49053000,
      "capex": -1915000,
      "gross_margin": null,
      "op_margin": -3.2149205494209534,
      "fcf_margin": -3.4317263668192837,
      "incr_op_margin_yoy": 1.0388873305840858,
      "rev_growth_yoy": -0.918580364338068,
      "rev_growth_yoy_accel": -12.076162581146837,
      "fcf_margin_change": -2.703044196276648
    },
    {
      "date": "2022-12-31T00:00:00",
      "quarter_label": "2022-12 (Q4)",
      "revenue": 14423000,
      "gross_profit": null,
      "operating_income": -55438000,
      "net_income": -52428000,
      "opex": 69878000,
      "cogs": null,
      "rd": 54493000,
      "sga": null,
      "fcf": -49691000,
      "ocf": -48925000,
      "capex": -766000,
      "gross_margin": null,
      "op_margin": -3.8437218331831104,
      "fcf_margin": -3.4452610413922207,
      "rev_growth_yoy": 0.030655995426611404,
      "rev_growth_yoy_accel": 0.9492363597646793,
      "fcf_margin_change": -0.013534674572937
    },
    {
      "date": "2023-03-31T00:00:00",
      "quarter_label": "2023-03 (Q1)",
      "revenue": 16549000,
      "gross_profit": null,
      "operating_income": -50115000,
      "net_income": -45857000,
      "opex": 66664000,
      "cogs": null,
      "rd": 51887000,
      "sga": null,
      "fcf": -49573000,
      "ocf": -48548000,
      "capex": -1025000,
      "gross_margin": null,
      "op_margin": -3.02827965435978,
      "fcf_margin": -2.9955284307208894,
      "incr_op_margin_yoy": 0.7560883280757098,
      "rev_growth_yoy": -0.32381302606848084,
      "rev_growth_yoy_accel": -0.35446902149509224,
      "op_leverage_ratio": Infinity,
      "fcf_margin_change": 0.4497326106713313
    },
    {
      "date": "2023-06-30T00:00:00",
      "quarter_label": "2023-06 (Q2)",
      "revenue": 56214000,
      "gross_profit": null,
      "operating_income": -3589000,
      "net_income": 1375000,
      "opex": 59803000,
      "cogs": null,
      "rd": 46177000,
      "sga": null,
      "fcf": -44221000,
      "ocf": -43004000,
      "capex": -1217000,
      "gross_margin": null,
      "op_margin": -0.063845305439926,
      "fcf_margin": -0.7866545700359341,
      "incr_op_margin_yoy": 0.5526928121165968,
      "rev_growth_yoy": -0.29601382575046026,
      "rev_growth_yoy_accel": 0.027799200318020578,
      "op_leverage_ratio": Infinity,
      "fcf_margin_change": 2.2088738606849554
    },
    {
      "date": "2023-09-30T00:00:00",
      "quarter_label": "2023-09 (Q3)",
      "revenue": 9109000,
      "gross_profit": null,
      "operating_income": -50583000,
      "net_income": -44475000,
      "opex": 59692000,
      "cogs": null,
      "rd": 46328000,
      "sga": null,
      "fcf": -46446000,
      "ocf": -46540000,
      "capex": 94000,
      "gross_margin": null,
      "op_margin": -5.553079372049622,
      "fcf_margin": -5.098913162806016,
      "incr_op_margin_yoy": 0.4936444367055546,
      "rev_growth_yoy": -0.38668192835981685,
      "rev_growth_yoy_accel": -0.0906681026093566,
      "fcf_margin_change": -4.312258592770082
    },
    {
      "date": "2023-12-31T00:00:00",
      "quarter_label": "2023-12 (Q4)",
      "revenue": 15228000,
      "gross_profit": null,
      "operating_income": -47453000,
      "net_income": -41434000,
      "opex": 62643000,
      "cogs": null,
      "rd": 47723000,
      "sga": null,
      "fcf": -46303000,
      "ocf": -46070000,
      "capex": -233000,
      "gross_margin": null,
      "op_margin": -3.116167586025742,
      "fcf_margin": -3.040648804833202,
      "rev_growth_yoy": 0.05581363100603203,
      "rev_growth_yoy_accel": 0.4424955593658489,
      "op_leverage_ratio": 13.588035471898214,
      "fcf_margin_change": 2.0582643579728144
    },
    {
      "date": "2024-03-31T00:00:00",
      "quarter_label": "2024-03 (Q1)",
      "revenue": 15900000,
      "gross_profit": null,
      "operating_income": -43708000,
      "net_income": -36079000,
      "opex": 59601000,
      "cogs": null,
      "rd": 45167000,
      "sga": null,
      "fcf": -61879000,
      "ocf": -61346000,
      "capex": -533000,
      "gross_margin": null,
      "op_margin": -2.748930817610063,
      "fcf_margin": -3.891761006289308,
      "rev_growth_yoy": -0.03921687111003686,
      "rev_growth_yoy_accel": -0.0950305021160689,
      "op_leverage_ratio": Infinity,
      "fcf_margin_change": -0.8511122014561061
    },
    {
      "date": "2024-06-30T00:00:00",
      "quarter_label": "2024-06 (Q2)",
      "revenue": 15083000,
      "gross_profit": null,
      "operating_income": -45606000,
      "net_income": -38676000,
      "opex": 60689000,
      "cogs": null,
      "rd": 46314000,
      "sga": null,
      "fcf": -63134000,
      "ocf": -62797000,
      "capex": -337000,
      "gross_margin": null,
      "op_margin": -3.023669031359809,
      "fcf_margin": -4.185772061261022,
      "incr_op_margin_yoy": 1.0215409301986336,
      "rev_growth_yoy": -0.7316860568541644,
      "rev_growth_yoy_accel": -0.6924691857441275,
      "fcf_margin_change": -0.2940110549717141
    },
    {
      "date": "2024-09-30T00:00:00",
      "quarter_label": "2024-09 (Q3)",
      "revenue": 15342000,
      "gross_profit": null,
      "operating_income": -48434000,
      "net_income": -42220000,
      "opex": 63776000,
      "cogs": null,
      "rd": 47998000,
      "sga": null,
      "fcf": -50946000,
      "ocf": -50734000,
      "capex": -212000,
      "gross_margin": null,
      "op_margin": -3.156954764698214,
      "fcf_margin": -3.320688306609308,
      "incr_op_margin_yoy": 0.344777795604043,
      "rev_growth_yoy": 0.6842683060709188,
      "rev_growth_yoy_accel": 1.4159543629250833,
      "op_leverage_ratio": 0.3375867441276937,
      "fcf_margin_change": 0.8650837546517143
    },
    {
      "date": "2024-12-31T00:00:00",
      "quarter_label": "2024-12 (Q4)",
      "revenue": 54282000,
      "gross_profit": null,
      "operating_income": -7249000,
      "net_income": -2074000,
      "opex": 61489000,
      "cogs": null,
      "rd": 46461000,
      "sga": null,
      "fcf": -55201000,
      "ocf": -55028000,
      "capex": -173000,
      "gross_margin": null,
      "op_margin": -0.13354334770273757,
      "fcf_margin": -1.0169301057440772,
      "incr_op_margin_yoy": 1.0294464075382803,
      "rev_growth_yoy": 2.5646178092986602,
      "rev_growth_yoy_accel": 1.8803495032277415,
      "op_leverage_ratio": Infinity,
      "fcf_margin_change": 2.3037582008652304
    },
    {
      "date": "2025-03-31T00:00:00",
      "quarter_label": "2025-03 (Q1)",
      "revenue": 3700000,
      "gross_profit": null,
      "operating_income": -44695000,
      "net_income": -40471000,
      "opex": 48369000,
      "cogs": null,
      "rd": 33641000,
      "sga": null,
      "fcf": -60803000,
      "ocf": -60783000,
      "capex": -20000,
      "gross_margin": null,
      "op_margin": -12.07972972972973,
      "fcf_margin": -16.433243243243243,
      "incr_op_margin_yoy": 0.0809016393442623,
      "rev_growth_yoy": -0.7672955974842768,
      "rev_growth_yoy_accel": -3.3319134067829372,
      "fcf_margin_change": -15.416313137499166
    },
    {
      "date": "2025-06-30T00:00:00",
      "quarter_label": "2025-06 (Q2)",
      "revenue": 7874000,
      "gross_profit": null,
      "operating_income": -34138000,
      "net_income": -30524000,
      "opex": 42012000,
      "cogs": null,
      "rd": 27611000,
      "sga": null,
      "fcf": -49056000,
      "ocf": -49046000,
      "capex": -10000,
      "gross_margin": null,
      "op_margin": -4.335534671069342,
      "fcf_margin": -6.230124460248921,
      "incr_op_margin_yoy": -1.590789291163823,
      "rev_growth_yoy": -0.4779553139295896,
      "rev_growth_yoy_accel": 0.28934028355468716,
      "op_leverage_ratio": Infinity,
      "fcf_margin_change": 10.203118782994324
    },
    {
      "date": "2025-09-30T00:00:00",
      "quarter_label": "2025-09 (Q3)",
      "revenue": 3260000,
      "gross_profit": null,
      "operating_income": -37608000,
      "net_income": -34667000,
      "opex": 40868000,
      "cogs": null,
      "rd": 29350000,
      "sga": null,
      "fcf": -32522000,
      "ocf": -32511000,
      "capex": -11000,
      "gross_margin": null,
      "op_margin": -11.536196319018405,
      "fcf_margin": -9.976073619631903,
      "incr_op_margin_yoy": -0.8960437013739447,
      "rev_growth_yoy": -0.7875114065962717,
      "rev_growth_yoy_accel": -0.3095560926666821,
      "fcf_margin_change": -3.745949159382982
    }
  ],
  "signals": [
    {
      "quarter": "2025-09 (Q3)",
      "signal": "YoY REVENUE GROWTH DECELERATION",
      "detail": "YoY growth: -78.8% vs prior quarter YoY: -47.8% (decel: -31.0%)",
      "severity": "WARNING"
    },
    {
      "quarter": "2025-06 (Q2)",
      "signal": "FCF MARGIN EXPANSION",
      "detail": "FCF margin: -1643.3% -> -623.0% (+1020.3%)",
      "severity": "MEDIUM"
    },
    {
      "quarter": "2025-06 (Q2)",
      "signal": "YoY REVENUE GROWTH ACCELERATION",
      "detail": "YoY growth: -47.8% vs prior quarter YoY: -76.7% (accel: +28.9%)",
      "severity": "HIGH"
    },
    {
      "quarter": "2025-03 (Q1)",
      "signal": "YoY REVENUE GROWTH DECELERATION",
      "detail": "YoY growth: -76.7% vs prior quarter YoY: +256.5% (decel: -333.2%)",
      "severity": "WARNING"
    },
    {
      "quarter": "2024-12 (Q4)",
      "signal": "FCF MARGIN EXPANSION",
      "detail": "FCF margin: -332.1% -> -101.7% (+230.4%)",
      "severity": "MEDIUM"
    },
    {
      "quarter": "2024-12 (Q4)",
      "signal": "YoY REVENUE GROWTH ACCELERATION",
      "detail": "YoY growth: +256.5% vs prior quarter YoY: +68.4% (accel: +188.0%)",
      "severity": "HIGH"
    },
    {
      "quarter": "2024-09 (Q3)",
      "signal": "FCF MARGIN EXPANSION",
      "detail": "FCF margin: -418.6% -> -332.1% (+86.5%)",
      "severity": "MEDIUM"
    },
    {
      "quarter": "2024-09 (Q3)",
      "signal": "YoY REVENUE GROWTH ACCELERATION",
      "detail": "YoY growth: +68.4% vs prior quarter YoY: -73.2% (accel: +141.6%)",
      "severity": "HIGH"
    },
    {
      "quarter": "2024-06 (Q2)",
      "signal": "YoY REVENUE GROWTH DECELERATION",
      "detail": "YoY growth: -73.2% vs prior quarter YoY: -3.9% (decel: -69.2%)",
      "severity": "WARNING"
    },
    {
      "quarter": "2024-03 (Q1)",
      "signal": "YoY REVENUE GROWTH DECELERATION",
      "detail": "YoY growth: -3.9% vs prior quarter YoY: +5.6% (decel: -9.5%)",
      "severity": "WARNING"
    },
    {
      "quarter": "2023-12 (Q4)",
      "signal": "FCF MARGIN EXPANSION",
      "detail": "FCF margin: -509.9% -> -304.1% (+205.8%)",
      "severity": "MEDIUM"
    },
    {
      "quarter": "2023-12 (Q4)",
      "signal": "OPERATING LEVERAGE",
      "detail": "Rev growth +67.2% vs OpEx growth +4.9% (leverage: 13.6x)",
      "severity": "MEDIUM"
    },
    {
      "quarter": "2023-12 (Q4)",
      "signal": "YoY REVENUE GROWTH ACCELERATION",
      "detail": "YoY growth: +5.6% vs prior quarter YoY: -38.7% (accel: +44.2%)",
      "severity": "HIGH"
    },
    {
      "quarter": "2023-09 (Q3)",
      "signal": "YoY REVENUE GROWTH DECELERATION",
      "detail": "YoY growth: -38.7% vs prior quarter YoY: -29.6% (decel: -9.1%)",
      "severity": "WARNING"
    },
    {
      "quarter": "2023-06 (Q2)",
      "signal": "FCF MARGIN EXPANSION",
      "detail": "FCF margin: -299.6% -> -78.7% (+220.9%)",
      "severity": "MEDIUM"
    },
    {
      "quarter": "2023-03 (Q1)",
      "signal": "FCF MARGIN EXPANSION",
      "detail": "FCF margin: -344.5% -> -299.6% (+45.0%)",
      "severity": "MEDIUM"
    },
    {
      "quarter": "2023-03 (Q1)",
      "signal": "YoY REVENUE GROWTH DECELERATION",
      "detail": "YoY growth: -32.4% vs prior quarter YoY: +3.1% (decel: -35.4%)",
      "severity": "WARNING"
    },
    {
      "quarter": "2022-12 (Q4)",
      "signal": "YoY REVENUE GROWTH ACCELERATION",
      "detail": "YoY growth: +3.1% vs prior quarter YoY: -91.9% (accel: +94.9%)",
      "severity": "HIGH"
    },
    {
      "quarter": "2022-09 (Q3)",
      "signal": "YoY REVENUE GROWTH DECELERATION",
      "detail": "YoY growth: -91.9% vs prior quarter YoY: +1115.8% (decel: -1207.6%)",
      "severity": "WARNING"
    },
    {
      "quarter": "2022-06 (Q2)",
      "signal": "OPERATING LEVERAGE",
      "detail": "Rev growth +226.3% vs OpEx growth +2.6% (leverage: 87.2x)",
      "severity": "MEDIUM"
    },
    {
      "quarter": "2022-06 (Q2)",
      "signal": "YoY REVENUE GROWTH ACCELERATION",
      "detail": "YoY growth: +1115.8% vs prior quarter YoY: +495.5% (accel: +620.3%)",
      "severity": "HIGH"
    },
    {
      "quarter": "2022-06 (Q2)",
      "signal": "OP MARGIN TURNED POSITIVE (YoY)",
      "detail": "Op margin: -842.3% (year-ago) -> +11.9%",
      "severity": "HIGH"
    },
    {
      "quarter": "2022-06 (Q2)",
      "signal": "OP MARGIN TURNED POSITIVE (QoQ)",
      "detail": "Op margin: -180.3% -> +11.9%",
      "severity": "HIGH"
    },
    {
      "quarter": "2022-03 (Q1)",
      "signal": "FCF TURNED POSITIVE",
      "detail": "FCF margin: -356.0% -> +549.2%",
      "severity": "HIGH"
    },
    {
      "quarter": "2022-03 (Q1)",
      "signal": "YoY REVENUE GROWTH ACCELERATION",
      "detail": "YoY growth: +495.5% vs prior quarter YoY: +188.4% (accel: +307.1%)",
      "severity": "HIGH"
    },
    {
      "quarter": "2021-09 (Q3)",
      "signal": "FCF TURNED POSITIVE",
      "detail": "FCF margin: -690.8% -> +243.5%",
      "severity": "HIGH"
    },
    {
      "quarter": "2021-09 (Q3)",
      "signal": "OP MARGIN TURNED POSITIVE (QoQ)",
      "detail": "Op margin: -842.3% -> +69.3%",
      "severity": "HIGH"
    },
    {
      "quarter": "2021-06 (Q2)",
      "signal": "FCF MARGIN EXPANSION",
      "detail": "FCF margin: -1305.1% -> -690.8% (+614.3%)",
      "severity": "MEDIUM"
    },
    {
      "quarter": "2021-06 (Q2)",
      "signal": "OPERATING LEVERAGE",
      "detail": "Rev growth +59.8% vs OpEx growth +9.1% (leverage: 6.6x)",
      "severity": "MEDIUM"
    }
  ],
  "data_quality": {
    "n_quarters": 20,
    "coverage": {
      "revenue": [
        20,
        20
      ],
      "gross_profit": [
        0,
        20
      ],
      "op_income": [
        20,
        20
      ],
      "fcf": [
        20,
        20
      ]
    },
    "gaps": [],
    "warnings": [
      "gross_profit: no data"
    ]
  },
  "market_cap": null,
  "source": "SEC EDGAR",
  "last_updated": "2026-02-02T22:59:10.489616"
}