{
  "ticker": "ALEX",
  "name": "ALEXANDER & BALDWIN, INC.",
  "quarters": [
    {
      "date": "2020-12-31T00:00:00",
      "quarter_label": "2020-12 (Q4)",
      "revenue": 72800000,
      "gross_profit": null,
      "operating_income": 6800000,
      "net_income": 1100000,
      "opex": 66100000,
      "cogs": null,
      "rd": null,
      "sga": 11600000,
      "fcf": 25900000,
      "ocf": 25900000,
      "capex": null,
      "gross_margin": null,
      "op_margin": 0.09340659340659341,
      "fcf_margin": 0.3557692307692308
    },
    {
      "date": "2021-03-31T00:00:00",
      "quarter_label": "2021-03 (Q1)",
      "revenue": 81000000,
      "gross_profit": null,
      "operating_income": 13900000,
      "net_income": 9900000,
      "opex": 67400000,
      "cogs": null,
      "rd": null,
      "sga": 12200000,
      "fcf": 20600000,
      "ocf": 20600000,
      "capex": null,
      "gross_margin": null,
      "op_margin": 0.17160493827160495,
      "fcf_margin": 0.254320987654321,
      "op_leverage_ratio": 5.727176669484361,
      "fcf_margin_change": -0.1014482431149098
    },
    {
      "date": "2021-06-30T00:00:00",
      "quarter_label": "2021-06 (Q2)",
      "revenue": 89300000,
      "gross_profit": null,
      "operating_income": 14200000,
      "net_income": 12800000,
      "opex": 75200000,
      "cogs": null,
      "rd": null,
      "sga": 12400000,
      "fcf": 39000000,
      "ocf": 39000000,
      "capex": null,
      "gross_margin": null,
      "op_margin": 0.1590145576707727,
      "fcf_margin": 0.43673012318029114,
      "op_leverage_ratio": 0.8854384298828744,
      "fcf_margin_change": 0.18240913552597016
    },
    {
      "date": "2021-09-30T00:00:00",
      "quarter_label": "2021-09 (Q3)",
      "revenue": 84300000,
      "gross_profit": null,
      "operating_income": 11100000,
      "net_income": 6400000,
      "opex": 73200000,
      "cogs": null,
      "rd": null,
      "sga": 12600000,
      "fcf": 7600000,
      "ocf": 7600000,
      "capex": null,
      "gross_margin": null,
      "op_margin": 0.13167259786476868,
      "fcf_margin": 0.09015421115065243,
      "fcf_margin_change": -0.3465759120296387
    },
    {
      "date": "2021-12-31T00:00:00",
      "quarter_label": "2021-12 (Q4)",
      "revenue": 87600000,
      "gross_profit": null,
      "operating_income": 49500000,
      "net_income": 6300000,
      "opex": 116300000,
      "cogs": null,
      "rd": null,
      "sga": 14700000,
      "fcf": 57000000,
      "ocf": 57000000,
      "capex": null,
      "gross_margin": null,
      "op_margin": 0.565068493150685,
      "fcf_margin": 0.6506849315068494,
      "incr_op_margin_yoy": 2.885135135135135,
      "rev_growth_yoy": 0.2032967032967033,
      "op_leverage_ratio": 0.06648446466464647,
      "fcf_margin_change": 0.5605307203561969
    },
    {
      "date": "2022-03-31T00:00:00",
      "quarter_label": "2022-03 (Q1)",
      "revenue": 98200000,
      "gross_profit": null,
      "operating_income": 18400000,
      "net_income": 10500000,
      "opex": 79800000,
      "cogs": null,
      "rd": null,
      "sga": 12400000,
      "fcf": 7300000,
      "ocf": 7300000,
      "capex": null,
      "gross_margin": null,
      "op_margin": 0.18737270875763748,
      "fcf_margin": 0.07433808553971487,
      "incr_op_margin_yoy": 0.2616279069767442,
      "rev_growth_yoy": 0.2123456790123457,
      "rev_growth_yoy_accel": 0.009048975715642393,
      "op_leverage_ratio": Infinity,
      "fcf_margin_change": -0.5763468459671345
    },
    {
      "date": "2022-06-30T00:00:00",
      "quarter_label": "2022-06 (Q2)",
      "revenue": 88100000,
      "gross_profit": null,
      "operating_income": 65000000,
      "net_income": 4100000,
      "opex": 77100000,
      "cogs": null,
      "rd": null,
      "sga": 13200000,
      "fcf": -6600000,
      "ocf": -6600000,
      "capex": null,
      "gross_margin": null,
      "op_margin": 0.7377979568671964,
      "fcf_margin": -0.07491486946651532,
      "incr_op_margin_yoy": -42.333333333333336,
      "rev_growth_yoy": -0.013437849944008958,
      "rev_growth_yoy_accel": -0.22578352895635465,
      "fcf_margin_change": -0.1492529550062302
    },
    {
      "date": "2022-09-30T00:00:00",
      "quarter_label": "2022-09 (Q3)",
      "revenue": 97200000,
      "gross_profit": null,
      "operating_income": 12000000,
      "net_income": 6400000,
      "opex": 85200000,
      "cogs": null,
      "rd": null,
      "sga": 12700000,
      "fcf": 8300000,
      "ocf": 8300000,
      "capex": null,
      "gross_margin": null,
      "op_margin": 0.12345679012345678,
      "fcf_margin": 0.08539094650205761,
      "incr_op_margin_yoy": 0.06976744186046512,
      "rev_growth_yoy": 0.15302491103202848,
      "rev_growth_yoy_accel": 0.16646276097603743,
      "op_leverage_ratio": 0.983184092151175,
      "fcf_margin_change": 0.16030581596857293
    },
    {
      "date": "2022-12-31T00:00:00",
      "quarter_label": "2022-12 (Q4)",
      "revenue": 70800000,
      "gross_profit": null,
      "operating_income": 26900000,
      "net_income": -71600000,
      "opex": -73300000,
      "cogs": null,
      "rd": null,
      "sga": -2400000,
      "fcf": 24956000,
      "ocf": 24956000,
      "capex": null,
      "gross_margin": null,
      "op_margin": 0.3799435028248588,
      "fcf_margin": 0.3524858757062147,
      "incr_op_margin_yoy": 1.3452380952380953,
      "rev_growth_yoy": -0.1917808219178082,
      "rev_growth_yoy_accel": -0.3448057329498367,
      "fcf_margin_change": 0.2670949292041571
    },
    {
      "date": "2023-03-31T00:00:00",
      "quarter_label": "2023-03 (Q1)",
      "revenue": 50400000,
      "gross_profit": null,
      "operating_income": 14200000,
      "net_income": 5300000,
      "opex": 37300000,
      "cogs": null,
      "rd": null,
      "sga": 8700000,
      "fcf": 5511000,
      "ocf": 5511000,
      "capex": null,
      "gross_margin": null,
      "op_margin": 0.28174603174603174,
      "fcf_margin": 0.10934523809523809,
      "incr_op_margin_yoy": 0.08786610878661087,
      "rev_growth_yoy": -0.48676171079429736,
      "rev_growth_yoy_accel": -0.29498088887648916,
      "fcf_margin_change": -0.2431406376109766
    },
    {
      "date": "2023-06-30T00:00:00",
      "quarter_label": "2023-06 (Q2)",
      "revenue": 53100000,
      "gross_profit": null,
      "operating_income": 16200000,
      "net_income": 13400000,
      "opex": 36900000,
      "cogs": null,
      "rd": null,
      "sga": 9900000,
      "fcf": 3708000,
      "ocf": 3708000,
      "capex": null,
      "gross_margin": null,
      "op_margin": 0.3050847457627119,
      "fcf_margin": 0.06983050847457627,
      "incr_op_margin_yoy": 1.3942857142857144,
      "rev_growth_yoy": -0.39727582292849034,
      "rev_growth_yoy_accel": 0.08948588786580702,
      "op_leverage_ratio": Infinity,
      "fcf_margin_change": -0.039514729620661826
    },
    {
      "date": "2023-09-30T00:00:00",
      "quarter_label": "2023-09 (Q3)",
      "revenue": 52500000,
      "gross_profit": null,
      "operating_income": 17000000,
      "net_income": 14600000,
      "opex": 35500000,
      "cogs": null,
      "rd": null,
      "sga": 7600000,
      "fcf": 34394000,
      "ocf": 34394000,
      "capex": null,
      "gross_margin": null,
      "op_margin": 0.3238095238095238,
      "fcf_margin": 0.6551238095238096,
      "incr_op_margin_yoy": -0.11185682326621924,
      "rev_growth_yoy": -0.45987654320987653,
      "rev_growth_yoy_accel": -0.06260072028138619,
      "fcf_margin_change": 0.5852933010492333
    },
    {
      "date": "2023-12-31T00:00:00",
      "quarter_label": "2023-12 (Q4)",
      "revenue": 52900000,
      "gross_profit": null,
      "operating_income": 17200000,
      "net_income": -3500000,
      "opex": 35700000,
      "cogs": null,
      "rd": null,
      "sga": 7800000,
      "fcf": 23479000,
      "ocf": 23479000,
      "capex": null,
      "gross_margin": null,
      "op_margin": 0.32514177693761814,
      "fcf_margin": 0.4438374291115312,
      "incr_op_margin_yoy": 0.5418994413407822,
      "rev_growth_yoy": -0.2528248587570621,
      "rev_growth_yoy_accel": 0.2070516844528144,
      "fcf_margin_change": -0.21128638041227837
    },
    {
      "date": "2024-03-31T00:00:00",
      "quarter_label": "2024-03 (Q1)",
      "revenue": 61202000,
      "gross_profit": null,
      "operating_income": 23783000,
      "net_income": 19982000,
      "opex": 37442000,
      "cogs": null,
      "rd": null,
      "sga": 7239000,
      "fcf": 16061000,
      "ocf": 16061000,
      "capex": null,
      "gross_margin": null,
      "op_margin": 0.3885984118166073,
      "fcf_margin": 0.26242606450769584,
      "incr_op_margin_yoy": 0.8871505276800592,
      "rev_growth_yoy": 0.21432539682539684,
      "rev_growth_yoy_accel": 0.46715025558245893,
      "op_leverage_ratio": 3.2162301767301344,
      "fcf_margin_change": -0.18141136460383533
    },
    {
      "date": "2024-06-30T00:00:00",
      "quarter_label": "2024-06 (Q2)",
      "revenue": 51047000,
      "gross_profit": null,
      "operating_income": 16234000,
      "net_income": 9108000,
      "opex": 36938000,
      "cogs": null,
      "rd": null,
      "sga": 7252000,
      "fcf": 22304000,
      "ocf": 22304000,
      "capex": null,
      "gross_margin": null,
      "op_margin": 0.31802064763845084,
      "fcf_margin": 0.4369306717338923,
      "incr_op_margin_yoy": -0.016561130053580127,
      "rev_growth_yoy": -0.03866290018832392,
      "rev_growth_yoy_accel": -0.2529882970137208,
      "fcf_margin_change": 0.17450460722619643
    },
    {
      "date": "2024-09-30T00:00:00",
      "quarter_label": "2024-09 (Q3)",
      "revenue": 61944000,
      "gross_profit": null,
      "operating_income": 22063000,
      "net_income": 19004000,
      "opex": 39881000,
      "cogs": null,
      "rd": null,
      "sga": 7436000,
      "fcf": 35309000,
      "ocf": 35309000,
      "capex": null,
      "gross_margin": null,
      "op_margin": 0.3561765465581816,
      "fcf_margin": 0.5700148521244995,
      "incr_op_margin_yoy": 0.5361075815332487,
      "rev_growth_yoy": 0.1798857142857143,
      "rev_growth_yoy_accel": 0.2185486144740382,
      "op_leverage_ratio": 2.679290731924004,
      "fcf_margin_change": 0.13308418039060727
    },
    {
      "date": "2024-12-31T00:00:00",
      "quarter_label": "2024-12 (Q4)",
      "revenue": 62448000,
      "gross_profit": null,
      "operating_income": 17687000,
      "net_income": 12443000,
      "opex": 44812000,
      "cogs": null,
      "rd": null,
      "sga": 7895000,
      "fcf": 24317000,
      "ocf": 24317000,
      "capex": null,
      "gross_margin": null,
      "op_margin": 0.2832276454009736,
      "fcf_margin": 0.3893959774532411,
      "incr_op_margin_yoy": 0.05100544616673649,
      "rev_growth_yoy": 0.1804914933837429,
      "rev_growth_yoy_accel": 0.0006057790980286137,
      "fcf_margin_change": -0.18061887467125842
    },
    {
      "date": "2025-03-31T00:00:00",
      "quarter_label": "2025-03 (Q1)",
      "revenue": 53738000,
      "gross_profit": null,
      "operating_income": 23981000,
      "net_income": 21433000,
      "opex": 34053000,
      "cogs": null,
      "rd": null,
      "sga": 6990000,
      "fcf": 25997000,
      "ocf": 25997000,
      "capex": null,
      "gross_margin": null,
      "op_margin": 0.4462577691763743,
      "fcf_margin": 0.48377312144106593,
      "incr_op_margin_yoy": -0.02652733118971061,
      "rev_growth_yoy": -0.12195679879742492,
      "rev_growth_yoy_accel": -0.3024482921811678,
      "fcf_margin_change": 0.09437714398782482
    },
    {
      "date": "2025-06-30T00:00:00",
      "quarter_label": "2025-06 (Q2)",
      "revenue": 51702000,
      "gross_profit": null,
      "operating_income": 28138000,
      "net_income": 25128000,
      "opex": 35127000,
      "cogs": null,
      "rd": null,
      "sga": 7014000,
      "fcf": 16495000,
      "ocf": 16495000,
      "capex": null,
      "gross_margin": null,
      "op_margin": 0.5442342655990097,
      "fcf_margin": 0.3190398824030018,
      "rev_growth_yoy": 0.012831312320018806,
      "rev_growth_yoy_accel": 0.13478811111744374,
      "fcf_margin_change": -0.16473323903806414
    },
    {
      "date": "2025-09-30T00:00:00",
      "quarter_label": "2025-09 (Q3)",
      "revenue": 50248000,
      "gross_profit": null,
      "operating_income": 19177000,
      "net_income": 14337000,
      "opex": 33634000,
      "cogs": null,
      "rd": null,
      "sga": 6083000,
      "fcf": 24464000,
      "ocf": 24464000,
      "capex": null,
      "gross_margin": null,
      "op_margin": 0.38164703072759115,
      "fcf_margin": 0.4868651488616462,
      "incr_op_margin_yoy": 0.24675102599179208,
      "rev_growth_yoy": -0.1888157045072969,
      "rev_growth_yoy_accel": -0.2016470168273157,
      "fcf_margin_change": 0.16782526645864443
    }
  ],
  "signals": [
    {
      "quarter": "2025-09 (Q3)",
      "signal": "FCF MARGIN EXPANSION",
      "detail": "FCF margin: +31.9% -> +48.7% (+16.8%)",
      "severity": "MEDIUM"
    },
    {
      "quarter": "2025-09 (Q3)",
      "signal": "YoY REVENUE GROWTH DECELERATION",
      "detail": "YoY growth: -18.9% vs prior quarter YoY: +1.3% (decel: -20.2%)",
      "severity": "WARNING"
    },
    {
      "quarter": "2025-06 (Q2)",
      "signal": "YoY REVENUE GROWTH ACCELERATION",
      "detail": "YoY growth: +1.3% vs prior quarter YoY: -12.2% (accel: +13.5%)",
      "severity": "MEDIUM"
    },
    {
      "quarter": "2025-03 (Q1)",
      "signal": "FCF MARGIN EXPANSION",
      "detail": "FCF margin: +38.9% -> +48.4% (+9.4%)",
      "severity": "MEDIUM"
    },
    {
      "quarter": "2025-03 (Q1)",
      "signal": "YoY REVENUE GROWTH DECELERATION",
      "detail": "YoY growth: -12.2% vs prior quarter YoY: +18.0% (decel: -30.2%)",
      "severity": "WARNING"
    },
    {
      "quarter": "2024-09 (Q3)",
      "signal": "FCF MARGIN EXPANSION",
      "detail": "FCF margin: +43.7% -> +57.0% (+13.3%)",
      "severity": "MEDIUM"
    },
    {
      "quarter": "2024-09 (Q3)",
      "signal": "OPERATING LEVERAGE",
      "detail": "Rev growth +21.3% vs OpEx growth +8.0% (leverage: 2.7x)",
      "severity": "MEDIUM"
    },
    {
      "quarter": "2024-09 (Q3)",
      "signal": "YoY REVENUE GROWTH ACCELERATION",
      "detail": "YoY growth: +18.0% vs prior quarter YoY: -3.9% (accel: +21.9%)",
      "severity": "HIGH"
    },
    {
      "quarter": "2024-09 (Q3)",
      "signal": "INCREMENTAL MARGIN (YoY)",
      "detail": "YoY Incr OPM: +53.6% vs year-ago OPM: +32.4%",
      "severity": "HIGH"
    },
    {
      "quarter": "2024-06 (Q2)",
      "signal": "FCF MARGIN EXPANSION",
      "detail": "FCF margin: +26.2% -> +43.7% (+17.5%)",
      "severity": "MEDIUM"
    },
    {
      "quarter": "2024-06 (Q2)",
      "signal": "YoY REVENUE GROWTH DECELERATION",
      "detail": "YoY growth: -3.9% vs prior quarter YoY: +21.4% (decel: -25.3%)",
      "severity": "WARNING"
    },
    {
      "quarter": "2024-03 (Q1)",
      "signal": "OPERATING LEVERAGE",
      "detail": "Rev growth +15.7% vs OpEx growth +4.9% (leverage: 3.2x)",
      "severity": "MEDIUM"
    },
    {
      "quarter": "2024-03 (Q1)",
      "signal": "YoY REVENUE GROWTH ACCELERATION",
      "detail": "YoY growth: +21.4% vs prior quarter YoY: -25.3% (accel: +46.7%)",
      "severity": "HIGH"
    },
    {
      "quarter": "2024-03 (Q1)",
      "signal": "INCREMENTAL MARGIN (YoY)",
      "detail": "YoY Incr OPM: +88.7% vs year-ago OPM: +28.2%",
      "severity": "HIGH"
    },
    {
      "quarter": "2023-12 (Q4)",
      "signal": "YoY REVENUE GROWTH ACCELERATION",
      "detail": "YoY growth: -25.3% vs prior quarter YoY: -46.0% (accel: +20.7%)",
      "severity": "HIGH"
    },
    {
      "quarter": "2023-12 (Q4)",
      "signal": "INCREMENTAL MARGIN (YoY)",
      "detail": "YoY Incr OPM: +54.2% vs year-ago OPM: +38.0%",
      "severity": "MEDIUM"
    },
    {
      "quarter": "2023-09 (Q3)",
      "signal": "FCF MARGIN EXPANSION",
      "detail": "FCF margin: +7.0% -> +65.5% (+58.5%)",
      "severity": "MEDIUM"
    },
    {
      "quarter": "2023-09 (Q3)",
      "signal": "YoY REVENUE GROWTH DECELERATION",
      "detail": "YoY growth: -46.0% vs prior quarter YoY: -39.7% (decel: -6.3%)",
      "severity": "WARNING"
    },
    {
      "quarter": "2023-06 (Q2)",
      "signal": "YoY REVENUE GROWTH ACCELERATION",
      "detail": "YoY growth: -39.7% vs prior quarter YoY: -48.7% (accel: +8.9%)",
      "severity": "MEDIUM"
    },
    {
      "quarter": "2023-06 (Q2)",
      "signal": "INCREMENTAL MARGIN (YoY)",
      "detail": "YoY Incr OPM: +139.4% vs year-ago OPM: +73.8%",
      "severity": "HIGH"
    },
    {
      "quarter": "2023-03 (Q1)",
      "signal": "YoY REVENUE GROWTH DECELERATION",
      "detail": "YoY growth: -48.7% vs prior quarter YoY: -19.2% (decel: -29.5%)",
      "severity": "WARNING"
    },
    {
      "quarter": "2022-12 (Q4)",
      "signal": "FCF MARGIN EXPANSION",
      "detail": "FCF margin: +8.5% -> +35.2% (+26.7%)",
      "severity": "MEDIUM"
    },
    {
      "quarter": "2022-12 (Q4)",
      "signal": "YoY REVENUE GROWTH DECELERATION",
      "detail": "YoY growth: -19.2% vs prior quarter YoY: +15.3% (decel: -34.5%)",
      "severity": "WARNING"
    },
    {
      "quarter": "2022-12 (Q4)",
      "signal": "INCREMENTAL MARGIN (YoY)",
      "detail": "YoY Incr OPM: +134.5% vs year-ago OPM: +56.5%",
      "severity": "HIGH"
    },
    {
      "quarter": "2022-09 (Q3)",
      "signal": "FCF TURNED POSITIVE",
      "detail": "FCF margin: -7.5% -> +8.5%",
      "severity": "HIGH"
    },
    {
      "quarter": "2022-09 (Q3)",
      "signal": "YoY REVENUE GROWTH ACCELERATION",
      "detail": "YoY growth: +15.3% vs prior quarter YoY: -1.3% (accel: +16.6%)",
      "severity": "HIGH"
    },
    {
      "quarter": "2022-06 (Q2)",
      "signal": "YoY REVENUE GROWTH DECELERATION",
      "detail": "YoY growth: -1.3% vs prior quarter YoY: +21.2% (decel: -22.6%)",
      "severity": "WARNING"
    },
    {
      "quarter": "2021-12 (Q4)",
      "signal": "FCF MARGIN EXPANSION",
      "detail": "FCF margin: +9.0% -> +65.1% (+56.1%)",
      "severity": "MEDIUM"
    },
    {
      "quarter": "2021-12 (Q4)",
      "signal": "INCREMENTAL MARGIN (YoY)",
      "detail": "YoY Incr OPM: +288.5% vs year-ago OPM: +9.3%",
      "severity": "HIGH"
    },
    {
      "quarter": "2021-06 (Q2)",
      "signal": "FCF MARGIN EXPANSION",
      "detail": "FCF margin: +25.4% -> +43.7% (+18.2%)",
      "severity": "MEDIUM"
    },
    {
      "quarter": "2021-03 (Q1)",
      "signal": "OPERATING LEVERAGE",
      "detail": "Rev growth +11.3% vs OpEx growth +2.0% (leverage: 5.7x)",
      "severity": "MEDIUM"
    }
  ],
  "data_quality": {
    "n_quarters": 20,
    "coverage": {
      "revenue": [
        20,
        20
      ],
      "gross_profit": [
        0,
        20
      ],
      "op_income": [
        20,
        20
      ],
      "fcf": [
        20,
        20
      ]
    },
    "gaps": [],
    "warnings": [
      "gross_profit: no data"
    ]
  },
  "market_cap": null,
  "source": "SEC EDGAR",
  "last_updated": "2026-02-02T21:48:19.014661",
  "sector": "Real Estate",
  "industry": "REIT - Retail"
}