{
  "ticker": "ALGT",
  "name": "ALLEGIANT TRAVEL COMPANY",
  "quarters": [
    {
      "date": "2020-12-31T00:00:00",
      "quarter_label": "2020-12 (Q4)",
      "revenue": 246561000,
      "gross_profit": null,
      "operating_income": -23648000,
      "net_income": -28838000,
      "opex": 270209000,
      "cogs": null,
      "rd": null,
      "sga": null,
      "fcf": -124695000,
      "ocf": -42103000,
      "capex": -82592000,
      "gross_margin": null,
      "op_margin": -0.09591135662168794,
      "fcf_margin": -0.5057369170306739
    },
    {
      "date": "2021-03-31T00:00:00",
      "quarter_label": "2021-03 (Q1)",
      "revenue": 279124000,
      "gross_profit": null,
      "operating_income": 24602000,
      "net_income": 6869000,
      "opex": 254522000,
      "cogs": null,
      "rd": null,
      "sga": null,
      "fcf": 101794000,
      "ocf": 167993000,
      "capex": -66199000,
      "gross_margin": null,
      "op_margin": 0.08814003811925883,
      "fcf_margin": 0.36469096172310517,
      "op_leverage_ratio": Infinity,
      "fcf_margin_change": 0.8704278787537791
    },
    {
      "date": "2021-06-30T00:00:00",
      "quarter_label": "2021-06 (Q2)",
      "revenue": 472433000,
      "gross_profit": null,
      "operating_income": 138851000,
      "net_income": 95027000,
      "opex": 333582000,
      "cogs": null,
      "rd": null,
      "sga": null,
      "fcf": 171995000,
      "ocf": 236980000,
      "capex": -64985000,
      "gross_margin": null,
      "op_margin": 0.29390622585636483,
      "fcf_margin": 0.3640622056460916,
      "op_leverage_ratio": 2.2295818033291703,
      "fcf_margin_change": -0.0006287560770135703
    },
    {
      "date": "2021-09-30T00:00:00",
      "quarter_label": "2021-09 (Q3)",
      "revenue": 459469000,
      "gross_profit": null,
      "operating_income": 66289000,
      "net_income": 39254000,
      "opex": 393180000,
      "cogs": null,
      "rd": null,
      "sga": null,
      "fcf": -63396000,
      "ocf": -31378000,
      "capex": -32018000,
      "gross_margin": null,
      "op_margin": 0.14427306303580872,
      "fcf_margin": -0.1379766643669105,
      "fcf_margin_change": -0.5020388700130021
    },
    {
      "date": "2021-12-31T00:00:00",
      "quarter_label": "2021-12 (Q4)",
      "revenue": 496884000,
      "gross_profit": null,
      "operating_income": 33331000,
      "net_income": 10703000,
      "opex": 463553000,
      "cogs": null,
      "rd": null,
      "sga": null,
      "fcf": 84187000,
      "ocf": 164598000,
      "capex": -80411000,
      "gross_margin": null,
      "op_margin": 0.06708004282689722,
      "fcf_margin": 0.16942988705613382,
      "incr_op_margin_yoy": 0.22762191248906413,
      "rev_growth_yoy": 1.0152578875004563,
      "op_leverage_ratio": 0.45496175161660324,
      "fcf_margin_change": 0.3074065514230443
    },
    {
      "date": "2022-03-31T00:00:00",
      "quarter_label": "2022-03 (Q1)",
      "revenue": 500109000,
      "gross_profit": null,
      "operating_income": 7229000,
      "net_income": -7881000,
      "opex": 492880000,
      "cogs": null,
      "rd": null,
      "sga": null,
      "fcf": 104342000,
      "ocf": 176001000,
      "capex": -71659000,
      "gross_margin": null,
      "op_margin": 0.014454848842952237,
      "fcf_margin": 0.20863851680333687,
      "incr_op_margin_yoy": -0.07861619566938932,
      "rev_growth_yoy": 0.7917090612057723,
      "rev_growth_yoy_accel": -0.22354882629468398,
      "fcf_margin_change": 0.039208629747203044
    },
    {
      "date": "2022-06-30T00:00:00",
      "quarter_label": "2022-06 (Q2)",
      "revenue": 629847000,
      "gross_profit": null,
      "operating_income": 26130000,
      "net_income": 4358000,
      "opex": 603717000,
      "cogs": null,
      "rd": null,
      "sga": null,
      "fcf": -81718000,
      "ocf": 51781000,
      "capex": -133499000,
      "gross_margin": null,
      "op_margin": 0.04148626571214914,
      "fcf_margin": -0.12974262003311915,
      "incr_op_margin_yoy": -0.7160798912422021,
      "rev_growth_yoy": 0.33319856995595143,
      "rev_growth_yoy_accel": -0.4585104912498209,
      "op_leverage_ratio": 1.1536098669290316,
      "fcf_margin_change": -0.338381136836456
    },
    {
      "date": "2022-09-30T00:00:00",
      "quarter_label": "2022-09 (Q3)",
      "revenue": 560325000,
      "gross_profit": null,
      "operating_income": -30911000,
      "net_income": -46459000,
      "opex": 591236000,
      "cogs": null,
      "rd": null,
      "sga": null,
      "fcf": -105758000,
      "ocf": -5960000,
      "capex": -99798000,
      "gross_margin": null,
      "op_margin": -0.055166198188551285,
      "fcf_margin": -0.18874403248114932,
      "incr_op_margin_yoy": -0.9637502974537955,
      "rev_growth_yoy": 0.21950555967867255,
      "rev_growth_yoy_accel": -0.11369301027727888,
      "fcf_margin_change": -0.05900141244803017
    },
    {
      "date": "2022-12-31T00:00:00",
      "quarter_label": "2022-12 (Q4)",
      "revenue": 611549000,
      "gross_profit": null,
      "operating_income": 89199000,
      "net_income": 52475000,
      "opex": 522350000,
      "cogs": null,
      "rd": null,
      "sga": null,
      "fcf": -48506000,
      "ocf": 81228000,
      "capex": -129734000,
      "gross_margin": null,
      "op_margin": 0.14585748648105057,
      "fcf_margin": -0.07931662058150696,
      "incr_op_margin_yoy": 0.48722801203505867,
      "rev_growth_yoy": 0.2307681470926816,
      "rev_growth_yoy_accel": 0.01126258741400904,
      "op_leverage_ratio": Infinity,
      "fcf_margin_change": 0.10942741189964236
    },
    {
      "date": "2023-03-31T00:00:00",
      "quarter_label": "2023-03 (Q1)",
      "revenue": 649687000,
      "gross_profit": null,
      "operating_income": 94825000,
      "net_income": 56149000,
      "opex": 554862000,
      "cogs": null,
      "rd": null,
      "sga": null,
      "fcf": 85517000,
      "ocf": 215400000,
      "capex": -129883000,
      "gross_margin": null,
      "op_margin": 0.145954898281788,
      "fcf_margin": 0.13162799932890762,
      "incr_op_margin_yoy": 0.585620880075947,
      "rev_growth_yoy": 0.2990907982059911,
      "rev_growth_yoy_accel": 0.06832265111330951,
      "op_leverage_ratio": 1.0019465791272666,
      "fcf_margin_change": 0.21094461991041458
    },
    {
      "date": "2023-06-30T00:00:00",
      "quarter_label": "2023-06 (Q2)",
      "revenue": 683810000,
      "gross_profit": null,
      "operating_income": 133429000,
      "net_income": 88469000,
      "opex": 550381000,
      "cogs": null,
      "rd": null,
      "sga": null,
      "fcf": -21825000,
      "ocf": 131212000,
      "capex": -153037000,
      "gross_margin": null,
      "op_margin": 0.1951258390488586,
      "fcf_margin": -0.031916760503648674,
      "incr_op_margin_yoy": 1.9883809276726645,
      "rev_growth_yoy": 0.08567636267220452,
      "rev_growth_yoy_accel": -0.21341443553378658,
      "op_leverage_ratio": Infinity,
      "fcf_margin_change": -0.16354475983255629
    },
    {
      "date": "2023-09-30T00:00:00",
      "quarter_label": "2023-09 (Q3)",
      "revenue": 565359000,
      "gross_profit": null,
      "operating_income": -17883000,
      "net_income": -25066000,
      "opex": 583242000,
      "cogs": null,
      "rd": null,
      "sga": null,
      "fcf": -101459000,
      "ocf": 22846000,
      "capex": -124305000,
      "gross_margin": null,
      "op_margin": -0.031631229006701934,
      "fcf_margin": -0.17945942312760566,
      "incr_op_margin_yoy": 2.5880015891934844,
      "rev_growth_yoy": 0.008984071744077098,
      "rev_growth_yoy_accel": -0.07669229092812742,
      "fcf_margin_change": -0.147542662623957
    },
    {
      "date": "2023-12-31T00:00:00",
      "quarter_label": "2023-12 (Q4)",
      "revenue": 611002000,
      "gross_profit": null,
      "operating_income": 10612000,
      "net_income": -1956000,
      "opex": 600390000,
      "cogs": null,
      "rd": null,
      "sga": null,
      "fcf": -67461000,
      "ocf": 53634000,
      "capex": -121095000,
      "gross_margin": null,
      "op_margin": 0.017368191920812043,
      "fcf_margin": -0.11041044055502273,
      "rev_growth_yoy": -0.0008944499950126646,
      "rev_growth_yoy_accel": -0.009878521739089763,
      "op_leverage_ratio": 2.7459029732652724,
      "fcf_margin_change": 0.06904898257258292
    },
    {
      "date": "2024-03-31T00:00:00",
      "quarter_label": "2024-03 (Q1)",
      "revenue": 656406000,
      "gross_profit": null,
      "operating_income": 15448000,
      "net_income": -919000,
      "opex": 640958000,
      "cogs": null,
      "rd": null,
      "sga": null,
      "fcf": 35943000,
      "ocf": 167805000,
      "capex": -131862000,
      "gross_margin": null,
      "op_margin": 0.02353421510467607,
      "fcf_margin": 0.05475726912916701,
      "incr_op_margin_yoy": -11.813811579104033,
      "rev_growth_yoy": 0.010341903101031728,
      "rev_growth_yoy_accel": 0.011236353096044392,
      "op_leverage_ratio": 1.0997686505133961,
      "fcf_margin_change": 0.16516770968418976
    },
    {
      "date": "2024-06-30T00:00:00",
      "quarter_label": "2024-06 (Q2)",
      "revenue": 666283000,
      "gross_profit": null,
      "operating_income": 34897000,
      "net_income": 13699000,
      "opex": 631386000,
      "cogs": null,
      "rd": null,
      "sga": null,
      "fcf": 7030000,
      "ocf": 68932000,
      "capex": -61902000,
      "gross_margin": null,
      "op_margin": 0.052375642182075785,
      "fcf_margin": 0.01055107214201773,
      "incr_op_margin_yoy": 5.62172647914646,
      "rev_growth_yoy": -0.025631388836080196,
      "rev_growth_yoy_accel": -0.03597329193711192,
      "op_leverage_ratio": Infinity,
      "fcf_margin_change": -0.044206196987149275
    },
    {
      "date": "2024-09-30T00:00:00",
      "quarter_label": "2024-09 (Q3)",
      "revenue": 562196000,
      "gross_profit": null,
      "operating_income": -26341000,
      "net_income": -36789000,
      "opex": 588537000,
      "cogs": null,
      "rd": null,
      "sga": null,
      "fcf": -28714000,
      "ocf": 17339000,
      "capex": -46053000,
      "gross_margin": null,
      "op_margin": -0.04685376630214374,
      "fcf_margin": -0.05107471415662865,
      "incr_op_margin_yoy": 2.674043629465697,
      "rev_growth_yoy": -0.005594675241749048,
      "rev_growth_yoy_accel": 0.020036713594331148,
      "fcf_margin_change": -0.06162578629864638
    },
    {
      "date": "2024-12-31T00:00:00",
      "quarter_label": "2024-12 (Q4)",
      "revenue": 627705000,
      "gross_profit": null,
      "operating_income": -263979000,
      "net_income": -216230000,
      "opex": 891684000,
      "cogs": null,
      "rd": null,
      "sga": null,
      "fcf": 24043000,
      "ocf": 84380000,
      "capex": -60337000,
      "gross_margin": null,
      "op_margin": -0.4205462757186895,
      "fcf_margin": 0.03830302450992106,
      "incr_op_margin_yoy": -16.43962162485781,
      "rev_growth_yoy": 0.027337062726472253,
      "rev_growth_yoy_accel": 0.0329317379682213,
      "op_leverage_ratio": 0.22622141527604475,
      "fcf_margin_change": 0.08937773866654972
    },
    {
      "date": "2025-03-31T00:00:00",
      "quarter_label": "2025-03 (Q1)",
      "revenue": 699074000,
      "gross_profit": null,
      "operating_income": 65002000,
      "net_income": 32102000,
      "opex": 634072000,
      "cogs": null,
      "rd": null,
      "sga": null,
      "fcf": 116928000,
      "ocf": 191406000,
      "capex": -74478000,
      "gross_margin": null,
      "op_margin": 0.0929830032299871,
      "fcf_margin": 0.1672612627561603,
      "incr_op_margin_yoy": 1.1613855817005718,
      "rev_growth_yoy": 0.06500245275027955,
      "rev_growth_yoy_accel": 0.037665390023807296,
      "op_leverage_ratio": Infinity,
      "fcf_margin_change": 0.12895823824623923
    },
    {
      "date": "2025-06-30T00:00:00",
      "quarter_label": "2025-06 (Q2)",
      "revenue": 689384000,
      "gross_profit": null,
      "operating_income": -67489000,
      "net_income": -65166000,
      "opex": 756873000,
      "cogs": null,
      "rd": null,
      "sga": null,
      "fcf": -10503000,
      "ocf": 92241000,
      "capex": -102744000,
      "gross_margin": null,
      "op_margin": -0.09789754331403108,
      "fcf_margin": -0.015235340535898716,
      "incr_op_margin_yoy": -4.432102506385005,
      "rev_growth_yoy": 0.034671453421444044,
      "rev_growth_yoy_accel": -0.030330999328835505,
      "fcf_margin_change": -0.18249660329205902
    },
    {
      "date": "2025-09-30T00:00:00",
      "quarter_label": "2025-09 (Q3)",
      "revenue": 561932000,
      "gross_profit": null,
      "operating_income": -27190000,
      "net_income": -43574000,
      "opex": 589122000,
      "cogs": null,
      "rd": null,
      "sga": null,
      "fcf": -121733000,
      "ocf": -6051000,
      "capex": -115682000,
      "gross_margin": null,
      "op_margin": -0.04838663752909605,
      "fcf_margin": -0.21663297338468,
      "rev_growth_yoy": -0.0004695871190830244,
      "rev_growth_yoy_accel": -0.035141040540527066,
      "fcf_margin_change": -0.20139763284878126
    }
  ],
  "signals": [
    {
      "quarter": "2025-03 (Q1)",
      "signal": "FCF MARGIN EXPANSION",
      "detail": "FCF margin: +3.8% -> +16.7% (+12.9%)",
      "severity": "MEDIUM"
    },
    {
      "quarter": "2025-03 (Q1)",
      "signal": "INCREMENTAL MARGIN (YoY)",
      "detail": "YoY Incr OPM: +116.1% vs year-ago OPM: +2.4%",
      "severity": "HIGH"
    },
    {
      "quarter": "2025-03 (Q1)",
      "signal": "OP MARGIN TURNED POSITIVE (QoQ)",
      "detail": "Op margin: -42.1% -> +9.3%",
      "severity": "HIGH"
    },
    {
      "quarter": "2024-12 (Q4)",
      "signal": "FCF TURNED POSITIVE",
      "detail": "FCF margin: -5.1% -> +3.8%",
      "severity": "HIGH"
    },
    {
      "quarter": "2024-06 (Q2)",
      "signal": "INCREMENTAL MARGIN (YoY)",
      "detail": "YoY Incr OPM: +562.2% vs year-ago OPM: +19.5%",
      "severity": "HIGH"
    },
    {
      "quarter": "2024-03 (Q1)",
      "signal": "FCF TURNED POSITIVE",
      "detail": "FCF margin: -11.0% -> +5.5%",
      "severity": "HIGH"
    },
    {
      "quarter": "2023-12 (Q4)",
      "signal": "FCF MARGIN EXPANSION",
      "detail": "FCF margin: -17.9% -> -11.0% (+6.9%)",
      "severity": "MEDIUM"
    },
    {
      "quarter": "2023-12 (Q4)",
      "signal": "OPERATING LEVERAGE",
      "detail": "Rev growth +8.1% vs OpEx growth +2.9% (leverage: 2.7x)",
      "severity": "MEDIUM"
    },
    {
      "quarter": "2023-12 (Q4)",
      "signal": "OP MARGIN TURNED POSITIVE (QoQ)",
      "detail": "Op margin: -3.2% -> +1.7%",
      "severity": "HIGH"
    },
    {
      "quarter": "2023-09 (Q3)",
      "signal": "YoY REVENUE GROWTH DECELERATION",
      "detail": "YoY growth: +0.9% vs prior quarter YoY: +8.6% (decel: -7.7%)",
      "severity": "WARNING"
    },
    {
      "quarter": "2023-06 (Q2)",
      "signal": "YoY REVENUE GROWTH DECELERATION",
      "detail": "YoY growth: +8.6% vs prior quarter YoY: +29.9% (decel: -21.3%)",
      "severity": "WARNING"
    },
    {
      "quarter": "2023-06 (Q2)",
      "signal": "INCREMENTAL MARGIN (YoY)",
      "detail": "YoY Incr OPM: +198.8% vs year-ago OPM: +4.1%",
      "severity": "HIGH"
    },
    {
      "quarter": "2023-03 (Q1)",
      "signal": "FCF TURNED POSITIVE",
      "detail": "FCF margin: -7.9% -> +13.2%",
      "severity": "HIGH"
    },
    {
      "quarter": "2023-03 (Q1)",
      "signal": "YoY REVENUE GROWTH ACCELERATION",
      "detail": "YoY growth: +29.9% vs prior quarter YoY: +23.1% (accel: +6.8%)",
      "severity": "MEDIUM"
    },
    {
      "quarter": "2023-03 (Q1)",
      "signal": "INCREMENTAL MARGIN (YoY)",
      "detail": "YoY Incr OPM: +58.6% vs year-ago OPM: +1.4%",
      "severity": "HIGH"
    },
    {
      "quarter": "2022-12 (Q4)",
      "signal": "FCF MARGIN EXPANSION",
      "detail": "FCF margin: -18.9% -> -7.9% (+10.9%)",
      "severity": "MEDIUM"
    },
    {
      "quarter": "2022-12 (Q4)",
      "signal": "INCREMENTAL MARGIN (YoY)",
      "detail": "YoY Incr OPM: +48.7% vs year-ago OPM: +6.7%",
      "severity": "HIGH"
    },
    {
      "quarter": "2022-12 (Q4)",
      "signal": "OP MARGIN TURNED POSITIVE (QoQ)",
      "detail": "Op margin: -5.5% -> +14.6%",
      "severity": "HIGH"
    },
    {
      "quarter": "2022-09 (Q3)",
      "signal": "YoY REVENUE GROWTH DECELERATION",
      "detail": "YoY growth: +22.0% vs prior quarter YoY: +33.3% (decel: -11.4%)",
      "severity": "WARNING"
    },
    {
      "quarter": "2022-06 (Q2)",
      "signal": "YoY REVENUE GROWTH DECELERATION",
      "detail": "YoY growth: +33.3% vs prior quarter YoY: +79.2% (decel: -45.9%)",
      "severity": "WARNING"
    },
    {
      "quarter": "2022-03 (Q1)",
      "signal": "YoY REVENUE GROWTH DECELERATION",
      "detail": "YoY growth: +79.2% vs prior quarter YoY: +101.5% (decel: -22.4%)",
      "severity": "WARNING"
    },
    {
      "quarter": "2021-12 (Q4)",
      "signal": "FCF TURNED POSITIVE",
      "detail": "FCF margin: -13.8% -> +16.9%",
      "severity": "HIGH"
    },
    {
      "quarter": "2021-12 (Q4)",
      "signal": "OP MARGIN TURNED POSITIVE (YoY)",
      "detail": "Op margin: -9.6% (year-ago) -> +6.7%",
      "severity": "HIGH"
    },
    {
      "quarter": "2021-06 (Q2)",
      "signal": "OPERATING LEVERAGE",
      "detail": "Rev growth +69.3% vs OpEx growth +31.1% (leverage: 2.2x)",
      "severity": "MEDIUM"
    },
    {
      "quarter": "2021-03 (Q1)",
      "signal": "FCF TURNED POSITIVE",
      "detail": "FCF margin: -50.6% -> +36.5%",
      "severity": "HIGH"
    },
    {
      "quarter": "2021-03 (Q1)",
      "signal": "OP MARGIN TURNED POSITIVE (QoQ)",
      "detail": "Op margin: -9.6% -> +8.8%",
      "severity": "HIGH"
    }
  ],
  "data_quality": {
    "n_quarters": 20,
    "coverage": {
      "revenue": [
        20,
        20
      ],
      "gross_profit": [
        0,
        20
      ],
      "op_income": [
        20,
        20
      ],
      "fcf": [
        20,
        20
      ]
    },
    "gaps": [],
    "warnings": [
      "gross_profit: no data"
    ]
  },
  "market_cap": null,
  "source": "SEC EDGAR",
  "last_updated": "2026-02-02T21:46:45.144842"
}