{
  "ticker": "ALHC",
  "name": "ALIGNMENT HEALTHCARE, INC.",
  "quarters": [
    {
      "date": "2020-12-31T00:00:00",
      "quarter_label": "2020-12 (Q4)",
      "revenue": 242409000,
      "gross_profit": null,
      "operating_income": -27795000,
      "net_income": -32065000,
      "opex": 270204000,
      "cogs": null,
      "rd": null,
      "sga": 51119000,
      "fcf": -10146000,
      "ocf": -10146000,
      "capex": null,
      "gross_margin": null,
      "op_margin": -0.11466158434711582,
      "fcf_margin": -0.04185488162568222
    },
    {
      "date": "2021-03-31T00:00:00",
      "quarter_label": "2021-03 (Q1)",
      "revenue": 267082000,
      "gross_profit": null,
      "operating_income": -52664000,
      "net_income": -56874000,
      "opex": 319746000,
      "cogs": null,
      "rd": null,
      "sga": 64914000,
      "fcf": -38107000,
      "ocf": -38107000,
      "capex": null,
      "gross_margin": null,
      "op_margin": -0.19718288765248126,
      "fcf_margin": -0.14267902741480146,
      "op_leverage_ratio": 0.555125858273715,
      "fcf_margin_change": -0.10082414578911925
    },
    {
      "date": "2021-06-30T00:00:00",
      "quarter_label": "2021-06 (Q2)",
      "revenue": 308951000,
      "gross_profit": null,
      "operating_income": -40492000,
      "net_income": -44762000,
      "opex": 349443000,
      "cogs": null,
      "rd": null,
      "sga": 71150000,
      "fcf": -23449000,
      "ocf": -23449000,
      "capex": null,
      "gross_margin": null,
      "op_margin": -0.13106285462743283,
      "fcf_margin": -0.07589876711841036,
      "op_leverage_ratio": 1.6878758905991087,
      "fcf_margin_change": 0.0667802602963911
    },
    {
      "date": "2021-09-30T00:00:00",
      "quarter_label": "2021-09 (Q3)",
      "revenue": 293466000,
      "gross_profit": null,
      "operating_income": -41450000,
      "net_income": -45816000,
      "opex": 334916000,
      "cogs": null,
      "rd": null,
      "sga": 76846000,
      "fcf": 12914000,
      "ocf": 12914000,
      "capex": null,
      "gross_margin": null,
      "op_margin": -0.14124293785310735,
      "fcf_margin": 0.04400509769445183,
      "fcf_margin_change": 0.1199038648128622
    },
    {
      "date": "2021-12-31T00:00:00",
      "quarter_label": "2021-12 (Q4)",
      "revenue": 298274000,
      "gross_profit": null,
      "operating_income": -43466000,
      "net_income": -47834000,
      "opex": 341740000,
      "cogs": null,
      "rd": null,
      "sga": 78081000,
      "fcf": -30134000,
      "ocf": -30134000,
      "capex": null,
      "gross_margin": null,
      "op_margin": -0.14572507157848152,
      "fcf_margin": -0.10102791393148582,
      "incr_op_margin_yoy": -0.28051552850622036,
      "rev_growth_yoy": 0.23045761502254455,
      "op_leverage_ratio": 0.8040879315940417,
      "fcf_margin_change": -0.14503301162593765
    },
    {
      "date": "2022-03-31T00:00:00",
      "quarter_label": "2022-03 (Q1)",
      "revenue": 345526000,
      "gross_profit": null,
      "operating_income": -36475000,
      "net_income": -40817000,
      "opex": 382001000,
      "cogs": null,
      "rd": null,
      "sga": 74293000,
      "fcf": -11638000,
      "ocf": -11638000,
      "capex": null,
      "gross_margin": null,
      "op_margin": -0.1055636912996417,
      "fcf_margin": -0.033681980516661554,
      "incr_op_margin_yoy": 0.20637652337973586,
      "rev_growth_yoy": 0.29370755049011166,
      "rev_growth_yoy_accel": 0.0632499354675671,
      "op_leverage_ratio": 1.34467104846443,
      "fcf_margin_change": 0.06734593341482425
    },
    {
      "date": "2022-06-30T00:00:00",
      "quarter_label": "2022-06 (Q2)",
      "revenue": 366474000,
      "gross_profit": null,
      "operating_income": -6648000,
      "net_income": -11580000,
      "opex": 373122000,
      "cogs": null,
      "rd": null,
      "sga": 61673000,
      "fcf": 10354000,
      "ocf": 10354000,
      "capex": null,
      "gross_margin": null,
      "op_margin": -0.018140441068124888,
      "fcf_margin": 0.028253027499904496,
      "incr_op_margin_yoy": 0.5883559619630409,
      "rev_growth_yoy": 0.186188101025729,
      "rev_growth_yoy_accel": -0.10751944946438266,
      "op_leverage_ratio": Infinity,
      "fcf_margin_change": 0.061935008016566054
    },
    {
      "date": "2022-09-30T00:00:00",
      "quarter_label": "2022-09 (Q3)",
      "revenue": 360348000,
      "gross_profit": null,
      "operating_income": -33410000,
      "net_income": -40247000,
      "opex": 393758000,
      "cogs": null,
      "rd": null,
      "sga": 76452000,
      "fcf": 105120000,
      "ocf": 105120000,
      "capex": null,
      "gross_margin": null,
      "op_margin": -0.09271593015640436,
      "fcf_margin": 0.29171800592760333,
      "incr_op_margin_yoy": 0.12021171615681349,
      "rev_growth_yoy": 0.2279037435341743,
      "rev_growth_yoy_accel": 0.04171564250844531,
      "fcf_margin_change": 0.26346497842769884
    },
    {
      "date": "2022-12-31T00:00:00",
      "quarter_label": "2022-12 (Q4)",
      "revenue": 361811000,
      "gross_profit": null,
      "operating_income": -52106000,
      "net_income": -56903000,
      "opex": 413917000,
      "cogs": null,
      "rd": null,
      "sga": 83228000,
      "fcf": -149263000,
      "ocf": -149263000,
      "capex": null,
      "gross_margin": null,
      "op_margin": -0.14401441636655601,
      "fcf_margin": -0.4125441183380273,
      "incr_op_margin_yoy": -0.13598375749563246,
      "rev_growth_yoy": 0.21301554946123363,
      "rev_growth_yoy_accel": -0.014888194072940675,
      "fcf_margin_change": -0.7042621242656306
    },
    {
      "date": "2023-03-31T00:00:00",
      "quarter_label": "2023-03 (Q1)",
      "revenue": 439155000,
      "gross_profit": null,
      "operating_income": -32489000,
      "net_income": -37284000,
      "opex": 471644000,
      "cogs": null,
      "rd": null,
      "sga": 70408000,
      "fcf": 77825000,
      "ocf": 85110000,
      "capex": -7285000,
      "gross_margin": null,
      "op_margin": -0.07398071296011659,
      "fcf_margin": 0.17721533399369244,
      "incr_op_margin_yoy": 0.042572279955996536,
      "rev_growth_yoy": 0.2709752666948363,
      "rev_growth_yoy_accel": 0.05795971723360266,
      "op_leverage_ratio": 1.5327775740893326,
      "fcf_margin_change": 0.5897594523317198
    },
    {
      "date": "2023-06-30T00:00:00",
      "quarter_label": "2023-06 (Q2)",
      "revenue": 462379000,
      "gross_profit": null,
      "operating_income": -23659000,
      "net_income": -28477000,
      "opex": 486038000,
      "cogs": null,
      "rd": null,
      "sga": 70199000,
      "fcf": 28617000,
      "ocf": 37177000,
      "capex": -8560000,
      "gross_margin": null,
      "op_margin": -0.05116798124482297,
      "fcf_margin": 0.061890786562538526,
      "incr_op_margin_yoy": -0.17737344246911005,
      "rev_growth_yoy": 0.2616966005773943,
      "rev_growth_yoy_accel": -0.009278666117441992,
      "op_leverage_ratio": 1.7328142335546581,
      "fcf_margin_change": -0.11532454743115392
    },
    {
      "date": "2023-09-30T00:00:00",
      "quarter_label": "2023-09 (Q3)",
      "revenue": 456709000,
      "gross_profit": null,
      "operating_income": -29756000,
      "net_income": -35047000,
      "opex": 486465000,
      "cogs": null,
      "rd": null,
      "sga": 83089000,
      "fcf": -3561000,
      "ocf": 5992000,
      "capex": -9553000,
      "gross_margin": null,
      "op_margin": -0.06515308434911508,
      "fcf_margin": -0.007797087423282659,
      "incr_op_margin_yoy": 0.03791990535590125,
      "rev_growth_yoy": 0.2674109471954888,
      "rev_growth_yoy_accel": 0.005714346618094501,
      "fcf_margin_change": -0.06968787398582119
    },
    {
      "date": "2023-12-31T00:00:00",
      "quarter_label": "2023-12 (Q4)",
      "revenue": 465387000,
      "gross_profit": null,
      "operating_income": -41913000,
      "net_income": -47209000,
      "opex": 507300000,
      "cogs": null,
      "rd": null,
      "sga": 83737000,
      "fcf": -198063000,
      "ocf": -187466000,
      "capex": -10597000,
      "gross_margin": null,
      "op_margin": -0.09006053026835731,
      "fcf_margin": -0.4255877366578783,
      "incr_op_margin_yoy": 0.0984108287634201,
      "rev_growth_yoy": 0.28627100889691026,
      "rev_growth_yoy_accel": 0.01886006170142146,
      "op_leverage_ratio": 0.4436476345563533,
      "fcf_margin_change": -0.41779064923459563
    },
    {
      "date": "2024-03-31T00:00:00",
      "quarter_label": "2024-03 (Q1)",
      "revenue": 628601000,
      "gross_profit": null,
      "operating_income": -41106000,
      "net_income": -46521000,
      "opex": 669707000,
      "cogs": null,
      "rd": null,
      "sga": 90512000,
      "fcf": -17359000,
      "ocf": -6238000,
      "capex": -11121000,
      "gross_margin": null,
      "op_margin": -0.06539283265537281,
      "fcf_margin": -0.027615291735138825,
      "incr_op_margin_yoy": -0.04548525701255239,
      "rev_growth_yoy": 0.43138755109243887,
      "rev_growth_yoy_accel": 0.1451165421955286,
      "op_leverage_ratio": 1.0954770384726007,
      "fcf_margin_change": 0.3979724449227395
    },
    {
      "date": "2024-06-30T00:00:00",
      "quarter_label": "2024-06 (Q2)",
      "revenue": 681286000,
      "gross_profit": null,
      "operating_income": -18382000,
      "net_income": -24010000,
      "opex": 699668000,
      "cogs": null,
      "rd": null,
      "sga": 87863000,
      "fcf": 11796000,
      "ocf": 23529000,
      "capex": -11733000,
      "gross_margin": null,
      "op_margin": -0.026981326491370732,
      "fcf_margin": 0.017314314399532647,
      "incr_op_margin_yoy": 0.024106127259521166,
      "rev_growth_yoy": 0.4734362936032995,
      "rev_growth_yoy_accel": 0.042048742510860604,
      "op_leverage_ratio": 1.873442855326869,
      "fcf_margin_change": 0.04492960613467147
    },
    {
      "date": "2024-09-30T00:00:00",
      "quarter_label": "2024-09 (Q3)",
      "revenue": 692433000,
      "gross_profit": null,
      "operating_income": -19522000,
      "net_income": -26413000,
      "opex": 711955000,
      "cogs": null,
      "rd": null,
      "sga": 90871000,
      "fcf": 16910000,
      "ocf": 26190000,
      "capex": -9280000,
      "gross_margin": null,
      "op_margin": -0.02819334144964206,
      "fcf_margin": 0.024421135330060816,
      "incr_op_margin_yoy": 0.043415180465289915,
      "rev_growth_yoy": 0.5161360954130529,
      "rev_growth_yoy_accel": 0.04269980180975347,
      "op_leverage_ratio": 0.9316969843248402,
      "fcf_margin_change": 0.007106820930528168
    },
    {
      "date": "2024-12-31T00:00:00",
      "quarter_label": "2024-12 (Q4)",
      "revenue": 701241000,
      "gross_profit": null,
      "operating_income": -22545000,
      "net_income": -31091000,
      "opex": 723786000,
      "cogs": null,
      "rd": null,
      "sga": 102128000,
      "fcf": -17995000,
      "ocf": -8711000,
      "capex": -9284000,
      "gross_margin": null,
      "op_margin": -0.032150145242505784,
      "fcf_margin": -0.025661648420443186,
      "incr_op_margin_yoy": 0.08211859879416927,
      "rev_growth_yoy": 0.5067911222273076,
      "rev_growth_yoy_accel": -0.009344973185745342,
      "op_leverage_ratio": 0.7654743429539724,
      "fcf_margin_change": -0.050082783750504
    },
    {
      "date": "2025-03-31T00:00:00",
      "quarter_label": "2025-03 (Q1)",
      "revenue": 926932000,
      "gross_profit": null,
      "operating_income": -5393000,
      "net_income": -9114000,
      "opex": 932325000,
      "cogs": null,
      "rd": null,
      "sga": 103831000,
      "fcf": 8364000,
      "ocf": 16616000,
      "capex": -8252000,
      "gross_margin": null,
      "op_margin": -0.005818118265417528,
      "fcf_margin": 0.009023315626173225,
      "incr_op_margin_yoy": 0.11970931616224931,
      "rev_growth_yoy": 0.4745951724543868,
      "rev_growth_yoy_accel": -0.032195949772920784,
      "op_leverage_ratio": 1.1170428477643337,
      "fcf_margin_change": 0.03468496404661641
    },
    {
      "date": "2025-06-30T00:00:00",
      "quarter_label": "2025-06 (Q2)",
      "revenue": 1015288000,
      "gross_profit": null,
      "operating_income": 22748000,
      "net_income": 15667000,
      "opex": 992540000,
      "cogs": null,
      "rd": null,
      "sga": 103797000,
      "fcf": 21127000,
      "ocf": 29130000,
      "capex": -8003000,
      "gross_margin": null,
      "op_margin": 0.022405465247299288,
      "fcf_margin": 0.02080887393527748,
      "incr_op_margin_yoy": 0.12314297519176531,
      "rev_growth_yoy": 0.4902522582292899,
      "rev_growth_yoy_accel": 0.0156570857749031,
      "op_leverage_ratio": 1.475879193846371,
      "fcf_margin_change": 0.011785558309104254
    },
    {
      "date": "2025-09-30T00:00:00",
      "quarter_label": "2025-09 (Q3)",
      "revenue": 993695000,
      "gross_profit": null,
      "operating_income": 7681000,
      "net_income": 3729000,
      "opex": 986014000,
      "cogs": null,
      "rd": null,
      "sga": 110015000,
      "fcf": 139059000,
      "ocf": 144556000,
      "capex": -5497000,
      "gross_margin": null,
      "op_margin": 0.007729735985387871,
      "fcf_margin": 0.13994133008619344,
      "incr_op_margin_yoy": 0.090296818052061,
      "rev_growth_yoy": 0.4350774731995731,
      "rev_growth_yoy_accel": -0.055174785029716844,
      "fcf_margin_change": 0.11913245615091597
    }
  ],
  "signals": [
    {
      "quarter": "2025-09 (Q3)",
      "signal": "FCF MARGIN EXPANSION",
      "detail": "FCF margin: +2.1% -> +14.0% (+11.9%)",
      "severity": "MEDIUM"
    },
    {
      "quarter": "2025-09 (Q3)",
      "signal": "YoY REVENUE GROWTH DECELERATION",
      "detail": "YoY growth: +43.5% vs prior quarter YoY: +49.0% (decel: -5.5%)",
      "severity": "WARNING"
    },
    {
      "quarter": "2025-09 (Q3)",
      "signal": "OP MARGIN TURNED POSITIVE (YoY)",
      "detail": "Op margin: -2.8% (year-ago) -> +0.8%",
      "severity": "HIGH"
    },
    {
      "quarter": "2025-06 (Q2)",
      "signal": "OP MARGIN TURNED POSITIVE (YoY)",
      "detail": "Op margin: -2.7% (year-ago) -> +2.2%",
      "severity": "HIGH"
    },
    {
      "quarter": "2025-06 (Q2)",
      "signal": "OP MARGIN TURNED POSITIVE (QoQ)",
      "detail": "Op margin: -0.6% -> +2.2%",
      "severity": "HIGH"
    },
    {
      "quarter": "2025-03 (Q1)",
      "signal": "FCF TURNED POSITIVE",
      "detail": "FCF margin: -2.6% -> +0.9%",
      "severity": "HIGH"
    },
    {
      "quarter": "2024-06 (Q2)",
      "signal": "FCF TURNED POSITIVE",
      "detail": "FCF margin: -2.8% -> +1.7%",
      "severity": "HIGH"
    },
    {
      "quarter": "2024-06 (Q2)",
      "signal": "OPERATING LEVERAGE",
      "detail": "Rev growth +8.4% vs OpEx growth +4.5% (leverage: 1.9x)",
      "severity": "MEDIUM"
    },
    {
      "quarter": "2024-03 (Q1)",
      "signal": "FCF MARGIN EXPANSION",
      "detail": "FCF margin: -42.6% -> -2.8% (+39.8%)",
      "severity": "MEDIUM"
    },
    {
      "quarter": "2024-03 (Q1)",
      "signal": "YoY REVENUE GROWTH ACCELERATION",
      "detail": "YoY growth: +43.1% vs prior quarter YoY: +28.6% (accel: +14.5%)",
      "severity": "MEDIUM"
    },
    {
      "quarter": "2023-06 (Q2)",
      "signal": "OPERATING LEVERAGE",
      "detail": "Rev growth +5.3% vs OpEx growth +3.1% (leverage: 1.7x)",
      "severity": "MEDIUM"
    },
    {
      "quarter": "2023-03 (Q1)",
      "signal": "FCF TURNED POSITIVE",
      "detail": "FCF margin: -41.3% -> +17.7%",
      "severity": "HIGH"
    },
    {
      "quarter": "2023-03 (Q1)",
      "signal": "OPERATING LEVERAGE",
      "detail": "Rev growth +21.4% vs OpEx growth +13.9% (leverage: 1.5x)",
      "severity": "MEDIUM"
    },
    {
      "quarter": "2023-03 (Q1)",
      "signal": "YoY REVENUE GROWTH ACCELERATION",
      "detail": "YoY growth: +27.1% vs prior quarter YoY: +21.3% (accel: +5.8%)",
      "severity": "MEDIUM"
    },
    {
      "quarter": "2022-09 (Q3)",
      "signal": "FCF MARGIN EXPANSION",
      "detail": "FCF margin: +2.8% -> +29.2% (+26.3%)",
      "severity": "MEDIUM"
    },
    {
      "quarter": "2022-06 (Q2)",
      "signal": "FCF TURNED POSITIVE",
      "detail": "FCF margin: -3.4% -> +2.8%",
      "severity": "HIGH"
    },
    {
      "quarter": "2022-06 (Q2)",
      "signal": "YoY REVENUE GROWTH DECELERATION",
      "detail": "YoY growth: +18.6% vs prior quarter YoY: +29.4% (decel: -10.8%)",
      "severity": "WARNING"
    },
    {
      "quarter": "2022-03 (Q1)",
      "signal": "FCF MARGIN EXPANSION",
      "detail": "FCF margin: -10.1% -> -3.4% (+6.7%)",
      "severity": "MEDIUM"
    },
    {
      "quarter": "2022-03 (Q1)",
      "signal": "YoY REVENUE GROWTH ACCELERATION",
      "detail": "YoY growth: +29.4% vs prior quarter YoY: +23.0% (accel: +6.3%)",
      "severity": "MEDIUM"
    },
    {
      "quarter": "2021-09 (Q3)",
      "signal": "FCF TURNED POSITIVE",
      "detail": "FCF margin: -7.6% -> +4.4%",
      "severity": "HIGH"
    },
    {
      "quarter": "2021-06 (Q2)",
      "signal": "FCF MARGIN EXPANSION",
      "detail": "FCF margin: -14.3% -> -7.6% (+6.7%)",
      "severity": "MEDIUM"
    },
    {
      "quarter": "2021-06 (Q2)",
      "signal": "OPERATING LEVERAGE",
      "detail": "Rev growth +15.7% vs OpEx growth +9.3% (leverage: 1.7x)",
      "severity": "MEDIUM"
    }
  ],
  "data_quality": {
    "n_quarters": 20,
    "coverage": {
      "revenue": [
        20,
        20
      ],
      "gross_profit": [
        0,
        20
      ],
      "op_income": [
        20,
        20
      ],
      "fcf": [
        20,
        20
      ]
    },
    "gaps": [],
    "warnings": [
      "gross_profit: no data"
    ]
  },
  "market_cap": null,
  "source": "SEC EDGAR",
  "last_updated": "2026-02-02T21:11:53.573082"
}