{
  "ticker": "ALIT",
  "name": "Alight, Inc. / Delaware",
  "quarters": [
    {
      "date": "2020-09-30T00:00:00",
      "quarter_label": "2020-09 (Q3)",
      "revenue": 668000000,
      "gross_profit": 227000000,
      "operating_income": -166771,
      "net_income": 155641,
      "opex": 185000000,
      "cogs": 423000000,
      "rd": null,
      "sga": 128000000,
      "fcf": null,
      "ocf": null,
      "capex": null,
      "gross_margin": 0.3398203592814371,
      "op_margin": -0.0002496571856287425,
      "fcf_margin": null
    },
    {
      "date": "2020-12-31T00:00:00",
      "quarter_label": "2020-12 (Q4)",
      "revenue": 720000000,
      "gross_profit": null,
      "operating_income": 49000000,
      "net_income": null,
      "opex": null,
      "cogs": null,
      "rd": null,
      "sga": null,
      "fcf": -62899,
      "ocf": -62899,
      "capex": null,
      "gross_margin": null,
      "op_margin": 0.06805555555555555,
      "fcf_margin": -8.735972222222223e-05
    },
    {
      "date": "2021-03-31T00:00:00",
      "quarter_label": "2021-03 (Q1)",
      "revenue": 689000000,
      "gross_profit": null,
      "operating_income": -3257784,
      "net_income": 78081660,
      "opex": null,
      "cogs": null,
      "rd": null,
      "sga": null,
      "fcf": -260347,
      "ocf": -260347,
      "capex": null,
      "gross_margin": null,
      "op_margin": -0.0047282786647314945,
      "fcf_margin": -0.0003778621190130624,
      "fcf_margin_change": -0.0002905023967908402
    },
    {
      "date": "2021-09-30T00:00:00",
      "quarter_label": "2021-09 (Q3)",
      "revenue": 690000000,
      "gross_profit": 238000000,
      "operating_income": 25000000,
      "net_income": -107000000,
      "opex": 213000000,
      "cogs": 442000000,
      "rd": null,
      "sga": 135000000,
      "fcf": -34000000,
      "ocf": -7000000,
      "capex": -27000000,
      "gross_margin": 0.34492753623188405,
      "op_margin": 0.036231884057971016,
      "fcf_margin": -0.04927536231884058,
      "incr_op_margin_yoy": 1.1439441363636365,
      "rev_growth_yoy": 0.03293413173652695,
      "fcf_margin_change": -0.04889750019982752
    },
    {
      "date": "2022-03-31T00:00:00",
      "quarter_label": "2022-03 (Q1)",
      "revenue": 725000000,
      "gross_profit": 223000000,
      "operating_income": -2000000,
      "net_income": -11000000,
      "opex": 225000000,
      "cogs": 491000000,
      "rd": null,
      "sga": 140000000,
      "fcf": -22000000,
      "ocf": 19000000,
      "capex": -41000000,
      "gross_margin": 0.30758620689655175,
      "op_margin": -0.002758620689655172,
      "fcf_margin": -0.030344827586206897,
      "incr_op_margin_yoy": 0.034938444444444446,
      "rev_growth_yoy": 0.05224963715529753,
      "rev_growth_yoy_accel": 0.019315505418770584,
      "op_leverage_ratio": 0.9003623188405797,
      "fcf_margin_change": 0.018930534732633685
    },
    {
      "date": "2022-06-30T00:00:00",
      "quarter_label": "2022-06 (Q2)",
      "revenue": 715000000,
      "gross_profit": 219000000,
      "operating_income": -23000000,
      "net_income": 51000000,
      "opex": 242000000,
      "cogs": 483000000,
      "rd": null,
      "sga": 157000000,
      "fcf": 61000000,
      "ocf": 99000000,
      "capex": -38000000,
      "gross_margin": 0.3062937062937063,
      "op_margin": -0.032167832167832165,
      "fcf_margin": 0.08531468531468532,
      "fcf_margin_change": 0.11565951290089221
    },
    {
      "date": "2022-09-30T00:00:00",
      "quarter_label": "2022-09 (Q3)",
      "revenue": 750000000,
      "gross_profit": 212000000,
      "operating_income": -50000000,
      "net_income": -37000000,
      "opex": 262000000,
      "cogs": 523000000,
      "rd": null,
      "sga": 178000000,
      "fcf": 47000000,
      "ocf": 83000000,
      "capex": -36000000,
      "gross_margin": 0.2826666666666667,
      "op_margin": -0.06666666666666667,
      "fcf_margin": 0.06266666666666666,
      "incr_op_margin_yoy": -1.25,
      "rev_growth_yoy": 0.08695652173913043,
      "op_leverage_ratio": 0.5923076923076923,
      "fcf_margin_change": -0.02264801864801866
    },
    {
      "date": "2022-12-31T00:00:00",
      "quarter_label": "2022-12 (Q4)",
      "revenue": 942000000,
      "gross_profit": 342000000,
      "operating_income": 61000000,
      "net_income": -65000000,
      "opex": 281000000,
      "cogs": 583000000,
      "rd": null,
      "sga": 196000000,
      "fcf": 69000000,
      "ocf": 85000000,
      "capex": -16000000,
      "gross_margin": 0.3630573248407643,
      "op_margin": 0.06475583864118896,
      "fcf_margin": 0.0732484076433121,
      "op_leverage_ratio": 3.530105263157895,
      "fcf_margin_change": 0.010581740976645437
    },
    {
      "date": "2023-03-31T00:00:00",
      "quarter_label": "2023-03 (Q1)",
      "revenue": 831000000,
      "gross_profit": 257000000,
      "operating_income": -13000000,
      "net_income": -68000000,
      "opex": 270000000,
      "cogs": 555000000,
      "rd": null,
      "sga": 185000000,
      "fcf": 27000000,
      "ocf": 72000000,
      "capex": -45000000,
      "gross_margin": 0.309265944645006,
      "op_margin": -0.015643802647412757,
      "fcf_margin": 0.032490974729241874,
      "incr_op_margin_yoy": -0.10377358490566038,
      "rev_growth_yoy": 0.14620689655172414,
      "fcf_margin_change": -0.040757432914070225
    },
    {
      "date": "2023-06-30T00:00:00",
      "quarter_label": "2023-06 (Q2)",
      "revenue": 806000000,
      "gross_profit": 257000000,
      "operating_income": -21000000,
      "net_income": -67000000,
      "opex": 278000000,
      "cogs": 528000000,
      "rd": null,
      "sga": 193000000,
      "fcf": 57000000,
      "ocf": 90000000,
      "capex": -33000000,
      "gross_margin": 0.3188585607940447,
      "op_margin": -0.026054590570719603,
      "fcf_margin": 0.0707196029776675,
      "incr_op_margin_yoy": 0.02197802197802198,
      "rev_growth_yoy": 0.12727272727272726,
      "rev_growth_yoy_accel": -0.018934169278996882,
      "fcf_margin_change": 0.03822862824842562
    },
    {
      "date": "2023-09-30T00:00:00",
      "quarter_label": "2023-09 (Q3)",
      "revenue": 813000000,
      "gross_profit": 257000000,
      "operating_income": -4000000,
      "net_income": -48000000,
      "opex": 261000000,
      "cogs": 535000000,
      "rd": null,
      "sga": 177000000,
      "fcf": 53000000,
      "ocf": 89000000,
      "capex": -36000000,
      "gross_margin": 0.3161131611316113,
      "op_margin": -0.004920049200492005,
      "fcf_margin": 0.06519065190651907,
      "incr_op_margin_yoy": 0.7301587301587301,
      "rev_growth_yoy": 0.084,
      "rev_growth_yoy_accel": -0.043272727272727254,
      "fcf_margin_change": -0.005528951071148425
    },
    {
      "date": "2023-12-31T00:00:00",
      "quarter_label": "2023-12 (Q4)",
      "revenue": 960000000,
      "gross_profit": 369000000,
      "operating_income": -63000000,
      "net_income": -162000000,
      "opex": 432000000,
      "cogs": 570000000,
      "rd": null,
      "sga": 199000000,
      "fcf": 109000000,
      "ocf": 135000000,
      "capex": -26000000,
      "gross_margin": 0.384375,
      "op_margin": -0.065625,
      "fcf_margin": 0.11354166666666667,
      "incr_op_margin_yoy": -6.888888888888889,
      "rev_growth_yoy": 0.01910828025477707,
      "rev_growth_yoy_accel": -0.06489171974522294,
      "op_leverage_ratio": 0.2759759176539134,
      "fcf_margin_change": 0.048351014760147595
    },
    {
      "date": "2024-03-31T00:00:00",
      "quarter_label": "2024-03 (Q1)",
      "revenue": 559000000,
      "gross_profit": 182000000,
      "operating_income": -40000000,
      "net_income": -114000000,
      "opex": 222000000,
      "cogs": 356000000,
      "rd": null,
      "sga": 146000000,
      "fcf": 69000000,
      "ocf": 100000000,
      "capex": -31000000,
      "gross_margin": 0.32558139534883723,
      "op_margin": -0.07155635062611806,
      "fcf_margin": 0.12343470483005367,
      "incr_op_margin_yoy": 0.09926470588235294,
      "rev_growth_yoy": -0.32731648616125153,
      "rev_growth_yoy_accel": -0.3464247664160286,
      "fcf_margin_change": 0.009893038163387005
    },
    {
      "date": "2024-06-30T00:00:00",
      "quarter_label": "2024-06 (Q2)",
      "revenue": 538000000,
      "gross_profit": 167000000,
      "operating_income": -52000000,
      "net_income": 23000000,
      "opex": 219000000,
      "cogs": 345000000,
      "rd": null,
      "sga": 146000000,
      "fcf": 22000000,
      "ocf": 58000000,
      "capex": -36000000,
      "gross_margin": 0.3104089219330855,
      "op_margin": -0.09665427509293681,
      "fcf_margin": 0.040892193308550186,
      "incr_op_margin_yoy": 0.11567164179104478,
      "rev_growth_yoy": -0.3325062034739454,
      "rev_growth_yoy_accel": -0.005189717312693853,
      "fcf_margin_change": -0.08254251152150349
    },
    {
      "date": "2024-09-30T00:00:00",
      "quarter_label": "2024-09 (Q3)",
      "revenue": 555000000,
      "gross_profit": 174000000,
      "operating_income": -42000000,
      "net_income": -74000000,
      "opex": 216000000,
      "cogs": 358000000,
      "rd": null,
      "sga": 142000000,
      "fcf": -52000000,
      "ocf": -24000000,
      "capex": -28000000,
      "gross_margin": 0.31351351351351353,
      "op_margin": -0.07567567567567568,
      "fcf_margin": -0.0936936936936937,
      "incr_op_margin_yoy": 0.14728682170542637,
      "rev_growth_yoy": -0.3173431734317343,
      "rev_growth_yoy_accel": 0.01516303004221109,
      "op_leverage_ratio": Infinity,
      "fcf_margin_change": -0.1345858870022439
    },
    {
      "date": "2024-12-31T00:00:00",
      "quarter_label": "2024-12 (Q4)",
      "revenue": 680000000,
      "gross_profit": 271000000,
      "operating_income": 44000000,
      "net_income": 8000000,
      "opex": 227000000,
      "cogs": 383000000,
      "rd": null,
      "sga": 151000000,
      "fcf": 92000000,
      "ocf": 118000000,
      "capex": -26000000,
      "gross_margin": 0.3985294117647059,
      "op_margin": 0.06470588235294118,
      "fcf_margin": 0.13529411764705881,
      "incr_op_margin_yoy": -0.3821428571428571,
      "rev_growth_yoy": -0.2916666666666667,
      "rev_growth_yoy_accel": 0.025676506765067608,
      "op_leverage_ratio": 4.422604422604423,
      "fcf_margin_change": 0.22898781134075252
    },
    {
      "date": "2025-03-31T00:00:00",
      "quarter_label": "2025-03 (Q1)",
      "revenue": 548000000,
      "gross_profit": 171000000,
      "operating_income": -8000000,
      "net_income": -25000000,
      "opex": 179000000,
      "cogs": 351000000,
      "rd": null,
      "sga": 104000000,
      "fcf": 44000000,
      "ocf": 73000000,
      "capex": -29000000,
      "gross_margin": 0.31204379562043794,
      "op_margin": -0.014598540145985401,
      "fcf_margin": 0.08029197080291971,
      "incr_op_margin_yoy": -2.909090909090909,
      "rev_growth_yoy": -0.01967799642218247,
      "rev_growth_yoy_accel": 0.2719886702444842,
      "fcf_margin_change": -0.05500214684413911
    },
    {
      "date": "2025-06-30T00:00:00",
      "quarter_label": "2025-06 (Q2)",
      "revenue": 528000000,
      "gross_profit": 176000000,
      "operating_income": -1010000000,
      "net_income": -1073000000,
      "opex": 1186000000,
      "cogs": 325000000,
      "rd": null,
      "sga": 130000000,
      "fcf": 58000000,
      "ocf": 86000000,
      "capex": -28000000,
      "gross_margin": 0.3333333333333333,
      "op_margin": -1.9128787878787878,
      "fcf_margin": 0.10984848484848485,
      "incr_op_margin_yoy": 95.8,
      "rev_growth_yoy": -0.01858736059479554,
      "rev_growth_yoy_accel": 0.0010906358273869293,
      "fcf_margin_change": 0.02955651404556514
    },
    {
      "date": "2025-09-30T00:00:00",
      "quarter_label": "2025-09 (Q3)",
      "revenue": 533000000,
      "gross_profit": 178000000,
      "operating_income": -1322000000,
      "net_income": -1067000000,
      "opex": 1500000000,
      "cogs": 327000000,
      "rd": null,
      "sga": 87000000,
      "fcf": 49000000,
      "ocf": 77000000,
      "capex": -28000000,
      "gross_margin": 0.3339587242026266,
      "op_margin": -2.480300187617261,
      "fcf_margin": 0.09193245778611632,
      "incr_op_margin_yoy": 58.18181818181818,
      "rev_growth_yoy": -0.03963963963963964,
      "rev_growth_yoy_accel": -0.021052279044844097,
      "fcf_margin_change": -0.017916027062368528
    }
  ],
  "signals": [
    {
      "quarter": "2025-06 (Q2)",
      "signal": "GROSS MARGIN INFLECTION",
      "detail": "GM: +39.9% -> +31.2% -> +33.3% (reversal +2.1%)",
      "severity": "MEDIUM"
    },
    {
      "quarter": "2025-03 (Q1)",
      "signal": "YoY REVENUE GROWTH ACCELERATION",
      "detail": "YoY growth: -2.0% vs prior quarter YoY: -29.2% (accel: +27.2%)",
      "severity": "HIGH"
    },
    {
      "quarter": "2024-12 (Q4)",
      "signal": "FCF TURNED POSITIVE",
      "detail": "FCF margin: -9.4% -> +13.5%",
      "severity": "HIGH"
    },
    {
      "quarter": "2024-12 (Q4)",
      "signal": "OPERATING LEVERAGE",
      "detail": "Rev growth +22.5% vs OpEx growth +5.1% (leverage: 4.4x)",
      "severity": "MEDIUM"
    },
    {
      "quarter": "2024-12 (Q4)",
      "signal": "OP MARGIN TURNED POSITIVE (YoY)",
      "detail": "Op margin: -6.6% (year-ago) -> +6.5%",
      "severity": "HIGH"
    },
    {
      "quarter": "2024-12 (Q4)",
      "signal": "OP MARGIN TURNED POSITIVE (QoQ)",
      "detail": "Op margin: -7.6% -> +6.5%",
      "severity": "HIGH"
    },
    {
      "quarter": "2024-03 (Q1)",
      "signal": "YoY REVENUE GROWTH DECELERATION",
      "detail": "YoY growth: -32.7% vs prior quarter YoY: +1.9% (decel: -34.6%)",
      "severity": "WARNING"
    },
    {
      "quarter": "2023-12 (Q4)",
      "signal": "GROSS MARGIN INFLECTION",
      "detail": "GM: +31.9% -> +31.6% -> +38.4% (reversal +6.8%)",
      "severity": "HIGH"
    },
    {
      "quarter": "2023-12 (Q4)",
      "signal": "YoY REVENUE GROWTH DECELERATION",
      "detail": "YoY growth: +1.9% vs prior quarter YoY: +8.4% (decel: -6.5%)",
      "severity": "WARNING"
    },
    {
      "quarter": "2022-12 (Q4)",
      "signal": "OPERATING LEVERAGE",
      "detail": "Rev growth +25.6% vs OpEx growth +7.3% (leverage: 3.5x)",
      "severity": "MEDIUM"
    },
    {
      "quarter": "2022-12 (Q4)",
      "signal": "GROSS MARGIN INFLECTION",
      "detail": "GM: +30.6% -> +28.3% -> +36.3% (reversal +8.0%)",
      "severity": "HIGH"
    },
    {
      "quarter": "2022-12 (Q4)",
      "signal": "OP MARGIN TURNED POSITIVE (QoQ)",
      "detail": "Op margin: -6.7% -> +6.5%",
      "severity": "HIGH"
    },
    {
      "quarter": "2022-06 (Q2)",
      "signal": "FCF TURNED POSITIVE",
      "detail": "FCF margin: -3.0% -> +8.5%",
      "severity": "HIGH"
    },
    {
      "quarter": "2021-09 (Q3)",
      "signal": "OP MARGIN TURNED POSITIVE (YoY)",
      "detail": "Op margin: -0.0% (year-ago) -> +3.6%",
      "severity": "HIGH"
    },
    {
      "quarter": "2021-09 (Q3)",
      "signal": "OP MARGIN TURNED POSITIVE (QoQ)",
      "detail": "Op margin: -0.5% -> +3.6%",
      "severity": "HIGH"
    },
    {
      "quarter": "2020-12 (Q4)",
      "signal": "OP MARGIN TURNED POSITIVE (QoQ)",
      "detail": "Op margin: -0.0% -> +6.8%",
      "severity": "HIGH"
    }
  ],
  "data_quality": {
    "n_quarters": 19,
    "coverage": {
      "revenue": [
        19,
        19
      ],
      "gross_profit": [
        17,
        19
      ],
      "op_income": [
        19,
        19
      ],
      "fcf": [
        18,
        19
      ]
    },
    "gaps": [
      [
        "2021-03 (Q1)",
        "2021-09 (Q3)",
        183
      ],
      [
        "2021-09 (Q3)",
        "2022-03 (Q1)",
        182
      ]
    ],
    "warnings": [
      "gap: 1Q missing between 2021-03 (Q1) and 2021-09 (Q3)",
      "gap: 1Q missing between 2021-09 (Q3) and 2022-03 (Q1)"
    ]
  },
  "market_cap": null,
  "source": "SEC EDGAR",
  "last_updated": "2026-02-02T22:04:46.090832",
  "sector": "Technology",
  "industry": "Software - Application"
}