{
  "ticker": "ALK",
  "name": "ALASKA AIR GROUP, INC.",
  "quarters": [
    {
      "date": "2020-12-31T00:00:00",
      "quarter_label": "2020-12 (Q4)",
      "revenue": 808000000,
      "gross_profit": null,
      "operating_income": -595000000,
      "net_income": -447000000,
      "opex": 1403000000,
      "cogs": null,
      "rd": null,
      "sga": null,
      "fcf": -368000000,
      "ocf": -350000000,
      "capex": -18000000,
      "gross_margin": null,
      "op_margin": -0.7363861386138614,
      "fcf_margin": -0.45544554455445546
    },
    {
      "date": "2021-03-31T00:00:00",
      "quarter_label": "2021-03 (Q1)",
      "revenue": 797000000,
      "gross_profit": null,
      "operating_income": -161000000,
      "net_income": -131000000,
      "opex": 958000000,
      "cogs": null,
      "rd": null,
      "sga": null,
      "fcf": 140000000,
      "ocf": 167000000,
      "capex": -27000000,
      "gross_margin": null,
      "op_margin": -0.20200752823086573,
      "fcf_margin": 0.17565872020075282,
      "fcf_margin_change": 0.6311042647552083
    },
    {
      "date": "2021-06-30T00:00:00",
      "quarter_label": "2021-06 (Q2)",
      "revenue": 1527000000,
      "gross_profit": null,
      "operating_income": 549000000,
      "net_income": 397000000,
      "opex": 978000000,
      "cogs": null,
      "rd": null,
      "sga": null,
      "fcf": 765000000,
      "ocf": 840000000,
      "capex": -75000000,
      "gross_margin": null,
      "op_margin": 0.35952848722986247,
      "fcf_margin": 0.5009823182711198,
      "op_leverage_ratio": 43.873274780426605,
      "fcf_margin_change": 0.32532359807036704
    },
    {
      "date": "2021-09-30T00:00:00",
      "quarter_label": "2021-09 (Q3)",
      "revenue": 1953000000,
      "gross_profit": null,
      "operating_income": 258000000,
      "net_income": 194000000,
      "opex": 1695000000,
      "cogs": null,
      "rd": null,
      "sga": null,
      "fcf": -194000000,
      "ocf": -106000000,
      "capex": -88000000,
      "gross_margin": null,
      "op_margin": 0.13210445468509985,
      "fcf_margin": -0.09933435739887353,
      "op_leverage_ratio": 0.3805311916876967,
      "fcf_margin_change": -0.6003166756699934
    },
    {
      "date": "2021-12-31T00:00:00",
      "quarter_label": "2021-12 (Q4)",
      "revenue": 1899000000,
      "gross_profit": null,
      "operating_income": 39000000,
      "net_income": 18000000,
      "opex": 1860000000,
      "cogs": null,
      "rd": null,
      "sga": null,
      "fcf": 27000000,
      "ocf": 129000000,
      "capex": -102000000,
      "gross_margin": null,
      "op_margin": 0.020537124802527645,
      "fcf_margin": 0.014218009478672985,
      "incr_op_margin_yoy": 0.5811182401466545,
      "rev_growth_yoy": 1.3502475247524752,
      "fcf_margin_change": 0.11355236687754651
    },
    {
      "date": "2022-03-31T00:00:00",
      "quarter_label": "2022-03 (Q1)",
      "revenue": 1681000000,
      "gross_profit": null,
      "operating_income": -202000000,
      "net_income": -143000000,
      "opex": 1883000000,
      "cogs": null,
      "rd": null,
      "sga": null,
      "fcf": -1000000,
      "ocf": 287000000,
      "capex": -288000000,
      "gross_margin": null,
      "op_margin": -0.12016656751933373,
      "fcf_margin": -0.000594883997620464,
      "incr_op_margin_yoy": -0.04638009049773756,
      "rev_growth_yoy": 1.109159347553325,
      "rev_growth_yoy_accel": -0.2410881771991502,
      "fcf_margin_change": -0.01481289347629345
    },
    {
      "date": "2022-06-30T00:00:00",
      "quarter_label": "2022-06 (Q2)",
      "revenue": 2658000000,
      "gross_profit": null,
      "operating_income": 187000000,
      "net_income": 139000000,
      "opex": 2471000000,
      "cogs": null,
      "rd": null,
      "sga": null,
      "fcf": 604000000,
      "ocf": 948000000,
      "capex": -344000000,
      "gross_margin": null,
      "op_margin": 0.07035364936042136,
      "fcf_margin": 0.2272385252069225,
      "incr_op_margin_yoy": -0.32007073386383733,
      "rev_growth_yoy": 0.7406679764243614,
      "rev_growth_yoy_accel": -0.3684913711289636,
      "op_leverage_ratio": 1.8612291436503217,
      "fcf_margin_change": 0.22783340920454298
    },
    {
      "date": "2022-09-30T00:00:00",
      "quarter_label": "2022-09 (Q3)",
      "revenue": 2828000000,
      "gross_profit": null,
      "operating_income": 62000000,
      "net_income": 40000000,
      "opex": 2766000000,
      "cogs": null,
      "rd": null,
      "sga": null,
      "fcf": -141000000,
      "ocf": 174000000,
      "capex": -315000000,
      "gross_margin": null,
      "op_margin": 0.021923620933521924,
      "fcf_margin": -0.04985855728429986,
      "incr_op_margin_yoy": -0.224,
      "rev_growth_yoy": 0.44802867383512546,
      "rev_growth_yoy_accel": -0.292639302589236,
      "op_leverage_ratio": 0.5357284054533166,
      "fcf_margin_change": -0.27709708249122234
    },
    {
      "date": "2022-12-31T00:00:00",
      "quarter_label": "2022-12 (Q4)",
      "revenue": 2479000000,
      "gross_profit": null,
      "operating_income": 23000000,
      "net_income": 22000000,
      "opex": 2456000000,
      "cogs": null,
      "rd": null,
      "sga": null,
      "fcf": -715000000,
      "ocf": 9000000,
      "capex": -724000000,
      "gross_margin": null,
      "op_margin": 0.00927793465106898,
      "fcf_margin": -0.28842275110931825,
      "incr_op_margin_yoy": -0.027586206896551724,
      "rev_growth_yoy": 0.3054239073196419,
      "rev_growth_yoy_accel": -0.14260476651548354,
      "fcf_margin_change": -0.2385641938250184
    },
    {
      "date": "2023-03-31T00:00:00",
      "quarter_label": "2023-03 (Q1)",
      "revenue": 2196000000,
      "gross_profit": null,
      "operating_income": -186000000,
      "net_income": -142000000,
      "opex": 2382000000,
      "cogs": null,
      "rd": null,
      "sga": null,
      "fcf": 98000000,
      "ocf": 222000000,
      "capex": -124000000,
      "gross_margin": null,
      "op_margin": -0.08469945355191257,
      "fcf_margin": 0.044626593806921674,
      "incr_op_margin_yoy": 0.031067961165048542,
      "rev_growth_yoy": 0.30636525877453896,
      "rev_growth_yoy_accel": 0.0009413514548970436,
      "fcf_margin_change": 0.33304934491623994
    },
    {
      "date": "2023-06-30T00:00:00",
      "quarter_label": "2023-06 (Q2)",
      "revenue": 2838000000,
      "gross_profit": null,
      "operating_income": 337000000,
      "net_income": 240000000,
      "opex": 2501000000,
      "cogs": null,
      "rd": null,
      "sga": null,
      "fcf": 100000000,
      "ocf": 610000000,
      "capex": -510000000,
      "gross_margin": null,
      "op_margin": 0.11874559548978153,
      "fcf_margin": 0.035236081747709654,
      "incr_op_margin_yoy": 0.8333333333333334,
      "rev_growth_yoy": 0.06772009029345373,
      "rev_growth_yoy_accel": -0.23864516848108525,
      "op_leverage_ratio": 5.851907976305276,
      "fcf_margin_change": -0.009390512059212021
    },
    {
      "date": "2023-09-30T00:00:00",
      "quarter_label": "2023-09 (Q3)",
      "revenue": 2839000000,
      "gross_profit": null,
      "operating_income": 211000000,
      "net_income": 139000000,
      "opex": 2628000000,
      "cogs": null,
      "rd": null,
      "sga": null,
      "fcf": -86000000,
      "ocf": 271000000,
      "capex": -357000000,
      "gross_margin": null,
      "op_margin": 0.07432194434660092,
      "fcf_margin": -0.0302923564635435,
      "incr_op_margin_yoy": 13.545454545454545,
      "rev_growth_yoy": 0.0038896746817538895,
      "rev_growth_yoy_accel": -0.06383041561169985,
      "fcf_margin_change": -0.06552843821125315
    },
    {
      "date": "2023-12-31T00:00:00",
      "quarter_label": "2023-12 (Q4)",
      "revenue": 2553000000,
      "gross_profit": null,
      "operating_income": 32000000,
      "net_income": -2000000,
      "opex": 2521000000,
      "cogs": null,
      "rd": null,
      "sga": null,
      "fcf": -556000000,
      "ocf": -53000000,
      "capex": -503000000,
      "gross_margin": null,
      "op_margin": 0.01253427340383862,
      "fcf_margin": -0.21778300039169604,
      "incr_op_margin_yoy": 0.12162162162162163,
      "rev_growth_yoy": 0.029850746268656716,
      "rev_growth_yoy_accel": 0.025961071586902827,
      "fcf_margin_change": -0.18749064392815254
    },
    {
      "date": "2024-03-31T00:00:00",
      "quarter_label": "2024-03 (Q1)",
      "revenue": 2232000000,
      "gross_profit": null,
      "operating_income": -166000000,
      "net_income": -132000000,
      "opex": 2398000000,
      "cogs": null,
      "rd": null,
      "sga": null,
      "fcf": 235000000,
      "ocf": 292000000,
      "capex": -57000000,
      "gross_margin": null,
      "op_margin": -0.07437275985663082,
      "fcf_margin": 0.10528673835125447,
      "incr_op_margin_yoy": 0.5555555555555556,
      "rev_growth_yoy": 0.01639344262295082,
      "rev_growth_yoy_accel": -0.013457303645705895,
      "fcf_margin_change": 0.32306973874295053
    },
    {
      "date": "2024-06-30T00:00:00",
      "quarter_label": "2024-06 (Q2)",
      "revenue": 2897000000,
      "gross_profit": null,
      "operating_income": 322000000,
      "net_income": 220000000,
      "opex": 2575000000,
      "cogs": null,
      "rd": null,
      "sga": null,
      "fcf": 580000000,
      "ocf": 580000000,
      "capex": null,
      "gross_margin": null,
      "op_margin": 0.1111494649637556,
      "fcf_margin": 0.2002071108042803,
      "incr_op_margin_yoy": -0.2542372881355932,
      "rev_growth_yoy": 0.020789288231148697,
      "rev_growth_yoy_accel": 0.004395845608197876,
      "op_leverage_ratio": 4.036485227709941,
      "fcf_margin_change": 0.09492037245302583
    },
    {
      "date": "2024-09-30T00:00:00",
      "quarter_label": "2024-09 (Q3)",
      "revenue": 3072000000,
      "gross_profit": null,
      "operating_income": 341000000,
      "net_income": 236000000,
      "opex": 2731000000,
      "cogs": null,
      "rd": null,
      "sga": null,
      "fcf": 318000000,
      "ocf": 318000000,
      "capex": null,
      "gross_margin": null,
      "op_margin": 0.11100260416666667,
      "fcf_margin": 0.103515625,
      "incr_op_margin_yoy": 0.5579399141630901,
      "rev_growth_yoy": 0.08207115181401903,
      "rev_growth_yoy_accel": 0.06128186358287033,
      "op_leverage_ratio": 0.9971079719957869,
      "fcf_margin_change": -0.0966914858042803
    },
    {
      "date": "2024-12-31T00:00:00",
      "quarter_label": "2024-12 (Q4)",
      "revenue": 3534000000,
      "gross_profit": null,
      "operating_income": 73000000,
      "net_income": 71000000,
      "opex": 3461000000,
      "cogs": null,
      "rd": null,
      "sga": null,
      "fcf": 274000000,
      "ocf": 274000000,
      "capex": null,
      "gross_margin": null,
      "op_margin": 0.020656479909451048,
      "fcf_margin": 0.07753254102999434,
      "incr_op_margin_yoy": 0.0417940876656473,
      "rev_growth_yoy": 0.38425381903642775,
      "rev_growth_yoy_accel": 0.3021826672224087,
      "op_leverage_ratio": 0.5626257491438357,
      "fcf_margin_change": -0.025983083970005663
    },
    {
      "date": "2025-03-31T00:00:00",
      "quarter_label": "2025-03 (Q1)",
      "revenue": 3137000000,
      "gross_profit": null,
      "operating_income": -197000000,
      "net_income": -166000000,
      "opex": 3334000000,
      "cogs": null,
      "rd": null,
      "sga": null,
      "fcf": 459000000,
      "ocf": 459000000,
      "capex": null,
      "gross_margin": null,
      "op_margin": -0.06279885240675805,
      "fcf_margin": 0.14631813834874083,
      "incr_op_margin_yoy": -0.03425414364640884,
      "rev_growth_yoy": 0.40546594982078854,
      "rev_growth_yoy_accel": 0.021212130784360794,
      "fcf_margin_change": 0.06878559731874649
    },
    {
      "date": "2025-06-30T00:00:00",
      "quarter_label": "2025-06 (Q2)",
      "revenue": 3704000000,
      "gross_profit": null,
      "operating_income": 277000000,
      "net_income": 172000000,
      "opex": 3427000000,
      "cogs": null,
      "rd": null,
      "sga": null,
      "fcf": 376000000,
      "ocf": 376000000,
      "capex": null,
      "gross_margin": null,
      "op_margin": 0.0747840172786177,
      "fcf_margin": 0.10151187904967603,
      "incr_op_margin_yoy": -0.055762081784386616,
      "rev_growth_yoy": 0.27856403175699,
      "rev_growth_yoy_accel": -0.12690191806379852,
      "op_leverage_ratio": 6.479644616286364,
      "fcf_margin_change": -0.0448062592990648
    },
    {
      "date": "2025-09-30T00:00:00",
      "quarter_label": "2025-09 (Q3)",
      "revenue": 3766000000,
      "gross_profit": null,
      "operating_income": 148000000,
      "net_income": 73000000,
      "opex": 3618000000,
      "cogs": null,
      "rd": null,
      "sga": null,
      "fcf": 229000000,
      "ocf": 229000000,
      "capex": null,
      "gross_margin": null,
      "op_margin": 0.03929899097185342,
      "fcf_margin": 0.060807222517259694,
      "incr_op_margin_yoy": -0.2780979827089337,
      "rev_growth_yoy": 0.22591145833333334,
      "rev_growth_yoy_accel": -0.05265257342365667,
      "op_leverage_ratio": 0.30033188967919217,
      "fcf_margin_change": -0.04070465653241633
    }
  ],
  "signals": [
    {
      "quarter": "2025-09 (Q3)",
      "signal": "YoY REVENUE GROWTH DECELERATION",
      "detail": "YoY growth: +22.6% vs prior quarter YoY: +27.9% (decel: -5.3%)",
      "severity": "WARNING"
    },
    {
      "quarter": "2025-06 (Q2)",
      "signal": "OPERATING LEVERAGE",
      "detail": "Rev growth +18.1% vs OpEx growth +2.8% (leverage: 6.5x)",
      "severity": "MEDIUM"
    },
    {
      "quarter": "2025-06 (Q2)",
      "signal": "YoY REVENUE GROWTH DECELERATION",
      "detail": "YoY growth: +27.9% vs prior quarter YoY: +40.5% (decel: -12.7%)",
      "severity": "WARNING"
    },
    {
      "quarter": "2025-06 (Q2)",
      "signal": "OP MARGIN TURNED POSITIVE (QoQ)",
      "detail": "Op margin: -6.3% -> +7.5%",
      "severity": "HIGH"
    },
    {
      "quarter": "2025-03 (Q1)",
      "signal": "FCF MARGIN EXPANSION",
      "detail": "FCF margin: +7.8% -> +14.6% (+6.9%)",
      "severity": "MEDIUM"
    },
    {
      "quarter": "2024-12 (Q4)",
      "signal": "YoY REVENUE GROWTH ACCELERATION",
      "detail": "YoY growth: +38.4% vs prior quarter YoY: +8.2% (accel: +30.2%)",
      "severity": "HIGH"
    },
    {
      "quarter": "2024-09 (Q3)",
      "signal": "YoY REVENUE GROWTH ACCELERATION",
      "detail": "YoY growth: +8.2% vs prior quarter YoY: +2.1% (accel: +6.1%)",
      "severity": "MEDIUM"
    },
    {
      "quarter": "2024-09 (Q3)",
      "signal": "INCREMENTAL MARGIN (YoY)",
      "detail": "YoY Incr OPM: +55.8% vs year-ago OPM: +7.4%",
      "severity": "HIGH"
    },
    {
      "quarter": "2024-06 (Q2)",
      "signal": "FCF MARGIN EXPANSION",
      "detail": "FCF margin: +10.5% -> +20.0% (+9.5%)",
      "severity": "MEDIUM"
    },
    {
      "quarter": "2024-06 (Q2)",
      "signal": "OPERATING LEVERAGE",
      "detail": "Rev growth +29.8% vs OpEx growth +7.4% (leverage: 4.0x)",
      "severity": "MEDIUM"
    },
    {
      "quarter": "2024-06 (Q2)",
      "signal": "OP MARGIN TURNED POSITIVE (QoQ)",
      "detail": "Op margin: -7.4% -> +11.1%",
      "severity": "HIGH"
    },
    {
      "quarter": "2024-03 (Q1)",
      "signal": "FCF TURNED POSITIVE",
      "detail": "FCF margin: -21.8% -> +10.5%",
      "severity": "HIGH"
    },
    {
      "quarter": "2023-12 (Q4)",
      "signal": "INCREMENTAL MARGIN (YoY)",
      "detail": "YoY Incr OPM: +12.2% vs year-ago OPM: +0.9%",
      "severity": "MEDIUM"
    },
    {
      "quarter": "2023-09 (Q3)",
      "signal": "YoY REVENUE GROWTH DECELERATION",
      "detail": "YoY growth: +0.4% vs prior quarter YoY: +6.8% (decel: -6.4%)",
      "severity": "WARNING"
    },
    {
      "quarter": "2023-09 (Q3)",
      "signal": "INCREMENTAL MARGIN (YoY)",
      "detail": "YoY Incr OPM: +1354.5% vs year-ago OPM: +2.2%",
      "severity": "HIGH"
    },
    {
      "quarter": "2023-06 (Q2)",
      "signal": "OPERATING LEVERAGE",
      "detail": "Rev growth +29.2% vs OpEx growth +5.0% (leverage: 5.9x)",
      "severity": "MEDIUM"
    },
    {
      "quarter": "2023-06 (Q2)",
      "signal": "YoY REVENUE GROWTH DECELERATION",
      "detail": "YoY growth: +6.8% vs prior quarter YoY: +30.6% (decel: -23.9%)",
      "severity": "WARNING"
    },
    {
      "quarter": "2023-06 (Q2)",
      "signal": "INCREMENTAL MARGIN (YoY)",
      "detail": "YoY Incr OPM: +83.3% vs year-ago OPM: +7.0%",
      "severity": "HIGH"
    },
    {
      "quarter": "2023-06 (Q2)",
      "signal": "OP MARGIN TURNED POSITIVE (QoQ)",
      "detail": "Op margin: -8.5% -> +11.9%",
      "severity": "HIGH"
    },
    {
      "quarter": "2023-03 (Q1)",
      "signal": "FCF TURNED POSITIVE",
      "detail": "FCF margin: -28.8% -> +4.5%",
      "severity": "HIGH"
    },
    {
      "quarter": "2022-12 (Q4)",
      "signal": "YoY REVENUE GROWTH DECELERATION",
      "detail": "YoY growth: +30.5% vs prior quarter YoY: +44.8% (decel: -14.3%)",
      "severity": "WARNING"
    },
    {
      "quarter": "2022-09 (Q3)",
      "signal": "YoY REVENUE GROWTH DECELERATION",
      "detail": "YoY growth: +44.8% vs prior quarter YoY: +74.1% (decel: -29.3%)",
      "severity": "WARNING"
    },
    {
      "quarter": "2022-06 (Q2)",
      "signal": "FCF TURNED POSITIVE",
      "detail": "FCF margin: -0.1% -> +22.7%",
      "severity": "HIGH"
    },
    {
      "quarter": "2022-06 (Q2)",
      "signal": "OPERATING LEVERAGE",
      "detail": "Rev growth +58.1% vs OpEx growth +31.2% (leverage: 1.9x)",
      "severity": "MEDIUM"
    },
    {
      "quarter": "2022-06 (Q2)",
      "signal": "YoY REVENUE GROWTH DECELERATION",
      "detail": "YoY growth: +74.1% vs prior quarter YoY: +110.9% (decel: -36.8%)",
      "severity": "WARNING"
    },
    {
      "quarter": "2022-06 (Q2)",
      "signal": "OP MARGIN TURNED POSITIVE (QoQ)",
      "detail": "Op margin: -12.0% -> +7.0%",
      "severity": "HIGH"
    },
    {
      "quarter": "2022-03 (Q1)",
      "signal": "YoY REVENUE GROWTH DECELERATION",
      "detail": "YoY growth: +110.9% vs prior quarter YoY: +135.0% (decel: -24.1%)",
      "severity": "WARNING"
    },
    {
      "quarter": "2021-12 (Q4)",
      "signal": "FCF TURNED POSITIVE",
      "detail": "FCF margin: -9.9% -> +1.4%",
      "severity": "HIGH"
    },
    {
      "quarter": "2021-12 (Q4)",
      "signal": "OP MARGIN TURNED POSITIVE (YoY)",
      "detail": "Op margin: -73.6% (year-ago) -> +2.1%",
      "severity": "HIGH"
    },
    {
      "quarter": "2021-06 (Q2)",
      "signal": "FCF MARGIN EXPANSION",
      "detail": "FCF margin: +17.6% -> +50.1% (+32.5%)",
      "severity": "MEDIUM"
    },
    {
      "quarter": "2021-06 (Q2)",
      "signal": "OPERATING LEVERAGE",
      "detail": "Rev growth +91.6% vs OpEx growth +2.1% (leverage: 43.9x)",
      "severity": "MEDIUM"
    },
    {
      "quarter": "2021-06 (Q2)",
      "signal": "OP MARGIN TURNED POSITIVE (QoQ)",
      "detail": "Op margin: -20.2% -> +36.0%",
      "severity": "HIGH"
    },
    {
      "quarter": "2021-03 (Q1)",
      "signal": "FCF TURNED POSITIVE",
      "detail": "FCF margin: -45.5% -> +17.6%",
      "severity": "HIGH"
    }
  ],
  "data_quality": {
    "n_quarters": 20,
    "coverage": {
      "revenue": [
        20,
        20
      ],
      "gross_profit": [
        0,
        20
      ],
      "op_income": [
        20,
        20
      ],
      "fcf": [
        20,
        20
      ]
    },
    "gaps": [],
    "warnings": [
      "gross_profit: no data"
    ]
  },
  "market_cap": null,
  "source": "SEC EDGAR",
  "last_updated": "2026-02-02T20:56:39.488325"
}