{
  "ticker": "ALL-PI",
  "name": "ALLSTATE CORP",
  "quarters": [
    {
      "date": "2020-12-31T00:00:00",
      "quarter_label": "2020-12 (Q4)",
      "revenue": 12018000000,
      "gross_profit": null,
      "operating_income": null,
      "net_income": 2624000000,
      "opex": null,
      "cogs": null,
      "rd": null,
      "sga": null,
      "fcf": 1246000000,
      "ocf": 1319000000,
      "capex": -73000000,
      "gross_margin": null,
      "op_margin": null,
      "fcf_margin": 0.10367781660842071
    },
    {
      "date": "2021-03-31T00:00:00",
      "quarter_label": "2021-03 (Q1)",
      "revenue": 12451000000,
      "gross_profit": null,
      "operating_income": null,
      "net_income": -1381000000,
      "opex": null,
      "cogs": null,
      "rd": null,
      "sga": null,
      "fcf": 1327000000,
      "ocf": 1388000000,
      "capex": -61000000,
      "gross_margin": null,
      "op_margin": null,
      "fcf_margin": 0.10657778491687414,
      "fcf_margin_change": 0.0028999683084534322
    },
    {
      "date": "2021-06-30T00:00:00",
      "quarter_label": "2021-06 (Q2)",
      "revenue": 12646000000,
      "gross_profit": null,
      "operating_income": null,
      "net_income": 1625000000,
      "opex": null,
      "cogs": null,
      "rd": null,
      "sga": null,
      "fcf": 1392000000,
      "ocf": 1528000000,
      "capex": -136000000,
      "gross_margin": null,
      "op_margin": null,
      "fcf_margin": 0.11007433180452317,
      "fcf_margin_change": 0.003496546887649027
    },
    {
      "date": "2021-09-30T00:00:00",
      "quarter_label": "2021-09 (Q3)",
      "revenue": 12480000000,
      "gross_profit": null,
      "operating_income": null,
      "net_income": 538000000,
      "opex": null,
      "cogs": null,
      "rd": null,
      "sga": null,
      "fcf": 1240000000,
      "ocf": 1329000000,
      "capex": -89000000,
      "gross_margin": null,
      "op_margin": null,
      "fcf_margin": 0.09935897435897435,
      "fcf_margin_change": -0.010715357445548815
    },
    {
      "date": "2021-12-31T00:00:00",
      "quarter_label": "2021-12 (Q4)",
      "revenue": 13011000000,
      "gross_profit": null,
      "operating_income": null,
      "net_income": 817000000,
      "opex": null,
      "cogs": null,
      "rd": null,
      "sga": null,
      "fcf": 812000000,
      "ocf": 871000000,
      "capex": -59000000,
      "gross_margin": null,
      "op_margin": null,
      "fcf_margin": 0.06240873107370686,
      "rev_growth_yoy": 0.08262606090863704,
      "fcf_margin_change": -0.03695024328526749
    },
    {
      "date": "2022-03-31T00:00:00",
      "quarter_label": "2022-03 (Q1)",
      "revenue": 12337000000,
      "gross_profit": null,
      "operating_income": null,
      "net_income": 656000000,
      "opex": null,
      "cogs": null,
      "rd": null,
      "sga": null,
      "fcf": 302000000,
      "ocf": 432000000,
      "capex": -130000000,
      "gross_margin": null,
      "op_margin": null,
      "fcf_margin": 0.024479208883845343,
      "rev_growth_yoy": -0.009155891093084893,
      "rev_growth_yoy_accel": -0.09178195200172193,
      "fcf_margin_change": -0.03792952218986152
    },
    {
      "date": "2022-06-30T00:00:00",
      "quarter_label": "2022-06 (Q2)",
      "revenue": 12220000000,
      "gross_profit": null,
      "operating_income": null,
      "net_income": -1015000000,
      "opex": null,
      "cogs": null,
      "rd": null,
      "sga": null,
      "fcf": 1575000000,
      "ocf": 1673000000,
      "capex": -98000000,
      "gross_margin": null,
      "op_margin": null,
      "fcf_margin": 0.12888707037643207,
      "rev_growth_yoy": -0.03368654119879804,
      "rev_growth_yoy_accel": -0.024530650105713148,
      "fcf_margin_change": 0.10440786149258673
    },
    {
      "date": "2022-09-30T00:00:00",
      "quarter_label": "2022-09 (Q3)",
      "revenue": 13208000000,
      "gross_profit": null,
      "operating_income": null,
      "net_income": -668000000,
      "opex": null,
      "cogs": null,
      "rd": null,
      "sga": null,
      "fcf": 1922000000,
      "ocf": 2046000000,
      "capex": -124000000,
      "gross_margin": null,
      "op_margin": null,
      "fcf_margin": 0.14551786795881283,
      "rev_growth_yoy": 0.058333333333333334,
      "rev_growth_yoy_accel": 0.09201987453213137,
      "fcf_margin_change": 0.016630797582380757
    },
    {
      "date": "2022-12-31T00:00:00",
      "quarter_label": "2022-12 (Q4)",
      "revenue": 13647000000,
      "gross_profit": null,
      "operating_income": null,
      "net_income": -284000000,
      "opex": null,
      "cogs": null,
      "rd": null,
      "sga": null,
      "fcf": 902000000,
      "ocf": 970000000,
      "capex": -68000000,
      "gross_margin": null,
      "op_margin": null,
      "fcf_margin": 0.0660951124789331,
      "rev_growth_yoy": 0.0488817154715241,
      "rev_growth_yoy_accel": -0.009451617861809238,
      "fcf_margin_change": -0.07942275547987973
    },
    {
      "date": "2023-03-31T00:00:00",
      "quarter_label": "2023-03 (Q1)",
      "revenue": 13786000000,
      "gross_profit": null,
      "operating_income": null,
      "net_income": -320000000,
      "opex": null,
      "cogs": null,
      "rd": null,
      "sga": null,
      "fcf": 522000000,
      "ocf": 601000000,
      "capex": -79000000,
      "gross_margin": null,
      "op_margin": null,
      "fcf_margin": 0.03786450021761207,
      "rev_growth_yoy": 0.1174515684526222,
      "rev_growth_yoy_accel": 0.0685698529810981,
      "fcf_margin_change": -0.02823061226132103
    },
    {
      "date": "2023-06-30T00:00:00",
      "quarter_label": "2023-06 (Q2)",
      "revenue": 13979000000,
      "gross_profit": null,
      "operating_income": null,
      "net_income": -1352000000,
      "opex": null,
      "cogs": null,
      "rd": null,
      "sga": null,
      "fcf": 1107000000,
      "ocf": 1169000000,
      "capex": -62000000,
      "gross_margin": null,
      "op_margin": null,
      "fcf_margin": 0.07919021389226698,
      "rev_growth_yoy": 0.1439443535188216,
      "rev_growth_yoy_accel": 0.026492785066199398,
      "fcf_margin_change": 0.04132571367465491
    },
    {
      "date": "2023-09-30T00:00:00",
      "quarter_label": "2023-09 (Q3)",
      "revenue": 14497000000,
      "gross_profit": null,
      "operating_income": null,
      "net_income": -5000000,
      "opex": null,
      "cogs": null,
      "rd": null,
      "sga": null,
      "fcf": 1178000000,
      "ocf": 1233000000,
      "capex": -55000000,
      "gross_margin": null,
      "op_margin": null,
      "fcf_margin": 0.08125819134993446,
      "rev_growth_yoy": 0.0975923682616596,
      "rev_growth_yoy_accel": -0.046351985257162,
      "fcf_margin_change": 0.002067977457667486
    },
    {
      "date": "2023-12-31T00:00:00",
      "quarter_label": "2023-12 (Q4)",
      "revenue": 14832000000,
      "gross_profit": null,
      "operating_income": null,
      "net_income": 1489000000,
      "opex": null,
      "cogs": null,
      "rd": null,
      "sga": null,
      "fcf": 1154000000,
      "ocf": 1225000000,
      "capex": -71000000,
      "gross_margin": null,
      "op_margin": null,
      "fcf_margin": 0.07780474649406688,
      "rev_growth_yoy": 0.08683227082875357,
      "rev_growth_yoy_accel": -0.010760097432906027,
      "fcf_margin_change": -0.003453444855867585
    },
    {
      "date": "2024-03-31T00:00:00",
      "quarter_label": "2024-03 (Q1)",
      "revenue": 15259000000,
      "gross_profit": null,
      "operating_income": null,
      "net_income": 1218000000,
      "opex": null,
      "cogs": null,
      "rd": null,
      "sga": null,
      "fcf": 1625000000,
      "ocf": 1666000000,
      "capex": -41000000,
      "gross_margin": null,
      "op_margin": null,
      "fcf_margin": 0.10649452781964742,
      "rev_growth_yoy": 0.10684752647613521,
      "rev_growth_yoy_accel": 0.020015255647381644,
      "fcf_margin_change": 0.028689781325580546
    },
    {
      "date": "2024-06-30T00:00:00",
      "quarter_label": "2024-06 (Q2)",
      "revenue": 15714000000,
      "gross_profit": null,
      "operating_income": null,
      "net_income": 331000000,
      "opex": null,
      "cogs": null,
      "rd": null,
      "sga": null,
      "fcf": 2303000000,
      "ocf": 2359000000,
      "capex": -56000000,
      "gross_margin": null,
      "op_margin": null,
      "fcf_margin": 0.1465572101310933,
      "rev_growth_yoy": 0.12411474354388725,
      "rev_growth_yoy_accel": 0.01726721706775204,
      "fcf_margin_change": 0.04006268231144587
    },
    {
      "date": "2024-09-30T00:00:00",
      "quarter_label": "2024-09 (Q3)",
      "revenue": 16627000000,
      "gross_profit": null,
      "operating_income": null,
      "net_income": 1190000000,
      "opex": null,
      "cogs": null,
      "rd": null,
      "sga": null,
      "fcf": 3138000000,
      "ocf": 3201000000,
      "capex": -63000000,
      "gross_margin": null,
      "op_margin": null,
      "fcf_margin": 0.18872917543754134,
      "rev_growth_yoy": 0.14692695040353176,
      "rev_growth_yoy_accel": 0.02281220685964451,
      "fcf_margin_change": 0.04217196530644804
    },
    {
      "date": "2024-12-31T00:00:00",
      "quarter_label": "2024-12 (Q4)",
      "revenue": 16506000000,
      "gross_profit": null,
      "operating_income": null,
      "net_income": 1928000000,
      "opex": null,
      "cogs": null,
      "rd": null,
      "sga": null,
      "fcf": 1655000000,
      "ocf": 1705000000,
      "capex": -50000000,
      "gross_margin": null,
      "op_margin": null,
      "fcf_margin": 0.10026656973221859,
      "rev_growth_yoy": 0.11286407766990292,
      "rev_growth_yoy_accel": -0.034062872733628846,
      "fcf_margin_change": -0.08846260570532274
    },
    {
      "date": "2025-03-31T00:00:00",
      "quarter_label": "2025-03 (Q1)",
      "revenue": 16452000000,
      "gross_profit": null,
      "operating_income": null,
      "net_income": 595000000,
      "opex": null,
      "cogs": null,
      "rd": null,
      "sga": null,
      "fcf": 1872000000,
      "ocf": 1964000000,
      "capex": -92000000,
      "gross_margin": null,
      "op_margin": null,
      "fcf_margin": 0.1137855579868709,
      "rev_growth_yoy": 0.07818336719313192,
      "rev_growth_yoy_accel": -0.034680710476771,
      "fcf_margin_change": 0.013518988254652309
    },
    {
      "date": "2025-06-30T00:00:00",
      "quarter_label": "2025-06 (Q2)",
      "revenue": 16633000000,
      "gross_profit": null,
      "operating_income": null,
      "net_income": 2109000000,
      "opex": null,
      "cogs": null,
      "rd": null,
      "sga": null,
      "fcf": 1874000000,
      "ocf": 1873000000,
      "capex": 1000000,
      "gross_margin": null,
      "op_margin": null,
      "fcf_margin": 0.11266758852882823,
      "rev_growth_yoy": 0.058482881506936486,
      "rev_growth_yoy_accel": -0.01970048568619543,
      "fcf_margin_change": -0.0011179694580426697
    },
    {
      "date": "2025-09-30T00:00:00",
      "quarter_label": "2025-09 (Q3)",
      "revenue": 17255000000,
      "gross_profit": null,
      "operating_income": null,
      "net_income": 3746000000,
      "opex": null,
      "cogs": null,
      "rd": null,
      "sga": null,
      "fcf": 3236000000,
      "ocf": 3284000000,
      "capex": -48000000,
      "gross_margin": null,
      "op_margin": null,
      "fcf_margin": 0.18753984352361636,
      "rev_growth_yoy": 0.03776989234377819,
      "rev_growth_yoy_accel": -0.020712989163158294,
      "fcf_margin_change": 0.07487225499478813
    }
  ],
  "signals": [
    {
      "quarter": "2025-09 (Q3)",
      "signal": "FCF MARGIN EXPANSION",
      "detail": "FCF margin: +11.3% -> +18.8% (+7.5%)",
      "severity": "MEDIUM"
    },
    {
      "quarter": "2023-03 (Q1)",
      "signal": "YoY REVENUE GROWTH ACCELERATION",
      "detail": "YoY growth: +11.7% vs prior quarter YoY: +4.9% (accel: +6.9%)",
      "severity": "MEDIUM"
    },
    {
      "quarter": "2022-09 (Q3)",
      "signal": "YoY REVENUE GROWTH ACCELERATION",
      "detail": "YoY growth: +5.8% vs prior quarter YoY: -3.4% (accel: +9.2%)",
      "severity": "MEDIUM"
    },
    {
      "quarter": "2022-06 (Q2)",
      "signal": "FCF MARGIN EXPANSION",
      "detail": "FCF margin: +2.4% -> +12.9% (+10.4%)",
      "severity": "MEDIUM"
    },
    {
      "quarter": "2022-03 (Q1)",
      "signal": "YoY REVENUE GROWTH DECELERATION",
      "detail": "YoY growth: -0.9% vs prior quarter YoY: +8.3% (decel: -9.2%)",
      "severity": "WARNING"
    }
  ],
  "data_quality": {
    "n_quarters": 20,
    "coverage": {
      "revenue": [
        20,
        20
      ],
      "gross_profit": [
        0,
        20
      ],
      "op_income": [
        0,
        20
      ],
      "fcf": [
        20,
        20
      ]
    },
    "gaps": [],
    "warnings": [
      "gross_profit: no data",
      "op_income: no data"
    ]
  },
  "market_cap": null,
  "source": "SEC EDGAR",
  "last_updated": "2026-02-03T01:07:28.109971"
}