{
  "ticker": "ALLY",
  "name": "ALLY FINANCIAL INC.",
  "quarters": [
    {
      "date": "2020-12-31T00:00:00",
      "quarter_label": "2020-12 (Q4)",
      "revenue": 1981000000,
      "gross_profit": null,
      "operating_income": null,
      "net_income": 687000000,
      "opex": null,
      "cogs": null,
      "rd": null,
      "sga": null,
      "fcf": 1135000000,
      "ocf": 1135000000,
      "capex": null,
      "gross_margin": null,
      "op_margin": null,
      "fcf_margin": 0.5729429581019687
    },
    {
      "date": "2021-03-31T00:00:00",
      "quarter_label": "2021-03 (Q1)",
      "revenue": 1937000000,
      "gross_profit": null,
      "operating_income": null,
      "net_income": 796000000,
      "opex": null,
      "cogs": null,
      "rd": null,
      "sga": null,
      "fcf": 1170000000,
      "ocf": 1170000000,
      "capex": null,
      "gross_margin": null,
      "op_margin": null,
      "fcf_margin": 0.6040268456375839,
      "fcf_margin_change": 0.031083887535615196
    },
    {
      "date": "2021-06-30T00:00:00",
      "quarter_label": "2021-06 (Q2)",
      "revenue": 2085000000,
      "gross_profit": null,
      "operating_income": null,
      "net_income": 900000000,
      "opex": null,
      "cogs": null,
      "rd": null,
      "sga": null,
      "fcf": 452000000,
      "ocf": 452000000,
      "capex": null,
      "gross_margin": null,
      "op_margin": null,
      "fcf_margin": 0.21678657074340527,
      "fcf_margin_change": -0.38724027489417867
    },
    {
      "date": "2021-09-30T00:00:00",
      "quarter_label": "2021-09 (Q3)",
      "revenue": 1985000000,
      "gross_profit": null,
      "operating_income": null,
      "net_income": 712000000,
      "opex": null,
      "cogs": null,
      "rd": null,
      "sga": null,
      "fcf": 1461000000,
      "ocf": 1461000000,
      "capex": null,
      "gross_margin": null,
      "op_margin": null,
      "fcf_margin": 0.7360201511335013,
      "fcf_margin_change": 0.519233580390096
    },
    {
      "date": "2021-12-31T00:00:00",
      "quarter_label": "2021-12 (Q4)",
      "revenue": 2199000000,
      "gross_profit": null,
      "operating_income": null,
      "net_income": 652000000,
      "opex": null,
      "cogs": null,
      "rd": null,
      "sga": null,
      "fcf": 959000000,
      "ocf": 959000000,
      "capex": null,
      "gross_margin": null,
      "op_margin": null,
      "fcf_margin": 0.43610732150977716,
      "rev_growth_yoy": 0.11004543160020192,
      "fcf_margin_change": -0.2999128296237241
    },
    {
      "date": "2022-03-31T00:00:00",
      "quarter_label": "2022-03 (Q1)",
      "revenue": 2135000000,
      "gross_profit": null,
      "operating_income": null,
      "net_income": 655000000,
      "opex": null,
      "cogs": null,
      "rd": null,
      "sga": null,
      "fcf": 1641000000,
      "ocf": 1641000000,
      "capex": null,
      "gross_margin": null,
      "op_margin": null,
      "fcf_margin": 0.7686182669789228,
      "rev_growth_yoy": 0.10221992772328342,
      "rev_growth_yoy_accel": -0.007825503876918494,
      "fcf_margin_change": 0.3325109454691456
    },
    {
      "date": "2022-06-30T00:00:00",
      "quarter_label": "2022-06 (Q2)",
      "revenue": 2076000000,
      "gross_profit": null,
      "operating_income": null,
      "net_income": 482000000,
      "opex": null,
      "cogs": null,
      "rd": null,
      "sga": null,
      "fcf": 1831000000,
      "ocf": 1831000000,
      "capex": null,
      "gross_margin": null,
      "op_margin": null,
      "fcf_margin": 0.8819845857418112,
      "rev_growth_yoy": -0.004316546762589928,
      "rev_growth_yoy_accel": -0.10653647448587335,
      "fcf_margin_change": 0.11336631876288839
    },
    {
      "date": "2022-09-30T00:00:00",
      "quarter_label": "2022-09 (Q3)",
      "revenue": 2016000000,
      "gross_profit": null,
      "operating_income": null,
      "net_income": 299000000,
      "opex": null,
      "cogs": null,
      "rd": null,
      "sga": null,
      "fcf": 1602000000,
      "ocf": 1602000000,
      "capex": null,
      "gross_margin": null,
      "op_margin": null,
      "fcf_margin": 0.7946428571428571,
      "rev_growth_yoy": 0.015617128463476071,
      "rev_growth_yoy_accel": 0.019933675226065997,
      "fcf_margin_change": -0.08734172859895406
    },
    {
      "date": "2022-12-31T00:00:00",
      "quarter_label": "2022-12 (Q4)",
      "revenue": 2201000000,
      "gross_profit": null,
      "operating_income": null,
      "net_income": 278000000,
      "opex": null,
      "cogs": null,
      "rd": null,
      "sga": null,
      "fcf": 1173000000,
      "ocf": 1173000000,
      "capex": null,
      "gross_margin": null,
      "op_margin": null,
      "fcf_margin": 0.5329395729213994,
      "rev_growth_yoy": 0.0009095043201455207,
      "rev_growth_yoy_accel": -0.01470762414333055,
      "fcf_margin_change": -0.2617032842214577
    },
    {
      "date": "2023-03-31T00:00:00",
      "quarter_label": "2023-03 (Q1)",
      "revenue": 2100000000,
      "gross_profit": null,
      "operating_income": null,
      "net_income": 319000000,
      "opex": null,
      "cogs": null,
      "rd": null,
      "sga": null,
      "fcf": 1413000000,
      "ocf": 1413000000,
      "capex": null,
      "gross_margin": null,
      "op_margin": null,
      "fcf_margin": 0.6728571428571428,
      "rev_growth_yoy": -0.01639344262295082,
      "rev_growth_yoy_accel": -0.01730294694309634,
      "fcf_margin_change": 0.13991756993574345
    },
    {
      "date": "2023-06-30T00:00:00",
      "quarter_label": "2023-06 (Q2)",
      "revenue": 2079000000,
      "gross_profit": null,
      "operating_income": null,
      "net_income": 329000000,
      "opex": null,
      "cogs": null,
      "rd": null,
      "sga": null,
      "fcf": 1562000000,
      "ocf": 1562000000,
      "capex": null,
      "gross_margin": null,
      "op_margin": null,
      "fcf_margin": 0.7513227513227513,
      "rev_growth_yoy": 0.001445086705202312,
      "rev_growth_yoy_accel": 0.017838529328153132,
      "fcf_margin_change": 0.07846560846560846
    },
    {
      "date": "2023-09-30T00:00:00",
      "quarter_label": "2023-09 (Q3)",
      "revenue": 1968000000,
      "gross_profit": null,
      "operating_income": null,
      "net_income": 296000000,
      "opex": null,
      "cogs": null,
      "rd": null,
      "sga": null,
      "fcf": 1634000000,
      "ocf": 1634000000,
      "capex": null,
      "gross_margin": null,
      "op_margin": null,
      "fcf_margin": 0.8302845528455285,
      "rev_growth_yoy": -0.023809523809523808,
      "rev_growth_yoy_accel": -0.02525461051472612,
      "fcf_margin_change": 0.07896180152277721
    },
    {
      "date": "2023-12-31T00:00:00",
      "quarter_label": "2023-12 (Q4)",
      "revenue": 2067000000,
      "gross_profit": null,
      "operating_income": null,
      "net_income": 62000000,
      "opex": null,
      "cogs": null,
      "rd": null,
      "sga": null,
      "fcf": -52000000,
      "ocf": -52000000,
      "capex": null,
      "gross_margin": null,
      "op_margin": null,
      "fcf_margin": -0.025157232704402517,
      "rev_growth_yoy": -0.06088141753748296,
      "rev_growth_yoy_accel": -0.03707189372795915,
      "fcf_margin_change": -0.855441785549931
    },
    {
      "date": "2024-03-31T00:00:00",
      "quarter_label": "2024-03 (Q1)",
      "revenue": 1986000000,
      "gross_profit": null,
      "operating_income": null,
      "net_income": 157000000,
      "opex": null,
      "cogs": null,
      "rd": null,
      "sga": null,
      "fcf": 1266000000,
      "ocf": 1266000000,
      "capex": null,
      "gross_margin": null,
      "op_margin": null,
      "fcf_margin": 0.6374622356495468,
      "rev_growth_yoy": -0.054285714285714284,
      "rev_growth_yoy_accel": 0.006595703251768677,
      "fcf_margin_change": 0.6626194683539494
    },
    {
      "date": "2024-06-30T00:00:00",
      "quarter_label": "2024-06 (Q2)",
      "revenue": 2000000000,
      "gross_profit": null,
      "operating_income": null,
      "net_income": 294000000,
      "opex": null,
      "cogs": null,
      "rd": null,
      "sga": null,
      "fcf": 1454000000,
      "ocf": 1454000000,
      "capex": null,
      "gross_margin": null,
      "op_margin": null,
      "fcf_margin": 0.727,
      "rev_growth_yoy": -0.037999037999038,
      "rev_growth_yoy_accel": 0.016286676286676287,
      "fcf_margin_change": 0.08953776435045313
    },
    {
      "date": "2024-09-30T00:00:00",
      "quarter_label": "2024-09 (Q3)",
      "revenue": 2103000000,
      "gross_profit": null,
      "operating_income": null,
      "net_income": 357000000,
      "opex": null,
      "cogs": null,
      "rd": null,
      "sga": null,
      "fcf": 857000000,
      "ocf": 857000000,
      "capex": null,
      "gross_margin": null,
      "op_margin": null,
      "fcf_margin": 0.40751307655729907,
      "rev_growth_yoy": 0.06859756097560976,
      "rev_growth_yoy_accel": 0.10659659897464777,
      "fcf_margin_change": -0.3194869234427009
    },
    {
      "date": "2024-12-31T00:00:00",
      "quarter_label": "2024-12 (Q4)",
      "revenue": 2092000000,
      "gross_profit": null,
      "operating_income": null,
      "net_income": 108000000,
      "opex": null,
      "cogs": null,
      "rd": null,
      "sga": null,
      "fcf": 951000000,
      "ocf": 951000000,
      "capex": null,
      "gross_margin": null,
      "op_margin": null,
      "fcf_margin": 0.4545889101338432,
      "rev_growth_yoy": 0.012094823415578132,
      "rev_growth_yoy_accel": -0.05650273756003163,
      "fcf_margin_change": 0.04707583357654416
    },
    {
      "date": "2025-03-31T00:00:00",
      "quarter_label": "2025-03 (Q1)",
      "revenue": 1541000000,
      "gross_profit": null,
      "operating_income": null,
      "net_income": -225000000,
      "opex": null,
      "cogs": null,
      "rd": null,
      "sga": null,
      "fcf": 940000000,
      "ocf": 940000000,
      "capex": null,
      "gross_margin": null,
      "op_margin": null,
      "fcf_margin": 0.6099935107073329,
      "rev_growth_yoy": -0.22406847935548843,
      "rev_growth_yoy_accel": -0.23616330277106656,
      "fcf_margin_change": 0.15540460057348965
    },
    {
      "date": "2025-06-30T00:00:00",
      "quarter_label": "2025-06 (Q2)",
      "revenue": 2082000000,
      "gross_profit": null,
      "operating_income": null,
      "net_income": 352000000,
      "opex": null,
      "cogs": null,
      "rd": null,
      "sga": null,
      "fcf": 947000000,
      "ocf": 947000000,
      "capex": null,
      "gross_margin": null,
      "op_margin": null,
      "fcf_margin": 0.4548511047070125,
      "rev_growth_yoy": 0.041,
      "rev_growth_yoy_accel": 0.26506847935548844,
      "fcf_margin_change": -0.15514240600032037
    },
    {
      "date": "2025-09-30T00:00:00",
      "quarter_label": "2025-09 (Q3)",
      "revenue": 2168000000,
      "gross_profit": null,
      "operating_income": null,
      "net_income": 398000000,
      "opex": null,
      "cogs": null,
      "rd": null,
      "sga": null,
      "fcf": 1202000000,
      "ocf": 1202000000,
      "capex": null,
      "gross_margin": null,
      "op_margin": null,
      "fcf_margin": 0.5544280442804428,
      "rev_growth_yoy": 0.030908226343319068,
      "rev_growth_yoy_accel": -0.010091773656680934,
      "fcf_margin_change": 0.09957693957343028
    }
  ],
  "signals": [
    {
      "quarter": "2025-09 (Q3)",
      "signal": "FCF MARGIN EXPANSION",
      "detail": "FCF margin: +45.5% -> +55.4% (+10.0%)",
      "severity": "MEDIUM"
    },
    {
      "quarter": "2025-06 (Q2)",
      "signal": "YoY REVENUE GROWTH ACCELERATION",
      "detail": "YoY growth: +4.1% vs prior quarter YoY: -22.4% (accel: +26.5%)",
      "severity": "HIGH"
    },
    {
      "quarter": "2025-03 (Q1)",
      "signal": "FCF MARGIN EXPANSION",
      "detail": "FCF margin: +45.5% -> +61.0% (+15.5%)",
      "severity": "MEDIUM"
    },
    {
      "quarter": "2025-03 (Q1)",
      "signal": "YoY REVENUE GROWTH DECELERATION",
      "detail": "YoY growth: -22.4% vs prior quarter YoY: +1.2% (decel: -23.6%)",
      "severity": "WARNING"
    },
    {
      "quarter": "2024-12 (Q4)",
      "signal": "YoY REVENUE GROWTH DECELERATION",
      "detail": "YoY growth: +1.2% vs prior quarter YoY: +6.9% (decel: -5.7%)",
      "severity": "WARNING"
    },
    {
      "quarter": "2024-09 (Q3)",
      "signal": "YoY REVENUE GROWTH ACCELERATION",
      "detail": "YoY growth: +6.9% vs prior quarter YoY: -3.8% (accel: +10.7%)",
      "severity": "MEDIUM"
    },
    {
      "quarter": "2024-06 (Q2)",
      "signal": "FCF MARGIN EXPANSION",
      "detail": "FCF margin: +63.7% -> +72.7% (+9.0%)",
      "severity": "MEDIUM"
    },
    {
      "quarter": "2024-03 (Q1)",
      "signal": "FCF TURNED POSITIVE",
      "detail": "FCF margin: -2.5% -> +63.7%",
      "severity": "HIGH"
    },
    {
      "quarter": "2023-09 (Q3)",
      "signal": "FCF MARGIN EXPANSION",
      "detail": "FCF margin: +75.1% -> +83.0% (+7.9%)",
      "severity": "MEDIUM"
    },
    {
      "quarter": "2023-06 (Q2)",
      "signal": "FCF MARGIN EXPANSION",
      "detail": "FCF margin: +67.3% -> +75.1% (+7.8%)",
      "severity": "MEDIUM"
    },
    {
      "quarter": "2023-03 (Q1)",
      "signal": "FCF MARGIN EXPANSION",
      "detail": "FCF margin: +53.3% -> +67.3% (+14.0%)",
      "severity": "MEDIUM"
    },
    {
      "quarter": "2022-06 (Q2)",
      "signal": "FCF MARGIN EXPANSION",
      "detail": "FCF margin: +76.9% -> +88.2% (+11.3%)",
      "severity": "MEDIUM"
    },
    {
      "quarter": "2022-06 (Q2)",
      "signal": "YoY REVENUE GROWTH DECELERATION",
      "detail": "YoY growth: -0.4% vs prior quarter YoY: +10.2% (decel: -10.7%)",
      "severity": "WARNING"
    },
    {
      "quarter": "2022-03 (Q1)",
      "signal": "FCF MARGIN EXPANSION",
      "detail": "FCF margin: +43.6% -> +76.9% (+33.3%)",
      "severity": "MEDIUM"
    },
    {
      "quarter": "2021-09 (Q3)",
      "signal": "FCF MARGIN EXPANSION",
      "detail": "FCF margin: +21.7% -> +73.6% (+51.9%)",
      "severity": "MEDIUM"
    }
  ],
  "data_quality": {
    "n_quarters": 20,
    "coverage": {
      "revenue": [
        20,
        20
      ],
      "gross_profit": [
        0,
        20
      ],
      "op_income": [
        0,
        20
      ],
      "fcf": [
        20,
        20
      ]
    },
    "gaps": [],
    "warnings": [
      "gross_profit: no data",
      "op_income: no data"
    ]
  },
  "market_cap": null,
  "source": "SEC EDGAR",
  "last_updated": "2026-02-02T20:30:03.846342",
  "sector": "Financial Services",
  "industry": "Credit Services"
}