{
  "ticker": "ALNT",
  "name": "ALLIENT INC",
  "quarters": [
    {
      "date": "2020-12-31T00:00:00",
      "quarter_label": "2020-12 (Q4)",
      "revenue": 92998000,
      "gross_profit": 25933000,
      "operating_income": 4771000,
      "net_income": null,
      "opex": 21162000,
      "cogs": 67065000,
      "rd": null,
      "sga": null,
      "fcf": 7007000,
      "ocf": 9818000,
      "capex": -2811000,
      "gross_margin": 0.27885545925718835,
      "op_margin": 0.05130217854147401,
      "fcf_margin": 0.07534570635927654
    },
    {
      "date": "2021-03-31T00:00:00",
      "quarter_label": "2021-03 (Q1)",
      "revenue": 101677000,
      "gross_profit": 30068000,
      "operating_income": 6612000,
      "net_income": null,
      "opex": 23456000,
      "cogs": 71609000,
      "rd": null,
      "sga": null,
      "fcf": 2491000,
      "ocf": 5567000,
      "capex": -3076000,
      "gross_margin": 0.29572076280771464,
      "op_margin": 0.06502945602250262,
      "fcf_margin": 0.024499149266795833,
      "op_leverage_ratio": 0.860913218540403,
      "fcf_margin_change": -0.050846557092480704
    },
    {
      "date": "2021-06-30T00:00:00",
      "quarter_label": "2021-06 (Q2)",
      "revenue": 101537000,
      "gross_profit": 31217000,
      "operating_income": 6734000,
      "net_income": null,
      "opex": 24483000,
      "cogs": 70320000,
      "rd": null,
      "sga": null,
      "fcf": 8095000,
      "ocf": 10904000,
      "capex": -2809000,
      "gross_margin": 0.30744457685375776,
      "op_margin": 0.06632065158513645,
      "fcf_margin": 0.07972463240001182,
      "fcf_margin_change": 0.055225483133215986
    },
    {
      "date": "2021-09-30T00:00:00",
      "quarter_label": "2021-09 (Q3)",
      "revenue": 103509000,
      "gross_profit": 32021000,
      "operating_income": 8670000,
      "net_income": null,
      "opex": 23351000,
      "cogs": 71488000,
      "rd": null,
      "sga": null,
      "fcf": -427000,
      "ocf": 3449000,
      "capex": -3876000,
      "gross_margin": 0.3093547420997208,
      "op_margin": 0.08376083239138625,
      "fcf_margin": -0.004125245147764928,
      "op_leverage_ratio": Infinity,
      "fcf_margin_change": -0.08384987754777674
    },
    {
      "date": "2021-12-31T00:00:00",
      "quarter_label": "2021-12 (Q4)",
      "revenue": 96793000,
      "gross_profit": 27750000,
      "operating_income": 4010000,
      "net_income": null,
      "opex": 23740000,
      "cogs": 69043000,
      "rd": null,
      "sga": null,
      "fcf": 1527000,
      "ocf": 5482000,
      "capex": -3955000,
      "gross_margin": 0.2866942857438038,
      "op_margin": 0.041428615705681196,
      "fcf_margin": 0.0157759342101185,
      "incr_op_margin_yoy": -0.2005270092226614,
      "rev_growth_yoy": 0.04080732918987505,
      "fcf_margin_change": 0.01990117935788343
    },
    {
      "date": "2022-03-31T00:00:00",
      "quarter_label": "2022-03 (Q1)",
      "revenue": 114785000,
      "gross_profit": 33460000,
      "operating_income": 4266000,
      "net_income": null,
      "opex": 29194000,
      "cogs": 81325000,
      "rd": null,
      "sga": null,
      "fcf": -15874000,
      "ocf": -13396000,
      "capex": -2478000,
      "gross_margin": 0.2915015028096006,
      "op_margin": 0.03716513481726706,
      "fcf_margin": -0.1382933310101494,
      "incr_op_margin_yoy": -0.17897467195605737,
      "rev_growth_yoy": 0.12891804439548768,
      "rev_growth_yoy_accel": 0.08811071520561263,
      "op_leverage_ratio": 0.8090978979328753,
      "fcf_margin_change": -0.1540692652202679
    },
    {
      "date": "2022-06-30T00:00:00",
      "quarter_label": "2022-06 (Q2)",
      "revenue": 122722000,
      "gross_profit": 39774000,
      "operating_income": 7518000,
      "net_income": null,
      "opex": 32256000,
      "cogs": 82948000,
      "rd": null,
      "sga": null,
      "fcf": 9230000,
      "ocf": 13106000,
      "capex": -3876000,
      "gross_margin": 0.324098368670654,
      "op_margin": 0.0612604097064911,
      "fcf_margin": 0.07521063867929141,
      "incr_op_margin_yoy": 0.037007316497521835,
      "rev_growth_yoy": 0.2086431547120754,
      "rev_growth_yoy_accel": 0.07972511031658772,
      "op_leverage_ratio": 0.659264452238782,
      "fcf_margin_change": 0.2135039696894408
    },
    {
      "date": "2022-09-30T00:00:00",
      "quarter_label": "2022-09 (Q3)",
      "revenue": 134405000,
      "gross_profit": 43297000,
      "operating_income": 11697000,
      "net_income": null,
      "opex": 31600000,
      "cogs": 91108000,
      "rd": null,
      "sga": null,
      "fcf": -10206000,
      "ocf": -5534000,
      "capex": -4672000,
      "gross_margin": 0.3221383133067966,
      "op_margin": 0.087028012350731,
      "fcf_margin": -0.07593467504929131,
      "incr_op_margin_yoy": 0.0979738477472812,
      "rev_growth_yoy": 0.29848612197973123,
      "rev_growth_yoy_accel": 0.08984296726765584,
      "op_leverage_ratio": Infinity,
      "fcf_margin_change": -0.15114531372858273
    },
    {
      "date": "2022-12-31T00:00:00",
      "quarter_label": "2022-12 (Q4)",
      "revenue": 131076000,
      "gross_profit": 40728000,
      "operating_income": 8176000,
      "net_income": null,
      "opex": 32552000,
      "cogs": 90348000,
      "rd": null,
      "sga": null,
      "fcf": 6536000,
      "ocf": 11420000,
      "capex": -4884000,
      "gross_margin": 0.3107204980316763,
      "op_margin": 0.06237602612224969,
      "fcf_margin": 0.049864200921602736,
      "incr_op_margin_yoy": 0.12151795350465246,
      "rev_growth_yoy": 0.35418883596954326,
      "rev_growth_yoy_accel": 0.055702713989812025,
      "fcf_margin_change": 0.12579887597089406
    },
    {
      "date": "2023-03-31T00:00:00",
      "quarter_label": "2023-03 (Q1)",
      "revenue": 145549000,
      "gross_profit": 45834000,
      "operating_income": 11389000,
      "net_income": null,
      "opex": 34445000,
      "cogs": 99715000,
      "rd": null,
      "sga": null,
      "fcf": 32000,
      "ocf": 3586000,
      "capex": -3554000,
      "gross_margin": 0.3149042590467815,
      "op_margin": 0.07824856233983057,
      "fcf_margin": 0.00021985723021113166,
      "incr_op_margin_yoy": 0.2315368612664153,
      "rev_growth_yoy": 0.26801411334233566,
      "rev_growth_yoy_accel": -0.0861747226272076,
      "op_leverage_ratio": 1.8987266465637247,
      "fcf_margin_change": -0.049644343691391604
    },
    {
      "date": "2023-06-30T00:00:00",
      "quarter_label": "2023-06 (Q2)",
      "revenue": 146769000,
      "gross_profit": 45977000,
      "operating_income": 12020000,
      "net_income": null,
      "opex": 33957000,
      "cogs": 100792000,
      "rd": null,
      "sga": null,
      "fcf": 11123000,
      "ocf": 13687000,
      "capex": -2564000,
      "gross_margin": 0.3132609747289959,
      "op_margin": 0.0818974034026259,
      "fcf_margin": 0.07578575857299566,
      "incr_op_margin_yoy": 0.18721670062793697,
      "rev_growth_yoy": 0.19594693697951468,
      "rev_growth_yoy_accel": -0.07206717636282098,
      "fcf_margin_change": 0.07556590134278453
    },
    {
      "date": "2023-09-30T00:00:00",
      "quarter_label": "2023-09 (Q3)",
      "revenue": 145319000,
      "gross_profit": 47498000,
      "operating_income": 11864000,
      "net_income": null,
      "opex": 35634000,
      "cogs": 97821000,
      "rd": null,
      "sga": null,
      "fcf": 8127000,
      "ocf": 9859000,
      "capex": -1732000,
      "gross_margin": 0.32685333645290704,
      "op_margin": 0.08164107928075476,
      "fcf_margin": 0.055925240333335624,
      "incr_op_margin_yoy": 0.015301447681876489,
      "rev_growth_yoy": 0.08120233622261076,
      "rev_growth_yoy_accel": -0.11474460075690392,
      "fcf_margin_change": -0.019860518239660035
    },
    {
      "date": "2023-12-31T00:00:00",
      "quarter_label": "2023-12 (Q4)",
      "revenue": 140997000,
      "gross_profit": 44374000,
      "operating_income": 7041000,
      "net_income": null,
      "opex": 37333000,
      "cogs": 96623000,
      "rd": null,
      "sga": null,
      "fcf": 14153000,
      "ocf": 17906000,
      "capex": -3753000,
      "gross_margin": 0.3147159159414739,
      "op_margin": 0.04993723270707887,
      "fcf_margin": 0.10037802222742327,
      "incr_op_margin_yoy": -0.11440378994053019,
      "rev_growth_yoy": 0.07568891330220635,
      "rev_growth_yoy_accel": -0.005513422920404409,
      "fcf_margin_change": 0.04445278189408765
    },
    {
      "date": "2024-03-31T00:00:00",
      "quarter_label": "2024-03 (Q1)",
      "revenue": 146713000,
      "gross_profit": 47377000,
      "operating_income": 12100000,
      "net_income": null,
      "opex": 35277000,
      "cogs": 99336000,
      "rd": null,
      "sga": null,
      "fcf": 6206000,
      "ocf": 9179000,
      "capex": -2973000,
      "gross_margin": 0.32292298569315603,
      "op_margin": 0.0824739457307805,
      "fcf_margin": 0.04230027332274577,
      "incr_op_margin_yoy": 0.6108247422680413,
      "rev_growth_yoy": 0.007997306748929914,
      "rev_growth_yoy_accel": -0.06769160655327644,
      "op_leverage_ratio": Infinity,
      "fcf_margin_change": -0.058077748904677505
    },
    {
      "date": "2024-06-30T00:00:00",
      "quarter_label": "2024-06 (Q2)",
      "revenue": 136032000,
      "gross_profit": 40676000,
      "operating_income": 4879000,
      "net_income": null,
      "opex": 35797000,
      "cogs": 95356000,
      "rd": null,
      "sga": null,
      "fcf": 5843000,
      "ocf": 8198000,
      "capex": -2355000,
      "gross_margin": 0.2990178781463185,
      "op_margin": 0.03586656080922136,
      "fcf_margin": 0.04295312867560574,
      "incr_op_margin_yoy": 0.6650833566173047,
      "rev_growth_yoy": -0.07315577540216259,
      "rev_growth_yoy_accel": -0.0811530821510925,
      "fcf_margin_change": 0.0006528553528599712
    },
    {
      "date": "2024-09-30T00:00:00",
      "quarter_label": "2024-09 (Q3)",
      "revenue": 125213000,
      "gross_profit": 39264000,
      "operating_income": 6616000,
      "net_income": null,
      "opex": 32648000,
      "cogs": 85949000,
      "rd": null,
      "sga": null,
      "fcf": 10506000,
      "ocf": 12081000,
      "capex": -1575000,
      "gross_margin": 0.31357766366112144,
      "op_margin": 0.052837964109157996,
      "fcf_margin": 0.08390502583597549,
      "incr_op_margin_yoy": 0.26101661195662984,
      "rev_growth_yoy": -0.13835768206497429,
      "rev_growth_yoy_accel": -0.0652019066628117,
      "fcf_margin_change": 0.04095189716036975
    },
    {
      "date": "2024-12-31T00:00:00",
      "quarter_label": "2024-12 (Q4)",
      "revenue": 122010000,
      "gross_profit": 38374000,
      "operating_income": 6443000,
      "net_income": null,
      "opex": 31931000,
      "cogs": 83636000,
      "rd": null,
      "sga": null,
      "fcf": 9612000,
      "ocf": 12392000,
      "capex": -2780000,
      "gross_margin": 0.31451520367183017,
      "op_margin": 0.05280714695516761,
      "fcf_margin": 0.07878042783378411,
      "incr_op_margin_yoy": 0.03149523358087112,
      "rev_growth_yoy": -0.13466243962637503,
      "rev_growth_yoy_accel": 0.0036952424385992555,
      "fcf_margin_change": -0.00512459800219138
    },
    {
      "date": "2025-03-31T00:00:00",
      "quarter_label": "2025-03 (Q1)",
      "revenue": 132803000,
      "gross_profit": 42752000,
      "operating_income": 8779000,
      "net_income": null,
      "opex": 33973000,
      "cogs": 90051000,
      "rd": null,
      "sga": null,
      "fcf": 12868000,
      "ocf": 13928000,
      "capex": -1060000,
      "gross_margin": 0.32192043854431,
      "op_margin": 0.06610543436518754,
      "fcf_margin": 0.09689540145930438,
      "incr_op_margin_yoy": 0.23874910136592378,
      "rev_growth_yoy": -0.09481095744753362,
      "rev_growth_yoy_accel": 0.03985148217884141,
      "op_leverage_ratio": 1.3832590872394412,
      "fcf_margin_change": 0.018114973625520267
    },
    {
      "date": "2025-06-30T00:00:00",
      "quarter_label": "2025-06 (Q2)",
      "revenue": 139578000,
      "gross_profit": 46356000,
      "operating_income": 11677000,
      "net_income": null,
      "opex": 34679000,
      "cogs": 93222000,
      "rd": null,
      "sga": null,
      "fcf": 22378000,
      "ocf": 24507000,
      "capex": -2129000,
      "gross_margin": 0.33211537634870825,
      "op_margin": 0.08365931593804181,
      "fcf_margin": 0.1603261258937655,
      "incr_op_margin_yoy": 1.9170896785109983,
      "rev_growth_yoy": 0.02606739590684545,
      "rev_growth_yoy_accel": 0.12087835335437908,
      "op_leverage_ratio": 2.4548819452033355,
      "fcf_margin_change": 0.06343072443446111
    },
    {
      "date": "2025-09-30T00:00:00",
      "quarter_label": "2025-09 (Q3)",
      "revenue": 138743000,
      "gross_profit": 46181000,
      "operating_income": 12180000,
      "net_income": null,
      "opex": 34001000,
      "cogs": 92562000,
      "rd": null,
      "sga": null,
      "fcf": 2780000,
      "ocf": 4681000,
      "capex": -1901000,
      "gross_margin": 0.33285282861117316,
      "op_margin": 0.08778821273866069,
      "fcf_margin": 0.02003704691407855,
      "incr_op_margin_yoy": 0.41123429416112345,
      "rev_growth_yoy": 0.10805587279276113,
      "rev_growth_yoy_accel": 0.08198847688591568,
      "fcf_margin_change": -0.14028907897968695
    }
  ],
  "signals": [
    {
      "quarter": "2025-09 (Q3)",
      "signal": "YoY REVENUE GROWTH ACCELERATION",
      "detail": "YoY growth: +10.8% vs prior quarter YoY: +2.6% (accel: +8.2%)",
      "severity": "MEDIUM"
    },
    {
      "quarter": "2025-09 (Q3)",
      "signal": "INCREMENTAL MARGIN (YoY)",
      "detail": "YoY Incr OPM: +41.1% vs year-ago OPM: +5.3%",
      "severity": "HIGH"
    },
    {
      "quarter": "2025-06 (Q2)",
      "signal": "FCF MARGIN EXPANSION",
      "detail": "FCF margin: +9.7% -> +16.0% (+6.3%)",
      "severity": "MEDIUM"
    },
    {
      "quarter": "2025-06 (Q2)",
      "signal": "OPERATING LEVERAGE",
      "detail": "Rev growth +5.1% vs OpEx growth +2.1% (leverage: 2.5x)",
      "severity": "MEDIUM"
    },
    {
      "quarter": "2025-06 (Q2)",
      "signal": "YoY REVENUE GROWTH ACCELERATION",
      "detail": "YoY growth: +2.6% vs prior quarter YoY: -9.5% (accel: +12.1%)",
      "severity": "MEDIUM"
    },
    {
      "quarter": "2025-06 (Q2)",
      "signal": "INCREMENTAL MARGIN (YoY)",
      "detail": "YoY Incr OPM: +191.7% vs year-ago OPM: +3.6%",
      "severity": "HIGH"
    },
    {
      "quarter": "2025-03 (Q1)",
      "signal": "INCREMENTAL MARGIN (YoY)",
      "detail": "YoY Incr OPM: +23.9% vs year-ago OPM: +8.2%",
      "severity": "MEDIUM"
    },
    {
      "quarter": "2024-09 (Q3)",
      "signal": "YoY REVENUE GROWTH DECELERATION",
      "detail": "YoY growth: -13.8% vs prior quarter YoY: -7.3% (decel: -6.5%)",
      "severity": "WARNING"
    },
    {
      "quarter": "2024-09 (Q3)",
      "signal": "INCREMENTAL MARGIN (YoY)",
      "detail": "YoY Incr OPM: +26.1% vs year-ago OPM: +8.2%",
      "severity": "MEDIUM"
    },
    {
      "quarter": "2024-06 (Q2)",
      "signal": "YoY REVENUE GROWTH DECELERATION",
      "detail": "YoY growth: -7.3% vs prior quarter YoY: +0.8% (decel: -8.1%)",
      "severity": "WARNING"
    },
    {
      "quarter": "2024-06 (Q2)",
      "signal": "INCREMENTAL MARGIN (YoY)",
      "detail": "YoY Incr OPM: +66.5% vs year-ago OPM: +8.2%",
      "severity": "HIGH"
    },
    {
      "quarter": "2024-03 (Q1)",
      "signal": "YoY REVENUE GROWTH DECELERATION",
      "detail": "YoY growth: +0.8% vs prior quarter YoY: +7.6% (decel: -6.8%)",
      "severity": "WARNING"
    },
    {
      "quarter": "2024-03 (Q1)",
      "signal": "INCREMENTAL MARGIN (YoY)",
      "detail": "YoY Incr OPM: +61.1% vs year-ago OPM: +7.8%",
      "severity": "HIGH"
    },
    {
      "quarter": "2023-09 (Q3)",
      "signal": "YoY REVENUE GROWTH DECELERATION",
      "detail": "YoY growth: +8.1% vs prior quarter YoY: +19.6% (decel: -11.5%)",
      "severity": "WARNING"
    },
    {
      "quarter": "2023-06 (Q2)",
      "signal": "FCF MARGIN EXPANSION",
      "detail": "FCF margin: +0.0% -> +7.6% (+7.6%)",
      "severity": "MEDIUM"
    },
    {
      "quarter": "2023-06 (Q2)",
      "signal": "YoY REVENUE GROWTH DECELERATION",
      "detail": "YoY growth: +19.6% vs prior quarter YoY: +26.8% (decel: -7.2%)",
      "severity": "WARNING"
    },
    {
      "quarter": "2023-06 (Q2)",
      "signal": "INCREMENTAL MARGIN (YoY)",
      "detail": "YoY Incr OPM: +18.7% vs year-ago OPM: +6.1%",
      "severity": "MEDIUM"
    },
    {
      "quarter": "2023-03 (Q1)",
      "signal": "OPERATING LEVERAGE",
      "detail": "Rev growth +11.0% vs OpEx growth +5.8% (leverage: 1.9x)",
      "severity": "MEDIUM"
    },
    {
      "quarter": "2023-03 (Q1)",
      "signal": "YoY REVENUE GROWTH DECELERATION",
      "detail": "YoY growth: +26.8% vs prior quarter YoY: +35.4% (decel: -8.6%)",
      "severity": "WARNING"
    },
    {
      "quarter": "2023-03 (Q1)",
      "signal": "INCREMENTAL MARGIN (YoY)",
      "detail": "YoY Incr OPM: +23.2% vs year-ago OPM: +3.7%",
      "severity": "MEDIUM"
    },
    {
      "quarter": "2022-12 (Q4)",
      "signal": "FCF TURNED POSITIVE",
      "detail": "FCF margin: -7.6% -> +5.0%",
      "severity": "HIGH"
    },
    {
      "quarter": "2022-12 (Q4)",
      "signal": "YoY REVENUE GROWTH ACCELERATION",
      "detail": "YoY growth: +35.4% vs prior quarter YoY: +29.8% (accel: +5.6%)",
      "severity": "MEDIUM"
    },
    {
      "quarter": "2022-09 (Q3)",
      "signal": "YoY REVENUE GROWTH ACCELERATION",
      "detail": "YoY growth: +29.8% vs prior quarter YoY: +20.9% (accel: +9.0%)",
      "severity": "MEDIUM"
    },
    {
      "quarter": "2022-06 (Q2)",
      "signal": "FCF TURNED POSITIVE",
      "detail": "FCF margin: -13.8% -> +7.5%",
      "severity": "HIGH"
    },
    {
      "quarter": "2022-06 (Q2)",
      "signal": "YoY REVENUE GROWTH ACCELERATION",
      "detail": "YoY growth: +20.9% vs prior quarter YoY: +12.9% (accel: +8.0%)",
      "severity": "MEDIUM"
    },
    {
      "quarter": "2022-03 (Q1)",
      "signal": "YoY REVENUE GROWTH ACCELERATION",
      "detail": "YoY growth: +12.9% vs prior quarter YoY: +4.1% (accel: +8.8%)",
      "severity": "MEDIUM"
    },
    {
      "quarter": "2021-12 (Q4)",
      "signal": "FCF TURNED POSITIVE",
      "detail": "FCF margin: -0.4% -> +1.6%",
      "severity": "HIGH"
    },
    {
      "quarter": "2021-06 (Q2)",
      "signal": "FCF MARGIN EXPANSION",
      "detail": "FCF margin: +2.4% -> +8.0% (+5.5%)",
      "severity": "MEDIUM"
    }
  ],
  "data_quality": {
    "n_quarters": 20,
    "coverage": {
      "revenue": [
        20,
        20
      ],
      "gross_profit": [
        20,
        20
      ],
      "op_income": [
        20,
        20
      ],
      "fcf": [
        20,
        20
      ]
    },
    "gaps": [],
    "warnings": []
  },
  "market_cap": null,
  "source": "SEC EDGAR",
  "last_updated": "2026-02-02T22:00:29.629552",
  "sector": "Technology",
  "industry": "Electronic Components"
}