{
  "ticker": "ALTI",
  "name": "AlTi Global, Inc.",
  "quarters": [
    {
      "date": "2022-03-31T00:00:00",
      "quarter_label": "2022-03 (Q1)",
      "revenue": 19970000,
      "gross_profit": null,
      "operating_income": -478573,
      "net_income": 9920886,
      "opex": 18796000,
      "cogs": null,
      "rd": null,
      "sga": null,
      "fcf": -3635000,
      "ocf": -3629000,
      "capex": -6000,
      "gross_margin": null,
      "op_margin": -0.023964596895343016,
      "fcf_margin": -0.18202303455182775
    },
    {
      "date": "2022-06-30T00:00:00",
      "quarter_label": "2022-06 (Q2)",
      "revenue": 18892000,
      "gross_profit": null,
      "operating_income": -171272,
      "net_income": -259121,
      "opex": 17813000,
      "cogs": null,
      "rd": null,
      "sga": null,
      "fcf": 5274000,
      "ocf": 5271000,
      "capex": 3000,
      "gross_margin": null,
      "op_margin": -0.009065847977980098,
      "fcf_margin": 0.2791657844590303,
      "fcf_margin_change": 0.46118881901085806
    },
    {
      "date": "2022-09-30T00:00:00",
      "quarter_label": "2022-09 (Q3)",
      "revenue": 18583000,
      "gross_profit": null,
      "operating_income": -298358,
      "net_income": 8215430,
      "opex": 18961000,
      "cogs": null,
      "rd": null,
      "sga": null,
      "fcf": 1512000,
      "ocf": 1564000,
      "capex": -52000,
      "gross_margin": null,
      "op_margin": -0.016055427003174944,
      "fcf_margin": 0.08136468815584136,
      "fcf_margin_change": -0.19780109630318893
    },
    {
      "date": "2022-12-31T00:00:00",
      "quarter_label": "2022-12 (Q4)",
      "revenue": 19427000,
      "gross_profit": null,
      "operating_income": -7910448,
      "net_income": -9098181,
      "opex": 22620000,
      "cogs": null,
      "rd": null,
      "sga": null,
      "fcf": 3551000,
      "ocf": 3652000,
      "capex": -101000,
      "gross_margin": null,
      "op_margin": -0.40718834611623,
      "fcf_margin": 0.18278684305348228,
      "op_leverage_ratio": 0.2353560943429578,
      "fcf_margin_change": 0.10142215489764092
    },
    {
      "date": "2023-03-31T00:00:00",
      "quarter_label": "2023-03 (Q1)",
      "revenue": 58047000,
      "gross_profit": null,
      "operating_income": -43438000,
      "net_income": -68740000,
      "opex": 101485000,
      "cogs": null,
      "rd": null,
      "sga": null,
      "fcf": -68260000,
      "ocf": -68153000,
      "capex": -107000,
      "gross_margin": null,
      "op_margin": -0.7483246334866573,
      "fcf_margin": -1.1759436318845073,
      "incr_op_margin_yoy": -1.1282250965149565,
      "rev_growth_yoy": 1.9067100650976465,
      "op_leverage_ratio": 0.5701837319675318,
      "fcf_margin_change": -1.3587304749379896
    },
    {
      "date": "2023-06-30T00:00:00",
      "quarter_label": "2023-06 (Q2)",
      "revenue": 51881000,
      "gross_profit": null,
      "operating_income": -41136000,
      "net_income": 43442000,
      "opex": 93017000,
      "cogs": null,
      "rd": null,
      "sga": null,
      "fcf": 1515000,
      "ocf": 1662000,
      "capex": -147000,
      "gross_margin": null,
      "op_margin": -0.7928914246063106,
      "fcf_margin": 0.02920144176095295,
      "incr_op_margin_yoy": -1.2417693170450756,
      "rev_growth_yoy": 1.7461888630107982,
      "rev_growth_yoy_accel": -0.16052120208684828,
      "fcf_margin_change": 1.2051450736454603
    },
    {
      "date": "2023-09-30T00:00:00",
      "quarter_label": "2023-09 (Q3)",
      "revenue": 49244000,
      "gross_profit": null,
      "operating_income": -23645000,
      "net_income": -88721000,
      "opex": 72889000,
      "cogs": null,
      "rd": null,
      "sga": null,
      "fcf": -14525000,
      "ocf": -14510000,
      "capex": -15000,
      "gross_margin": null,
      "op_margin": -0.4801600194947608,
      "fcf_margin": -0.29495979205588496,
      "incr_op_margin_yoy": -0.7614442451322527,
      "rev_growth_yoy": 1.6499488780067804,
      "rev_growth_yoy_accel": -0.09623998500401787,
      "fcf_margin_change": -0.3241612338168379
    },
    {
      "date": "2023-12-31T00:00:00",
      "quarter_label": "2023-12 (Q4)",
      "revenue": 89399000,
      "gross_profit": null,
      "operating_income": -17681000,
      "net_income": -49913000,
      "opex": 107080000,
      "cogs": null,
      "rd": null,
      "sga": null,
      "fcf": -1066000,
      "ocf": -705000,
      "capex": -361000,
      "gross_margin": null,
      "op_margin": -0.1977762614794349,
      "fcf_margin": -0.011924070739046298,
      "incr_op_margin_yoy": -0.1396351683530555,
      "rev_growth_yoy": 3.6017913213568744,
      "rev_growth_yoy_accel": 1.951842443350094,
      "op_leverage_ratio": 1.7383470966866168,
      "fcf_margin_change": 0.2830357213168387
    },
    {
      "date": "2024-03-31T00:00:00",
      "quarter_label": "2024-03 (Q1)",
      "revenue": 50812000,
      "gross_profit": null,
      "operating_income": -14668000,
      "net_income": 29349000,
      "opex": 65480000,
      "cogs": null,
      "rd": null,
      "sga": null,
      "fcf": -15682000,
      "ocf": -15472000,
      "capex": -210000,
      "gross_margin": null,
      "op_margin": -0.28867196725183025,
      "fcf_margin": -0.30862788317720224,
      "incr_op_margin_yoy": -3.9765031098825157,
      "rev_growth_yoy": -0.124640377625028,
      "rev_growth_yoy_accel": -3.7264316989819024,
      "fcf_margin_change": -0.29670381243815597
    },
    {
      "date": "2024-06-30T00:00:00",
      "quarter_label": "2024-06 (Q2)",
      "revenue": 49453000,
      "gross_profit": null,
      "operating_income": -14955000,
      "net_income": -5994000,
      "opex": 64408000,
      "cogs": null,
      "rd": null,
      "sga": null,
      "fcf": -31248000,
      "ocf": -30184000,
      "capex": -1064000,
      "gross_margin": null,
      "op_margin": -0.30240834731967725,
      "fcf_margin": -0.6318726871979455,
      "incr_op_margin_yoy": -10.782948929159803,
      "rev_growth_yoy": -0.04679940633372526,
      "rev_growth_yoy_accel": 0.07784097129130274,
      "fcf_margin_change": -0.3232448040207433
    },
    {
      "date": "2024-09-30T00:00:00",
      "quarter_label": "2024-09 (Q3)",
      "revenue": 53343000,
      "gross_profit": null,
      "operating_income": -16013000,
      "net_income": -68638000,
      "opex": 69356000,
      "cogs": null,
      "rd": null,
      "sga": null,
      "fcf": -9438000,
      "ocf": -4940000,
      "capex": -4498000,
      "gross_margin": null,
      "op_margin": -0.30018934068200137,
      "fcf_margin": -0.17693043135931613,
      "incr_op_margin_yoy": 1.8619175408636253,
      "rev_growth_yoy": 0.08323856713508244,
      "rev_growth_yoy_accel": 0.1300379734688077,
      "op_leverage_ratio": 1.0239224880908537,
      "fcf_margin_change": 0.4549422558386294
    },
    {
      "date": "2024-12-31T00:00:00",
      "quarter_label": "2024-12 (Q4)",
      "revenue": 53327000,
      "gross_profit": null,
      "operating_income": -41213000,
      "net_income": -57751000,
      "opex": 94540000,
      "cogs": null,
      "rd": null,
      "sga": null,
      "fcf": -1997000,
      "ocf": -56000,
      "capex": -1941000,
      "gross_margin": null,
      "op_margin": -0.772835524218501,
      "fcf_margin": -0.03744819697339059,
      "incr_op_margin_yoy": 0.6523619427811045,
      "rev_growth_yoy": -0.4034944462466023,
      "rev_growth_yoy_accel": -0.48673301338168473,
      "fcf_margin_change": 0.13948223438592555
    },
    {
      "date": "2025-03-31T00:00:00",
      "quarter_label": "2025-03 (Q1)",
      "revenue": 57963000,
      "gross_profit": null,
      "operating_income": -13489000,
      "net_income": 1910000,
      "opex": 71452000,
      "cogs": null,
      "rd": null,
      "sga": null,
      "fcf": -30951000,
      "ocf": -30169000,
      "capex": -782000,
      "gross_margin": null,
      "op_margin": -0.23271742318375516,
      "fcf_margin": -0.5339785725376534,
      "incr_op_margin_yoy": 0.16487204586771081,
      "rev_growth_yoy": 0.1407344721719279,
      "rev_growth_yoy_accel": 0.5442289184185302,
      "op_leverage_ratio": Infinity,
      "fcf_margin_change": -0.49653037556426277
    },
    {
      "date": "2025-06-30T00:00:00",
      "quarter_label": "2025-06 (Q2)",
      "revenue": 53127000,
      "gross_profit": null,
      "operating_income": -30147000,
      "net_income": -24362000,
      "opex": 83274000,
      "cogs": null,
      "rd": null,
      "sga": null,
      "fcf": -19973000,
      "ocf": -19949000,
      "capex": -24000,
      "gross_margin": null,
      "op_margin": -0.5674515782935231,
      "fcf_margin": -0.3759481995971916,
      "incr_op_margin_yoy": -4.1350027218290695,
      "rev_growth_yoy": 0.07429276282530888,
      "rev_growth_yoy_accel": -0.06644170934661901,
      "fcf_margin_change": 0.15803037294046174
    },
    {
      "date": "2025-09-30T00:00:00",
      "quarter_label": "2025-09 (Q3)",
      "revenue": 57238000,
      "gross_profit": null,
      "operating_income": -28497000,
      "net_income": -84135000,
      "opex": 85735000,
      "cogs": null,
      "rd": null,
      "sga": null,
      "fcf": null,
      "ocf": null,
      "capex": null,
      "gross_margin": null,
      "op_margin": -0.4978685488661379,
      "fcf_margin": null,
      "incr_op_margin_yoy": -3.205134788189987,
      "rev_growth_yoy": 0.0730180154846934,
      "rev_growth_yoy_accel": -0.001274747340615473,
      "op_leverage_ratio": 2.6183638514281484
    }
  ],
  "signals": [
    {
      "quarter": "2025-09 (Q3)",
      "signal": "OPERATING LEVERAGE",
      "detail": "Rev growth +7.7% vs OpEx growth +3.0% (leverage: 2.6x)",
      "severity": "MEDIUM"
    },
    {
      "quarter": "2025-06 (Q2)",
      "signal": "FCF MARGIN EXPANSION",
      "detail": "FCF margin: -53.4% -> -37.6% (+15.8%)",
      "severity": "MEDIUM"
    },
    {
      "quarter": "2025-06 (Q2)",
      "signal": "YoY REVENUE GROWTH DECELERATION",
      "detail": "YoY growth: +7.4% vs prior quarter YoY: +14.1% (decel: -6.6%)",
      "severity": "WARNING"
    },
    {
      "quarter": "2025-03 (Q1)",
      "signal": "YoY REVENUE GROWTH ACCELERATION",
      "detail": "YoY growth: +14.1% vs prior quarter YoY: -40.3% (accel: +54.4%)",
      "severity": "HIGH"
    },
    {
      "quarter": "2024-12 (Q4)",
      "signal": "FCF MARGIN EXPANSION",
      "detail": "FCF margin: -17.7% -> -3.7% (+13.9%)",
      "severity": "MEDIUM"
    },
    {
      "quarter": "2024-12 (Q4)",
      "signal": "YoY REVENUE GROWTH DECELERATION",
      "detail": "YoY growth: -40.3% vs prior quarter YoY: +8.3% (decel: -48.7%)",
      "severity": "WARNING"
    },
    {
      "quarter": "2024-09 (Q3)",
      "signal": "FCF MARGIN EXPANSION",
      "detail": "FCF margin: -63.2% -> -17.7% (+45.5%)",
      "severity": "MEDIUM"
    },
    {
      "quarter": "2024-09 (Q3)",
      "signal": "YoY REVENUE GROWTH ACCELERATION",
      "detail": "YoY growth: +8.3% vs prior quarter YoY: -4.7% (accel: +13.0%)",
      "severity": "MEDIUM"
    },
    {
      "quarter": "2024-06 (Q2)",
      "signal": "YoY REVENUE GROWTH ACCELERATION",
      "detail": "YoY growth: -4.7% vs prior quarter YoY: -12.5% (accel: +7.8%)",
      "severity": "MEDIUM"
    },
    {
      "quarter": "2024-03 (Q1)",
      "signal": "YoY REVENUE GROWTH DECELERATION",
      "detail": "YoY growth: -12.5% vs prior quarter YoY: +360.2% (decel: -372.6%)",
      "severity": "WARNING"
    },
    {
      "quarter": "2023-12 (Q4)",
      "signal": "FCF MARGIN EXPANSION",
      "detail": "FCF margin: -29.5% -> -1.2% (+28.3%)",
      "severity": "MEDIUM"
    },
    {
      "quarter": "2023-12 (Q4)",
      "signal": "OPERATING LEVERAGE",
      "detail": "Rev growth +81.5% vs OpEx growth +46.9% (leverage: 1.7x)",
      "severity": "MEDIUM"
    },
    {
      "quarter": "2023-12 (Q4)",
      "signal": "YoY REVENUE GROWTH ACCELERATION",
      "detail": "YoY growth: +360.2% vs prior quarter YoY: +165.0% (accel: +195.2%)",
      "severity": "HIGH"
    },
    {
      "quarter": "2023-09 (Q3)",
      "signal": "YoY REVENUE GROWTH DECELERATION",
      "detail": "YoY growth: +165.0% vs prior quarter YoY: +174.6% (decel: -9.6%)",
      "severity": "WARNING"
    },
    {
      "quarter": "2023-06 (Q2)",
      "signal": "FCF TURNED POSITIVE",
      "detail": "FCF margin: -117.6% -> +2.9%",
      "severity": "HIGH"
    },
    {
      "quarter": "2023-06 (Q2)",
      "signal": "YoY REVENUE GROWTH DECELERATION",
      "detail": "YoY growth: +174.6% vs prior quarter YoY: +190.7% (decel: -16.1%)",
      "severity": "WARNING"
    },
    {
      "quarter": "2022-12 (Q4)",
      "signal": "FCF MARGIN EXPANSION",
      "detail": "FCF margin: +8.1% -> +18.3% (+10.1%)",
      "severity": "MEDIUM"
    },
    {
      "quarter": "2022-06 (Q2)",
      "signal": "FCF TURNED POSITIVE",
      "detail": "FCF margin: -18.2% -> +27.9%",
      "severity": "HIGH"
    }
  ],
  "data_quality": {
    "n_quarters": 15,
    "coverage": {
      "revenue": [
        15,
        15
      ],
      "gross_profit": [
        0,
        15
      ],
      "op_income": [
        15,
        15
      ],
      "fcf": [
        14,
        15
      ]
    },
    "gaps": [],
    "warnings": [
      "gross_profit: no data"
    ]
  },
  "market_cap": null,
  "source": "SEC EDGAR",
  "last_updated": "2026-02-02T22:14:39.065847",
  "sector": "Financial Services",
  "industry": "Asset Management"
}