{
  "ticker": "ALX",
  "name": "ALEXANDERS INC",
  "sector": "Real Estate",
  "industry": "REIT - Retail",
  "quarters": [
    {
      "date": "2021-03-31T00:00:00",
      "quarter_label": "2021-03 (Q1)",
      "revenue": 56153000,
      "gross_profit": null,
      "operating_income": null,
      "net_income": 17882000,
      "opex": 33885000,
      "cogs": null,
      "rd": null,
      "sga": null,
      "fcf": 53966000,
      "ocf": 53966000,
      "capex": null,
      "gross_margin": null,
      "op_margin": null,
      "fcf_margin": 0.9610528377824872
    },
    {
      "date": "2021-06-30T00:00:00",
      "quarter_label": "2021-06 (Q2)",
      "revenue": 51388000,
      "gross_profit": null,
      "operating_income": null,
      "net_income": 25898000,
      "opex": 33377000,
      "cogs": null,
      "rd": null,
      "sga": null,
      "fcf": 8553000,
      "ocf": 8553000,
      "capex": null,
      "gross_margin": null,
      "op_margin": null,
      "fcf_margin": 0.16643963571261775,
      "fcf_margin_change": -0.7946132020698694
    },
    {
      "date": "2021-09-30T00:00:00",
      "quarter_label": "2021-09 (Q3)",
      "revenue": 48950000,
      "gross_profit": null,
      "operating_income": null,
      "net_income": 11401000,
      "opex": 31713000,
      "cogs": null,
      "rd": null,
      "sga": null,
      "fcf": 28400000,
      "ocf": 28400000,
      "capex": null,
      "gross_margin": null,
      "op_margin": null,
      "fcf_margin": 0.5801838610827375,
      "fcf_margin_change": 0.4137442253701197
    },
    {
      "date": "2021-12-31T00:00:00",
      "quarter_label": "2021-12 (Q4)",
      "revenue": 49657000,
      "gross_profit": null,
      "operating_income": null,
      "net_income": 77749000,
      "opex": 30976000,
      "cogs": null,
      "rd": null,
      "sga": null,
      "fcf": 27546000,
      "ocf": 27546000,
      "capex": null,
      "gross_margin": null,
      "op_margin": null,
      "fcf_margin": 0.5547254163562035,
      "op_leverage_ratio": null,
      "fcf_margin_change": -0.025458444726533913
    },
    {
      "date": "2022-03-31T00:00:00",
      "quarter_label": "2022-03 (Q1)",
      "revenue": 49215000,
      "gross_profit": null,
      "operating_income": null,
      "net_income": 14532000,
      "opex": 30362000,
      "cogs": null,
      "rd": null,
      "sga": null,
      "fcf": 32185000,
      "ocf": 32185000,
      "capex": null,
      "gross_margin": null,
      "op_margin": null,
      "fcf_margin": 0.6539672863964239,
      "rev_growth_yoy": -0.12355528644952184,
      "fcf_margin_change": 0.09924187004022034
    },
    {
      "date": "2022-06-30T00:00:00",
      "quarter_label": "2022-06 (Q2)",
      "revenue": 49824000,
      "gross_profit": null,
      "operating_income": null,
      "net_income": 14814000,
      "opex": 30701000,
      "cogs": null,
      "rd": null,
      "sga": null,
      "fcf": 61143000,
      "ocf": 61143000,
      "capex": null,
      "gross_margin": null,
      "op_margin": null,
      "fcf_margin": 1.2271796724470134,
      "rev_growth_yoy": -0.0304351210399315,
      "rev_growth_yoy_accel": 0.09312016540959034,
      "op_leverage_ratio": 1.108282513335473,
      "fcf_margin_change": 0.5732123860505896
    },
    {
      "date": "2022-09-30T00:00:00",
      "quarter_label": "2022-09 (Q3)",
      "revenue": 53729000,
      "gross_profit": null,
      "operating_income": null,
      "net_income": 15109000,
      "opex": 32609000,
      "cogs": null,
      "rd": null,
      "sga": null,
      "fcf": -17125000,
      "ocf": -17125000,
      "capex": null,
      "gross_margin": null,
      "op_margin": null,
      "fcf_margin": -0.31872917791137,
      "rev_growth_yoy": 0.09763023493360572,
      "rev_growth_yoy_accel": 0.12806535597353721,
      "op_leverage_ratio": 1.261120538425236,
      "fcf_margin_change": -1.5459088503583835
    },
    {
      "date": "2022-12-31T00:00:00",
      "quarter_label": "2022-12 (Q4)",
      "revenue": 53046000,
      "gross_profit": null,
      "operating_income": null,
      "net_income": 13177000,
      "opex": 32677000,
      "cogs": null,
      "rd": null,
      "sga": null,
      "fcf": 26346000,
      "ocf": 26346000,
      "capex": null,
      "gross_margin": null,
      "op_margin": null,
      "fcf_margin": 0.49666327338536365,
      "rev_growth_yoy": 0.06824818253217069,
      "rev_growth_yoy_accel": -0.02938205240143503,
      "fcf_margin_change": 0.8153924512967337
    },
    {
      "date": "2023-03-31T00:00:00",
      "quarter_label": "2023-03 (Q1)",
      "revenue": 52941000,
      "gross_profit": null,
      "operating_income": null,
      "net_income": 11226000,
      "opex": 33781000,
      "cogs": null,
      "rd": null,
      "sga": null,
      "fcf": 20736000,
      "ocf": 20736000,
      "capex": null,
      "gross_margin": null,
      "op_margin": null,
      "fcf_margin": 0.391681305604352,
      "rev_growth_yoy": 0.07570862541907955,
      "rev_growth_yoy_accel": 0.0074604428869088635,
      "fcf_margin_change": -0.10498196778101165
    },
    {
      "date": "2023-06-30T00:00:00",
      "quarter_label": "2023-06 (Q2)",
      "revenue": 53673000,
      "gross_profit": null,
      "operating_income": null,
      "net_income": 64147000,
      "opex": 34805000,
      "cogs": null,
      "rd": null,
      "sga": null,
      "fcf": 45173000,
      "ocf": 45173000,
      "capex": null,
      "gross_margin": null,
      "op_margin": null,
      "fcf_margin": 0.8416335960352505,
      "rev_growth_yoy": 0.0772519267822736,
      "rev_growth_yoy_accel": 0.001543301363194055,
      "op_leverage_ratio": 0.4561329917974727,
      "fcf_margin_change": 0.44995229043089846
    },
    {
      "date": "2023-09-30T00:00:00",
      "quarter_label": "2023-09 (Q3)",
      "revenue": 55413000,
      "gross_profit": null,
      "operating_income": null,
      "net_income": 10754000,
      "opex": 35106000,
      "cogs": null,
      "rd": null,
      "sga": null,
      "fcf": -1542000,
      "ocf": -1542000,
      "capex": null,
      "gross_margin": null,
      "op_margin": null,
      "fcf_margin": -0.027827405121541877,
      "rev_growth_yoy": 0.031342477991401295,
      "rev_growth_yoy_accel": -0.04590944879087231,
      "op_leverage_ratio": 3.7485949894813384,
      "fcf_margin_change": -0.8694610011567924
    },
    {
      "date": "2023-12-31T00:00:00",
      "quarter_label": "2023-12 (Q4)",
      "revenue": 62935000,
      "gross_profit": null,
      "operating_income": null,
      "net_income": 16286000,
      "opex": 36757000,
      "cogs": null,
      "rd": null,
      "sga": null,
      "fcf": 44744000,
      "ocf": 44744000,
      "capex": null,
      "gross_margin": null,
      "op_margin": null,
      "fcf_margin": 0.710955747993962,
      "rev_growth_yoy": 0.186423104475361,
      "rev_growth_yoy_accel": 0.1550806264839597,
      "op_leverage_ratio": 2.886396181274682,
      "fcf_margin_change": 0.7387831531155039
    },
    {
      "date": "2024-03-31T00:00:00",
      "quarter_label": "2024-03 (Q1)",
      "revenue": 61397000,
      "gross_profit": null,
      "operating_income": null,
      "net_income": 16109000,
      "opex": 36216000,
      "cogs": null,
      "rd": null,
      "sga": null,
      "fcf": 16825000,
      "ocf": 16825000,
      "capex": null,
      "gross_margin": null,
      "op_margin": null,
      "fcf_margin": 0.27403619069335633,
      "rev_growth_yoy": 0.15972497686103398,
      "rev_growth_yoy_accel": -0.026698127614327022,
      "fcf_margin_change": -0.43691955730060567
    },
    {
      "date": "2024-06-30T00:00:00",
      "quarter_label": "2024-06 (Q2)",
      "revenue": 53392000,
      "gross_profit": null,
      "operating_income": null,
      "net_income": 8380000,
      "opex": 35847000,
      "cogs": null,
      "rd": null,
      "sga": null,
      "fcf": 11502000,
      "ocf": 11502000,
      "capex": null,
      "gross_margin": null,
      "op_margin": null,
      "fcf_margin": 0.2154255319148936,
      "rev_growth_yoy": -0.005235407001658189,
      "rev_growth_yoy_accel": -0.16496038386269218,
      "fcf_margin_change": -0.05861065877846272
    },
    {
      "date": "2024-09-30T00:00:00",
      "quarter_label": "2024-09 (Q3)",
      "revenue": 55675000,
      "gross_profit": null,
      "operating_income": null,
      "net_income": 6678000,
      "opex": 35841000,
      "cogs": null,
      "rd": null,
      "sga": null,
      "fcf": -5031000,
      "ocf": -5031000,
      "capex": null,
      "gross_margin": null,
      "op_margin": null,
      "fcf_margin": -0.09036371800628648,
      "rev_growth_yoy": 0.004728132387706856,
      "rev_growth_yoy_accel": 0.009963539389365044,
      "op_leverage_ratio": null,
      "fcf_margin_change": -0.30578924992118006
    },
    {
      "date": "2024-12-31T00:00:00",
      "quarter_label": "2024-12 (Q4)",
      "revenue": 55910000,
      "gross_profit": null,
      "operating_income": null,
      "net_income": 12277000,
      "opex": 36637000,
      "cogs": null,
      "rd": null,
      "sga": null,
      "fcf": 30810000,
      "ocf": 30810000,
      "capex": null,
      "gross_margin": null,
      "op_margin": null,
      "fcf_margin": 0.5510642103380433,
      "rev_growth_yoy": -0.11162310320171606,
      "rev_growth_yoy_accel": -0.11635123558942292,
      "fcf_margin_change": 0.6414279283443298
    },
    {
      "date": "2025-03-31T00:00:00",
      "quarter_label": "2025-03 (Q1)",
      "revenue": 54915000,
      "gross_profit": null,
      "operating_income": null,
      "net_income": 12312000,
      "opex": 35754000,
      "cogs": null,
      "rd": null,
      "sga": null,
      "fcf": 15720000,
      "ocf": 15720000,
      "capex": null,
      "gross_margin": null,
      "op_margin": null,
      "fcf_margin": 0.28626058453974323,
      "rev_growth_yoy": -0.10557519097024284,
      "rev_growth_yoy_accel": 0.006047912231473218,
      "fcf_margin_change": -0.2648036257983001
    },
    {
      "date": "2025-06-30T00:00:00",
      "quarter_label": "2025-06 (Q2)",
      "revenue": 51589000,
      "gross_profit": null,
      "operating_income": null,
      "net_income": 6120000,
      "opex": 36596000,
      "cogs": null,
      "rd": null,
      "sga": null,
      "fcf": 43567000,
      "ocf": 43567000,
      "capex": null,
      "gross_margin": null,
      "op_margin": null,
      "fcf_margin": 0.8445017348659598,
      "rev_growth_yoy": -0.03376910398561582,
      "rev_growth_yoy_accel": 0.07180608698462702,
      "fcf_margin_change": 0.5582411503262166
    },
    {
      "date": "2025-09-30T00:00:00",
      "quarter_label": "2025-09 (Q3)",
      "revenue": 53424000,
      "gross_profit": null,
      "operating_income": null,
      "net_income": 5968000,
      "opex": 37060000,
      "cogs": null,
      "rd": null,
      "sga": null,
      "fcf": -9267000,
      "ocf": -9267000,
      "capex": null,
      "gross_margin": null,
      "op_margin": null,
      "fcf_margin": -0.1734613656783468,
      "rev_growth_yoy": -0.040431073192635836,
      "rev_growth_yoy_accel": -0.006661969207020016,
      "op_leverage_ratio": 2.8053987384372907,
      "fcf_margin_change": -1.0179631005443066
    },
    {
      "date": "2025-12-31T00:00:00",
      "quarter_label": "2025-12 (Q4)",
      "revenue": 53255000,
      "gross_profit": null,
      "operating_income": null,
      "net_income": 3824000,
      "opex": 38582000,
      "cogs": null,
      "rd": null,
      "sga": null,
      "fcf": 23424000,
      "ocf": 23424000,
      "capex": null,
      "gross_margin": null,
      "op_margin": null,
      "fcf_margin": 0.4398460238475261,
      "rev_growth_yoy": -0.047487032731175105,
      "rev_growth_yoy_accel": -0.007055959538539269,
      "fcf_margin_change": 0.6133073895258729
    }
  ],
  "signals": [
    {
      "quarter": "2025-12 (Q4)",
      "signal": "FCF TURNED POSITIVE",
      "detail": "FCF margin: -17.3% -> +44.0%",
      "severity": "HIGH"
    },
    {
      "quarter": "2025-09 (Q3)",
      "signal": "OPERATING LEVERAGE",
      "detail": "Rev growth +3.6% vs OpEx growth +1.3% (leverage: 2.8x)",
      "severity": "MEDIUM"
    },
    {
      "quarter": "2025-06 (Q2)",
      "signal": "FCF MARGIN EXPANSION",
      "detail": "FCF margin: +28.6% -> +84.5% (+55.8%)",
      "severity": "MEDIUM"
    },
    {
      "quarter": "2025-06 (Q2)",
      "signal": "YoY REVENUE GROWTH ACCELERATION",
      "detail": "YoY growth: -3.4% vs prior quarter YoY: -10.6% (accel: +7.2%)",
      "severity": "MEDIUM"
    },
    {
      "quarter": "2024-12 (Q4)",
      "signal": "FCF TURNED POSITIVE",
      "detail": "FCF margin: -9.0% -> +55.1%",
      "severity": "HIGH"
    },
    {
      "quarter": "2024-12 (Q4)",
      "signal": "YoY REVENUE GROWTH DECELERATION",
      "detail": "YoY growth: -11.2% vs prior quarter YoY: +0.5% (decel: -11.6%)",
      "severity": "WARNING"
    },
    {
      "quarter": "2024-06 (Q2)",
      "signal": "YoY REVENUE GROWTH DECELERATION",
      "detail": "YoY growth: -0.5% vs prior quarter YoY: +16.0% (decel: -16.5%)",
      "severity": "WARNING"
    },
    {
      "quarter": "2023-12 (Q4)",
      "signal": "FCF TURNED POSITIVE",
      "detail": "FCF margin: -2.8% -> +71.1%",
      "severity": "HIGH"
    },
    {
      "quarter": "2023-12 (Q4)",
      "signal": "OPERATING LEVERAGE",
      "detail": "Rev growth +13.6% vs OpEx growth +4.7% (leverage: 2.9x)",
      "severity": "MEDIUM"
    },
    {
      "quarter": "2023-12 (Q4)",
      "signal": "YoY REVENUE GROWTH ACCELERATION",
      "detail": "YoY growth: +18.6% vs prior quarter YoY: +3.1% (accel: +15.5%)",
      "severity": "HIGH"
    },
    {
      "quarter": "2023-09 (Q3)",
      "signal": "OPERATING LEVERAGE",
      "detail": "Rev growth +3.2% vs OpEx growth +0.9% (leverage: 3.7x)",
      "severity": "MEDIUM"
    },
    {
      "quarter": "2023-06 (Q2)",
      "signal": "FCF MARGIN EXPANSION",
      "detail": "FCF margin: +39.2% -> +84.2% (+45.0%)",
      "severity": "MEDIUM"
    },
    {
      "quarter": "2022-12 (Q4)",
      "signal": "FCF TURNED POSITIVE",
      "detail": "FCF margin: -31.9% -> +49.7%",
      "severity": "HIGH"
    },
    {
      "quarter": "2022-09 (Q3)",
      "signal": "YoY REVENUE GROWTH ACCELERATION",
      "detail": "YoY growth: +9.8% vs prior quarter YoY: -3.0% (accel: +12.8%)",
      "severity": "MEDIUM"
    },
    {
      "quarter": "2022-06 (Q2)",
      "signal": "FCF MARGIN EXPANSION",
      "detail": "FCF margin: +65.4% -> +122.7% (+57.3%)",
      "severity": "MEDIUM"
    },
    {
      "quarter": "2022-06 (Q2)",
      "signal": "YoY REVENUE GROWTH ACCELERATION",
      "detail": "YoY growth: -3.0% vs prior quarter YoY: -12.4% (accel: +9.3%)",
      "severity": "MEDIUM"
    },
    {
      "quarter": "2022-03 (Q1)",
      "signal": "FCF MARGIN EXPANSION",
      "detail": "FCF margin: +55.5% -> +65.4% (+9.9%)",
      "severity": "MEDIUM"
    },
    {
      "quarter": "2021-09 (Q3)",
      "signal": "FCF MARGIN EXPANSION",
      "detail": "FCF margin: +16.6% -> +58.0% (+41.4%)",
      "severity": "MEDIUM"
    }
  ],
  "data_quality": {
    "n_quarters": 20,
    "coverage": {
      "revenue": [
        20,
        20
      ],
      "gross_profit": [
        0,
        20
      ],
      "op_income": [
        0,
        20
      ],
      "fcf": [
        20,
        20
      ]
    },
    "gaps": [],
    "warnings": [
      "gross_profit: no data",
      "op_income: no data"
    ]
  },
  "market_cap": null,
  "source": "SEC EDGAR",
  "last_updated": "2026-02-24T11:09:27.078299"
}