{
  "ticker": "AM",
  "name": "ANTERO MIDSTREAM CORPORATION",
  "sector": "Energy",
  "industry": "Oil & Gas Midstream",
  "quarters": [
    {
      "date": "2021-03-31T00:00:00",
      "quarter_label": "2021-03 (Q1)",
      "revenue": 224121000,
      "gross_profit": null,
      "operating_income": 133587000,
      "net_income": null,
      "opex": 90534000,
      "cogs": null,
      "rd": null,
      "sga": null,
      "fcf": 150642000,
      "ocf": 165701000,
      "capex": -15059000,
      "gross_margin": null,
      "op_margin": 0.5960485630529937,
      "fcf_margin": 0.6721458497864993
    },
    {
      "date": "2021-06-30T00:00:00",
      "quarter_label": "2021-06 (Q2)",
      "revenue": 232787000,
      "gross_profit": null,
      "operating_income": 151399000,
      "net_income": null,
      "opex": 81388000,
      "cogs": null,
      "rd": null,
      "sga": null,
      "fcf": 158075000,
      "ocf": 194674000,
      "capex": -36599000,
      "gross_margin": null,
      "op_margin": 0.6503756653077706,
      "fcf_margin": 0.6790542427197395,
      "op_leverage_ratio": null,
      "fcf_margin_change": 0.006908392933240193
    },
    {
      "date": "2021-09-30T00:00:00",
      "quarter_label": "2021-09 (Q3)",
      "revenue": 224804000,
      "gross_profit": null,
      "operating_income": 141821000,
      "net_income": null,
      "opex": 82983000,
      "cogs": null,
      "rd": null,
      "sga": null,
      "fcf": 185115000,
      "ocf": 185115000,
      "capex": null,
      "gross_margin": null,
      "op_margin": 0.6308651091617586,
      "fcf_margin": 0.8234506503442999,
      "fcf_margin_change": 0.1443964076245604
    },
    {
      "date": "2021-12-31T00:00:00",
      "quarter_label": "2021-12 (Q4)",
      "revenue": 216490000,
      "gross_profit": null,
      "operating_income": 128520000,
      "net_income": null,
      "opex": 87970000,
      "cogs": null,
      "rd": null,
      "sga": null,
      "fcf": 164262000,
      "ocf": 164262000,
      "capex": null,
      "gross_margin": null,
      "op_margin": 0.5936532865259365,
      "fcf_margin": 0.7587509815695875,
      "fcf_margin_change": -0.06469966877471234
    },
    {
      "date": "2022-03-31T00:00:00",
      "quarter_label": "2022-03 (Q1)",
      "revenue": 218491000,
      "gross_profit": null,
      "operating_income": 129154000,
      "net_income": null,
      "opex": 89337000,
      "cogs": null,
      "rd": null,
      "sga": null,
      "fcf": 184664000,
      "ocf": 184664000,
      "capex": null,
      "gross_margin": null,
      "op_margin": 0.5911181696271243,
      "fcf_margin": 0.8451789776237922,
      "incr_op_margin_yoy": 0.7873889875666075,
      "rev_growth_yoy": -0.025120359091740624,
      "fcf_margin_change": 0.0864279960542047
    },
    {
      "date": "2022-06-30T00:00:00",
      "quarter_label": "2022-06 (Q2)",
      "revenue": 228907000,
      "gross_profit": null,
      "operating_income": 128396000,
      "net_income": null,
      "opex": 100511000,
      "cogs": null,
      "rd": null,
      "sga": null,
      "fcf": 169517000,
      "ocf": 169517000,
      "capex": null,
      "gross_margin": null,
      "op_margin": 0.56090901545169,
      "fcf_margin": 0.7405496555369648,
      "incr_op_margin_yoy": 5.92860824742268,
      "rev_growth_yoy": -0.016667597417381556,
      "rev_growth_yoy_accel": 0.008452761674359068,
      "op_leverage_ratio": 0.38114490291425396,
      "fcf_margin_change": -0.1046293220868274
    },
    {
      "date": "2022-09-30T00:00:00",
      "quarter_label": "2022-09 (Q3)",
      "revenue": 231034000,
      "gross_profit": null,
      "operating_income": 137770000,
      "net_income": null,
      "opex": 93264000,
      "cogs": null,
      "rd": null,
      "sga": null,
      "fcf": 176795000,
      "ocf": 176795000,
      "capex": null,
      "gross_margin": null,
      "op_margin": 0.5963191564877897,
      "fcf_margin": 0.7652336885480059,
      "incr_op_margin_yoy": -0.6502407704654896,
      "rev_growth_yoy": 0.027713030017259478,
      "rev_growth_yoy_accel": 0.04438062743464104,
      "fcf_margin_change": 0.02468403301104105
    },
    {
      "date": "2022-12-31T00:00:00",
      "quarter_label": "2022-12 (Q4)",
      "revenue": 241553000,
      "gross_profit": null,
      "operating_income": 144146000,
      "net_income": null,
      "opex": 97407000,
      "cogs": null,
      "rd": null,
      "sga": null,
      "fcf": 168628000,
      "ocf": 168628000,
      "capex": null,
      "gross_margin": null,
      "op_margin": 0.5967468837066814,
      "fcf_margin": 0.698099381916184,
      "incr_op_margin_yoy": 0.6234688584766389,
      "rev_growth_yoy": 0.1157697815141577,
      "rev_growth_yoy_accel": 0.08805675149689823,
      "op_leverage_ratio": 1.024938159040536,
      "fcf_margin_change": -0.06713430663182185
    },
    {
      "date": "2023-03-31T00:00:00",
      "quarter_label": "2023-03 (Q1)",
      "revenue": 259475000,
      "gross_profit": null,
      "operating_income": 148345000,
      "net_income": null,
      "opex": 111130000,
      "cogs": null,
      "rd": null,
      "sga": null,
      "fcf": 182719000,
      "ocf": 182719000,
      "capex": null,
      "gross_margin": null,
      "op_margin": 0.571712110993352,
      "fcf_margin": 0.7041873012814337,
      "incr_op_margin_yoy": 0.46825590474331447,
      "rev_growth_yoy": 0.18757752035552952,
      "rev_growth_yoy_accel": 0.07180773884137182,
      "op_leverage_ratio": 0.5266415762011846,
      "fcf_margin_change": 0.006087919365249661
    },
    {
      "date": "2023-06-30T00:00:00",
      "quarter_label": "2023-06 (Q2)",
      "revenue": 258287000,
      "gross_profit": null,
      "operating_income": 145523000,
      "net_income": null,
      "opex": 112764000,
      "cogs": null,
      "rd": null,
      "sga": null,
      "fcf": 185586000,
      "ocf": 185586000,
      "capex": null,
      "gross_margin": null,
      "op_margin": 0.5634158900757684,
      "fcf_margin": 0.718526290521784,
      "incr_op_margin_yoy": 0.5829475833900613,
      "rev_growth_yoy": 0.1283490675252395,
      "rev_growth_yoy_accel": -0.05922845283029002,
      "fcf_margin_change": 0.014338989240350264
    },
    {
      "date": "2023-09-30T00:00:00",
      "quarter_label": "2023-09 (Q3)",
      "revenue": 263839000,
      "gross_profit": null,
      "operating_income": 162313000,
      "net_income": null,
      "opex": 101526000,
      "cogs": null,
      "rd": null,
      "sga": null,
      "fcf": 202437000,
      "ocf": 202437000,
      "capex": null,
      "gross_margin": null,
      "op_margin": 0.6151971467447951,
      "fcf_margin": 0.7672747395191765,
      "incr_op_margin_yoy": 0.7481481481481481,
      "rev_growth_yoy": 0.14199208774466096,
      "rev_growth_yoy_accel": 0.013643020219421459,
      "op_leverage_ratio": null,
      "fcf_margin_change": 0.0487484489973925
    },
    {
      "date": "2023-12-31T00:00:00",
      "quarter_label": "2023-12 (Q4)",
      "revenue": 260170000,
      "gross_profit": null,
      "operating_income": 155681000,
      "net_income": null,
      "opex": 104489000,
      "cogs": null,
      "rd": null,
      "sga": null,
      "fcf": 208321000,
      "ocf": 208321000,
      "capex": null,
      "gross_margin": null,
      "op_margin": 0.5983818272667871,
      "fcf_margin": 0.8007110735288465,
      "incr_op_margin_yoy": 0.6195949938228501,
      "rev_growth_yoy": 0.07707211253844912,
      "rev_growth_yoy_accel": -0.06491997520621184,
      "fcf_margin_change": 0.033436334009670055
    },
    {
      "date": "2024-03-31T00:00:00",
      "quarter_label": "2024-03 (Q1)",
      "revenue": 279051000,
      "gross_profit": null,
      "operating_income": 166251000,
      "net_income": null,
      "opex": 112800000,
      "cogs": null,
      "rd": null,
      "sga": null,
      "fcf": 210561000,
      "ocf": 210561000,
      "capex": null,
      "gross_margin": null,
      "op_margin": 0.5957728157218573,
      "fcf_margin": 0.7545609942268617,
      "incr_op_margin_yoy": 0.9146914589293011,
      "rev_growth_yoy": 0.07544464784661335,
      "rev_growth_yoy_accel": -0.0016274646918357644,
      "op_leverage_ratio": 0.9123995571382256,
      "fcf_margin_change": -0.04615007930198478
    },
    {
      "date": "2024-06-30T00:00:00",
      "quarter_label": "2024-06 (Q2)",
      "revenue": 269795000,
      "gross_profit": null,
      "operating_income": 152753000,
      "net_income": null,
      "opex": 117042000,
      "cogs": null,
      "rd": null,
      "sga": null,
      "fcf": 215806000,
      "ocf": 215806000,
      "capex": null,
      "gross_margin": null,
      "op_margin": 0.566181730573213,
      "fcf_margin": 0.7998888044626475,
      "incr_op_margin_yoy": 0.6282586027111574,
      "rev_growth_yoy": 0.04455508794480558,
      "rev_growth_yoy_accel": -0.03088955990180777,
      "fcf_margin_change": 0.045327810235785804
    },
    {
      "date": "2024-09-30T00:00:00",
      "quarter_label": "2024-09 (Q3)",
      "revenue": 269870000,
      "gross_profit": null,
      "operating_income": 162427000,
      "net_income": null,
      "opex": 107443000,
      "cogs": null,
      "rd": null,
      "sga": null,
      "fcf": 184936000,
      "ocf": 184936000,
      "capex": null,
      "gross_margin": null,
      "op_margin": 0.6018712713528737,
      "fcf_margin": 0.6852780968614518,
      "incr_op_margin_yoy": 0.018902337920742827,
      "rev_growth_yoy": 0.022858637275004833,
      "rev_growth_yoy_accel": -0.02169645066980075,
      "fcf_margin_change": -0.11461070760119574
    },
    {
      "date": "2024-12-31T00:00:00",
      "quarter_label": "2024-12 (Q4)",
      "revenue": 287477000,
      "gross_profit": null,
      "operating_income": 177735000,
      "net_income": null,
      "opex": 109742000,
      "cogs": null,
      "rd": null,
      "sga": null,
      "fcf": 232691000,
      "ocf": 232691000,
      "capex": null,
      "gross_margin": null,
      "op_margin": 0.6182581563046783,
      "fcf_margin": 0.8094247539803184,
      "incr_op_margin_yoy": 0.8076317427765775,
      "rev_growth_yoy": 0.10495829649844332,
      "rev_growth_yoy_accel": 0.08209965922343848,
      "op_leverage_ratio": 3.0490876578033728,
      "fcf_margin_change": 0.12414665711886663
    },
    {
      "date": "2025-03-31T00:00:00",
      "quarter_label": "2025-03 (Q1)",
      "revenue": 291129000,
      "gross_profit": null,
      "operating_income": 177223000,
      "net_income": null,
      "opex": 113906000,
      "cogs": null,
      "rd": null,
      "sga": null,
      "fcf": 198942000,
      "ocf": 198942000,
      "capex": null,
      "gross_margin": null,
      "op_margin": 0.608743890165528,
      "fcf_margin": 0.68334655771153,
      "incr_op_margin_yoy": 0.90842854777281,
      "rev_growth_yoy": 0.043282410742122406,
      "rev_growth_yoy_accel": -0.061675885756320915,
      "op_leverage_ratio": 0.33480336531587773,
      "fcf_margin_change": -0.12607819626878847
    },
    {
      "date": "2025-06-30T00:00:00",
      "quarter_label": "2025-06 (Q2)",
      "revenue": 305472000,
      "gross_profit": null,
      "operating_income": 186444000,
      "net_income": null,
      "opex": 119028000,
      "cogs": null,
      "rd": null,
      "sga": null,
      "fcf": 265183000,
      "ocf": 265183000,
      "capex": null,
      "gross_margin": null,
      "op_margin": 0.6103472658705217,
      "fcf_margin": 0.8681090247223968,
      "incr_op_margin_yoy": 0.9443338845754968,
      "rev_growth_yoy": 0.13223743953742656,
      "rev_growth_yoy_accel": 0.08895502879530415,
      "op_leverage_ratio": 1.0956240498547114,
      "fcf_margin_change": 0.18476246701086685
    },
    {
      "date": "2025-09-30T00:00:00",
      "quarter_label": "2025-09 (Q3)",
      "revenue": 294821000,
      "gross_profit": null,
      "operating_income": 180493000,
      "net_income": null,
      "opex": 114328000,
      "cogs": null,
      "rd": null,
      "sga": null,
      "fcf": 212836000,
      "ocf": 212836000,
      "capex": null,
      "gross_margin": null,
      "op_margin": 0.6122121558504992,
      "fcf_margin": 0.7219160100535579,
      "incr_op_margin_yoy": 0.7240591559456535,
      "rev_growth_yoy": 0.09245562678326602,
      "rev_growth_yoy_accel": -0.03978181275416054,
      "fcf_margin_change": -0.14619301466883894
    },
    {
      "date": "2025-12-31T00:00:00",
      "quarter_label": "2025-12 (Q4)",
      "revenue": 297004000,
      "gross_profit": null,
      "operating_income": 100509000,
      "net_income": null,
      "opex": 196495000,
      "cogs": null,
      "rd": null,
      "sga": null,
      "fcf": 255503000,
      "ocf": 255503000,
      "capex": null,
      "gross_margin": null,
      "op_margin": 0.3384095837093103,
      "fcf_margin": 0.8602678751801323,
      "incr_op_margin_yoy": -8.106014485147476,
      "rev_growth_yoy": 0.03314004250774845,
      "rev_growth_yoy_accel": -0.05931558427551757,
      "fcf_margin_change": 0.13835186512657438
    }
  ],
  "signals": [
    {
      "quarter": "2025-12 (Q4)",
      "signal": "FCF MARGIN EXPANSION",
      "detail": "FCF margin: +72.2% -> +86.0% (+13.8%)",
      "severity": "MEDIUM"
    },
    {
      "quarter": "2025-12 (Q4)",
      "signal": "YoY REVENUE GROWTH DECELERATION",
      "detail": "YoY growth: +3.3% vs prior quarter YoY: +9.2% (decel: -5.9%)",
      "severity": "WARNING"
    },
    {
      "quarter": "2025-09 (Q3)",
      "signal": "INCREMENTAL MARGIN (YoY)",
      "detail": "YoY Incr OPM: +72.4% vs year-ago OPM: +60.2%",
      "severity": "MEDIUM"
    },
    {
      "quarter": "2025-06 (Q2)",
      "signal": "FCF MARGIN EXPANSION",
      "detail": "FCF margin: +68.3% -> +86.8% (+18.5%)",
      "severity": "MEDIUM"
    },
    {
      "quarter": "2025-06 (Q2)",
      "signal": "YoY REVENUE GROWTH ACCELERATION",
      "detail": "YoY growth: +13.2% vs prior quarter YoY: +4.3% (accel: +8.9%)",
      "severity": "MEDIUM"
    },
    {
      "quarter": "2025-06 (Q2)",
      "signal": "INCREMENTAL MARGIN (YoY)",
      "detail": "YoY Incr OPM: +94.4% vs year-ago OPM: +56.6%",
      "severity": "HIGH"
    },
    {
      "quarter": "2025-03 (Q1)",
      "signal": "YoY REVENUE GROWTH DECELERATION",
      "detail": "YoY growth: +4.3% vs prior quarter YoY: +10.5% (decel: -6.2%)",
      "severity": "WARNING"
    },
    {
      "quarter": "2025-03 (Q1)",
      "signal": "INCREMENTAL MARGIN (YoY)",
      "detail": "YoY Incr OPM: +90.8% vs year-ago OPM: +59.6%",
      "severity": "HIGH"
    },
    {
      "quarter": "2024-12 (Q4)",
      "signal": "FCF MARGIN EXPANSION",
      "detail": "FCF margin: +68.5% -> +80.9% (+12.4%)",
      "severity": "MEDIUM"
    },
    {
      "quarter": "2024-12 (Q4)",
      "signal": "OPERATING LEVERAGE",
      "detail": "Rev growth +6.5% vs OpEx growth +2.1% (leverage: 3.0x)",
      "severity": "MEDIUM"
    },
    {
      "quarter": "2024-12 (Q4)",
      "signal": "YoY REVENUE GROWTH ACCELERATION",
      "detail": "YoY growth: +10.5% vs prior quarter YoY: +2.3% (accel: +8.2%)",
      "severity": "MEDIUM"
    },
    {
      "quarter": "2024-12 (Q4)",
      "signal": "INCREMENTAL MARGIN (YoY)",
      "detail": "YoY Incr OPM: +80.8% vs year-ago OPM: +59.8%",
      "severity": "HIGH"
    },
    {
      "quarter": "2024-03 (Q1)",
      "signal": "INCREMENTAL MARGIN (YoY)",
      "detail": "YoY Incr OPM: +91.5% vs year-ago OPM: +57.2%",
      "severity": "HIGH"
    },
    {
      "quarter": "2023-12 (Q4)",
      "signal": "YoY REVENUE GROWTH DECELERATION",
      "detail": "YoY growth: +7.7% vs prior quarter YoY: +14.2% (decel: -6.5%)",
      "severity": "WARNING"
    },
    {
      "quarter": "2023-09 (Q3)",
      "signal": "INCREMENTAL MARGIN (YoY)",
      "detail": "YoY Incr OPM: +74.8% vs year-ago OPM: +59.6%",
      "severity": "MEDIUM"
    },
    {
      "quarter": "2023-06 (Q2)",
      "signal": "YoY REVENUE GROWTH DECELERATION",
      "detail": "YoY growth: +12.8% vs prior quarter YoY: +18.8% (decel: -5.9%)",
      "severity": "WARNING"
    },
    {
      "quarter": "2023-03 (Q1)",
      "signal": "YoY REVENUE GROWTH ACCELERATION",
      "detail": "YoY growth: +18.8% vs prior quarter YoY: +11.6% (accel: +7.2%)",
      "severity": "MEDIUM"
    },
    {
      "quarter": "2022-12 (Q4)",
      "signal": "YoY REVENUE GROWTH ACCELERATION",
      "detail": "YoY growth: +11.6% vs prior quarter YoY: +2.8% (accel: +8.8%)",
      "severity": "MEDIUM"
    },
    {
      "quarter": "2022-06 (Q2)",
      "signal": "INCREMENTAL MARGIN (YoY)",
      "detail": "YoY Incr OPM: +592.9% vs year-ago OPM: +65.0%",
      "severity": "HIGH"
    },
    {
      "quarter": "2022-03 (Q1)",
      "signal": "FCF MARGIN EXPANSION",
      "detail": "FCF margin: +75.9% -> +84.5% (+8.6%)",
      "severity": "MEDIUM"
    },
    {
      "quarter": "2022-03 (Q1)",
      "signal": "INCREMENTAL MARGIN (YoY)",
      "detail": "YoY Incr OPM: +78.7% vs year-ago OPM: +59.6%",
      "severity": "MEDIUM"
    },
    {
      "quarter": "2021-09 (Q3)",
      "signal": "FCF MARGIN EXPANSION",
      "detail": "FCF margin: +67.9% -> +82.3% (+14.4%)",
      "severity": "MEDIUM"
    }
  ],
  "data_quality": {
    "n_quarters": 20,
    "coverage": {
      "revenue": [
        20,
        20
      ],
      "gross_profit": [
        0,
        20
      ],
      "op_income": [
        20,
        20
      ],
      "fcf": [
        20,
        20
      ]
    },
    "gaps": [],
    "warnings": [
      "gross_profit: no data"
    ]
  },
  "market_cap": null,
  "source": "SEC EDGAR",
  "last_updated": "2026-02-13T11:40:33.255009"
}