{
  "ticker": "AMC",
  "name": "AMC ENTERTAINMENT HOLDINGS, INC.",
  "sector": "Communication Services",
  "industry": "Entertainment",
  "quarters": [
    {
      "date": "2021-03-31T00:00:00",
      "quarter_label": "2021-03 (Q1)",
      "revenue": 148300000,
      "gross_profit": null,
      "operating_income": -427800000,
      "net_income": -566900000,
      "opex": 2300000,
      "cogs": null,
      "rd": null,
      "sga": null,
      "fcf": -312900000,
      "ocf": -312900000,
      "capex": null,
      "gross_margin": null,
      "op_margin": -2.884693189480782,
      "fcf_margin": -2.109912339851652
    },
    {
      "date": "2021-06-30T00:00:00",
      "quarter_label": "2021-06 (Q2)",
      "revenue": 444700000,
      "gross_profit": null,
      "operating_income": -296600000,
      "net_income": -343600000,
      "opex": -4000000,
      "cogs": null,
      "rd": null,
      "sga": null,
      "fcf": -233800000,
      "ocf": -233800000,
      "capex": null,
      "gross_margin": null,
      "op_margin": -0.6669664942657971,
      "fcf_margin": -0.5257476950753317,
      "op_leverage_ratio": null,
      "fcf_margin_change": 1.5841646447763205
    },
    {
      "date": "2021-09-30T00:00:00",
      "quarter_label": "2021-09 (Q3)",
      "revenue": 763200000,
      "gross_profit": null,
      "operating_income": -145200000,
      "net_income": -224200000,
      "opex": -300000,
      "cogs": null,
      "rd": null,
      "sga": null,
      "fcf": -113900000,
      "ocf": -113900000,
      "capex": null,
      "gross_margin": null,
      "op_margin": -0.19025157232704404,
      "fcf_margin": -0.14924004192872117,
      "op_leverage_ratio": null,
      "fcf_margin_change": 0.3765076531466105
    },
    {
      "date": "2021-12-31T00:00:00",
      "quarter_label": "2021-12 (Q4)",
      "revenue": 1171700000,
      "gross_profit": null,
      "operating_income": -60400000,
      "net_income": -134400000,
      "opex": 2200000,
      "cogs": null,
      "rd": null,
      "sga": null,
      "fcf": 46500000,
      "ocf": 46500000,
      "capex": null,
      "gross_margin": null,
      "op_margin": -0.051549031322010753,
      "fcf_margin": 0.039685926431680466,
      "op_leverage_ratio": null,
      "fcf_margin_change": 0.18892596836040165
    },
    {
      "date": "2022-03-31T00:00:00",
      "quarter_label": "2022-03 (Q1)",
      "revenue": 785700000,
      "gross_profit": null,
      "operating_income": -166900000,
      "net_income": -337400000,
      "opex": 2300000,
      "cogs": null,
      "rd": null,
      "sga": null,
      "fcf": -295000000,
      "ocf": -295000000,
      "capex": null,
      "gross_margin": null,
      "op_margin": -0.2124220440371643,
      "fcf_margin": -0.3754613720249459,
      "incr_op_margin_yoy": 0.4093191088798243,
      "rev_growth_yoy": 4.298044504383007,
      "fcf_margin_change": -0.41514729845662635
    },
    {
      "date": "2022-06-30T00:00:00",
      "quarter_label": "2022-06 (Q2)",
      "revenue": 1166400000,
      "gross_profit": null,
      "operating_income": -16100000,
      "net_income": -121600000,
      "opex": 3900000,
      "cogs": null,
      "rd": null,
      "sga": null,
      "fcf": -76600000,
      "ocf": -76600000,
      "capex": null,
      "gross_margin": null,
      "op_margin": -0.01380315500685871,
      "fcf_margin": -0.0656721536351166,
      "incr_op_margin_yoy": 0.38866565054731883,
      "rev_growth_yoy": 1.6228918371936136,
      "rev_growth_yoy_accel": -2.6751526671893937,
      "op_leverage_ratio": 0.696520618556701,
      "fcf_margin_change": 0.3097892183898293
    },
    {
      "date": "2022-09-30T00:00:00",
      "quarter_label": "2022-09 (Q3)",
      "revenue": 968400000,
      "gross_profit": null,
      "operating_income": -114900000,
      "net_income": -226900000,
      "opex": 4300000,
      "cogs": null,
      "rd": null,
      "sga": null,
      "fcf": -223600000,
      "ocf": -223600000,
      "capex": null,
      "gross_margin": null,
      "op_margin": -0.11864931846344486,
      "fcf_margin": -0.2308963238331268,
      "incr_op_margin_yoy": 0.1476608187134503,
      "rev_growth_yoy": 0.2688679245283019,
      "rev_growth_yoy_accel": -1.3540239126653117,
      "fcf_margin_change": -0.16522417019801022
    },
    {
      "date": "2022-12-31T00:00:00",
      "quarter_label": "2022-12 (Q4)",
      "revenue": 990900000,
      "gross_profit": null,
      "operating_income": -224400000,
      "net_income": -287700000,
      "opex": -2500000,
      "cogs": null,
      "rd": null,
      "sga": null,
      "fcf": -33300000,
      "ocf": -33300000,
      "capex": null,
      "gross_margin": null,
      "op_margin": -0.2264607932182864,
      "fcf_margin": -0.03360581289736603,
      "incr_op_margin_yoy": 0.9070796460176991,
      "rev_growth_yoy": -0.15430570965264145,
      "rev_growth_yoy_accel": -0.42317363418094334,
      "op_leverage_ratio": null,
      "fcf_margin_change": 0.19729051093576078
    },
    {
      "date": "2023-03-31T00:00:00",
      "quarter_label": "2023-03 (Q1)",
      "revenue": 954400000,
      "gross_profit": null,
      "operating_income": -108200000,
      "net_income": -235500000,
      "opex": 1100000,
      "cogs": null,
      "rd": null,
      "sga": null,
      "fcf": -189900000,
      "ocf": -189900000,
      "capex": null,
      "gross_margin": null,
      "op_margin": -0.11336965632858341,
      "fcf_margin": -0.1989731768650461,
      "incr_op_margin_yoy": 0.34795494961470064,
      "rev_growth_yoy": 0.21471299478172332,
      "rev_growth_yoy_accel": 0.3690187044343648,
      "fcf_margin_change": -0.16536736396768006
    },
    {
      "date": "2023-06-30T00:00:00",
      "quarter_label": "2023-06 (Q2)",
      "revenue": 1347900000,
      "gross_profit": null,
      "operating_income": 84800000,
      "net_income": 8600000,
      "opex": -900000,
      "cogs": null,
      "rd": null,
      "sga": null,
      "fcf": -13400000,
      "ocf": -13400000,
      "capex": null,
      "gross_margin": null,
      "op_margin": 0.06291267898212033,
      "fcf_margin": -0.00994139031085392,
      "incr_op_margin_yoy": 0.5559228650137741,
      "rev_growth_yoy": 0.15560699588477367,
      "rev_growth_yoy_accel": -0.059105998896949646,
      "op_leverage_ratio": null,
      "fcf_margin_change": 0.18903178655419217
    },
    {
      "date": "2023-09-30T00:00:00",
      "quarter_label": "2023-09 (Q3)",
      "revenue": 1405900000,
      "gross_profit": null,
      "operating_income": 99400000,
      "net_income": 12300000,
      "opex": 3800000,
      "cogs": null,
      "rd": null,
      "sga": null,
      "fcf": 65900000,
      "ocf": 65900000,
      "capex": null,
      "gross_margin": null,
      "op_margin": 0.07070204139696991,
      "fcf_margin": 0.046873888612276836,
      "incr_op_margin_yoy": 0.48982857142857145,
      "rev_growth_yoy": 0.4517761255679471,
      "rev_growth_yoy_accel": 0.29616912968317344,
      "op_leverage_ratio": null,
      "fcf_margin_change": 0.056815278923130756
    },
    {
      "date": "2023-12-31T00:00:00",
      "quarter_label": "2023-12 (Q4)",
      "revenue": 1104400000,
      "gross_profit": null,
      "operating_income": -150300000,
      "net_income": -182000000,
      "opex": -1500000,
      "cogs": null,
      "rd": null,
      "sga": null,
      "fcf": -77800000,
      "ocf": -77800000,
      "capex": null,
      "gross_margin": null,
      "op_margin": -0.13609199565374863,
      "fcf_margin": -0.07044549076421587,
      "incr_op_margin_yoy": 0.652863436123348,
      "rev_growth_yoy": 0.11454233525078211,
      "rev_growth_yoy_accel": -0.337233790317165,
      "fcf_margin_change": -0.1173193793764927
    },
    {
      "date": "2024-03-31T00:00:00",
      "quarter_label": "2024-03 (Q1)",
      "revenue": 951400000,
      "gross_profit": null,
      "operating_income": -108400000,
      "net_income": -163500000,
      "opex": 500000,
      "cogs": null,
      "rd": null,
      "sga": null,
      "fcf": -188300000,
      "ocf": -188300000,
      "capex": null,
      "gross_margin": null,
      "op_margin": -0.11393735547614042,
      "fcf_margin": -0.1979188564221148,
      "incr_op_margin_yoy": 0.06666666666666667,
      "rev_growth_yoy": -0.003143336127409891,
      "rev_growth_yoy_accel": -0.117685671378192,
      "fcf_margin_change": -0.1274733656578989
    },
    {
      "date": "2024-06-30T00:00:00",
      "quarter_label": "2024-06 (Q2)",
      "revenue": 1030600000,
      "gross_profit": null,
      "operating_income": -47400000,
      "net_income": -32800000,
      "opex": 1000000,
      "cogs": null,
      "rd": null,
      "sga": null,
      "fcf": -34600000,
      "ocf": -34600000,
      "capex": null,
      "gross_margin": null,
      "op_margin": -0.04599262565495828,
      "fcf_margin": -0.0335726761110033,
      "incr_op_margin_yoy": 0.4166404034037189,
      "rev_growth_yoy": -0.23540321982342904,
      "rev_growth_yoy_accel": -0.23225988369601916,
      "op_leverage_ratio": 0.08324574311540887,
      "fcf_margin_change": 0.16434618031111148
    },
    {
      "date": "2024-09-30T00:00:00",
      "quarter_label": "2024-09 (Q3)",
      "revenue": 1348800000,
      "gross_profit": null,
      "operating_income": 71800000,
      "net_income": -20700000,
      "opex": 2000000,
      "cogs": null,
      "rd": null,
      "sga": null,
      "fcf": -31500000,
      "ocf": -31500000,
      "capex": null,
      "gross_margin": null,
      "op_margin": 0.05323250296559905,
      "fcf_margin": -0.023354092526690393,
      "incr_op_margin_yoy": 0.48336252189141854,
      "rev_growth_yoy": -0.040614552955402235,
      "rev_growth_yoy_accel": 0.19478866686802682,
      "op_leverage_ratio": 0.3087521831942558,
      "fcf_margin_change": 0.010218583584312907
    },
    {
      "date": "2024-12-31T00:00:00",
      "quarter_label": "2024-12 (Q4)",
      "revenue": 1306400000,
      "gross_profit": null,
      "operating_income": 4700000,
      "net_income": -135600000,
      "opex": 1900000,
      "cogs": null,
      "rd": null,
      "sga": null,
      "fcf": 203600000,
      "ocf": 203600000,
      "capex": null,
      "gross_margin": null,
      "op_margin": 0.003597672994488671,
      "fcf_margin": 0.15584813227189223,
      "incr_op_margin_yoy": 0.7673267326732673,
      "rev_growth_yoy": 0.1829047446577327,
      "rev_growth_yoy_accel": 0.22351929761313494,
      "fcf_margin_change": 0.1792022247985826
    },
    {
      "date": "2025-03-31T00:00:00",
      "quarter_label": "2025-03 (Q1)",
      "revenue": 862500000,
      "gross_profit": null,
      "operating_income": -145900000,
      "net_income": -202100000,
      "opex": 2800000,
      "cogs": null,
      "rd": null,
      "sga": null,
      "fcf": -370000000,
      "ocf": -370000000,
      "capex": null,
      "gross_margin": null,
      "op_margin": -0.16915942028985506,
      "fcf_margin": -0.4289855072463768,
      "incr_op_margin_yoy": 0.421822272215973,
      "rev_growth_yoy": -0.09344124448181627,
      "rev_growth_yoy_accel": -0.276345989139549,
      "fcf_margin_change": -0.584833639518269
    },
    {
      "date": "2025-06-30T00:00:00",
      "quarter_label": "2025-06 (Q2)",
      "revenue": 1397900000,
      "gross_profit": null,
      "operating_income": 92600000,
      "net_income": -4700000,
      "opex": 2600000,
      "cogs": null,
      "rd": null,
      "sga": null,
      "fcf": 138400000,
      "ocf": 138400000,
      "capex": null,
      "gross_margin": null,
      "op_margin": 0.0662422204735675,
      "fcf_margin": 0.09900565133414407,
      "incr_op_margin_yoy": 0.38115981486523276,
      "rev_growth_yoy": 0.35639433339802057,
      "rev_growth_yoy_accel": 0.44983557787983686,
      "op_leverage_ratio": null,
      "fcf_margin_change": 0.5279911585805208
    },
    {
      "date": "2025-09-30T00:00:00",
      "quarter_label": "2025-09 (Q3)",
      "revenue": 1300200000,
      "gross_profit": null,
      "operating_income": 35800000,
      "net_income": -298200000,
      "opex": 700000,
      "cogs": null,
      "rd": null,
      "sga": null,
      "fcf": -14900000,
      "ocf": -14900000,
      "capex": null,
      "gross_margin": null,
      "op_margin": 0.02753422550376865,
      "fcf_margin": -0.011459775419166282,
      "incr_op_margin_yoy": 0.7407407407407407,
      "rev_growth_yoy": -0.03603202846975089,
      "rev_growth_yoy_accel": -0.39242636186777147,
      "fcf_margin_change": -0.11046542675331035
    },
    {
      "date": "2025-12-31T00:00:00",
      "quarter_label": "2025-12 (Q4)",
      "revenue": 1288300000,
      "gross_profit": null,
      "operating_income": 100000,
      "net_income": -127400000,
      "opex": 8500000,
      "cogs": null,
      "rd": null,
      "sga": null,
      "fcf": 126700000,
      "ocf": 126700000,
      "capex": null,
      "gross_margin": null,
      "op_margin": 7.762167197081425e-05,
      "fcf_margin": 0.09834665838702165,
      "incr_op_margin_yoy": 0.2541436464088398,
      "rev_growth_yoy": -0.013854868340477649,
      "rev_growth_yoy_accel": 0.022177160129273243,
      "fcf_margin_change": 0.10980643380618793
    }
  ],
  "signals": [
    {
      "quarter": "2025-12 (Q4)",
      "signal": "FCF TURNED POSITIVE",
      "detail": "FCF margin: -1.1% -> +9.8%",
      "severity": "HIGH"
    },
    {
      "quarter": "2025-12 (Q4)",
      "signal": "INCREMENTAL MARGIN (YoY)",
      "detail": "YoY Incr OPM: +25.4% vs year-ago OPM: +0.4%",
      "severity": "HIGH"
    },
    {
      "quarter": "2025-09 (Q3)",
      "signal": "YoY REVENUE GROWTH DECELERATION",
      "detail": "YoY growth: -3.6% vs prior quarter YoY: +35.6% (decel: -39.2%)",
      "severity": "WARNING"
    },
    {
      "quarter": "2025-09 (Q3)",
      "signal": "INCREMENTAL MARGIN (YoY)",
      "detail": "YoY Incr OPM: +74.1% vs year-ago OPM: +5.3%",
      "severity": "HIGH"
    },
    {
      "quarter": "2025-06 (Q2)",
      "signal": "FCF TURNED POSITIVE",
      "detail": "FCF margin: -42.9% -> +9.9%",
      "severity": "HIGH"
    },
    {
      "quarter": "2025-06 (Q2)",
      "signal": "YoY REVENUE GROWTH ACCELERATION",
      "detail": "YoY growth: +35.6% vs prior quarter YoY: -9.3% (accel: +45.0%)",
      "severity": "HIGH"
    },
    {
      "quarter": "2025-06 (Q2)",
      "signal": "OP MARGIN TURNED POSITIVE (YoY)",
      "detail": "Op margin: -4.6% (year-ago) -> +6.6%",
      "severity": "HIGH"
    },
    {
      "quarter": "2025-06 (Q2)",
      "signal": "OP MARGIN TURNED POSITIVE (QoQ)",
      "detail": "Op margin: -16.9% -> +6.6%",
      "severity": "HIGH"
    },
    {
      "quarter": "2025-03 (Q1)",
      "signal": "YoY REVENUE GROWTH DECELERATION",
      "detail": "YoY growth: -9.3% vs prior quarter YoY: +18.3% (decel: -27.6%)",
      "severity": "WARNING"
    },
    {
      "quarter": "2024-12 (Q4)",
      "signal": "FCF TURNED POSITIVE",
      "detail": "FCF margin: -2.3% -> +15.6%",
      "severity": "HIGH"
    },
    {
      "quarter": "2024-12 (Q4)",
      "signal": "YoY REVENUE GROWTH ACCELERATION",
      "detail": "YoY growth: +18.3% vs prior quarter YoY: -4.1% (accel: +22.4%)",
      "severity": "HIGH"
    },
    {
      "quarter": "2024-12 (Q4)",
      "signal": "OP MARGIN TURNED POSITIVE (YoY)",
      "detail": "Op margin: -13.6% (year-ago) -> +0.4%",
      "severity": "HIGH"
    },
    {
      "quarter": "2024-09 (Q3)",
      "signal": "YoY REVENUE GROWTH ACCELERATION",
      "detail": "YoY growth: -4.1% vs prior quarter YoY: -23.5% (accel: +19.5%)",
      "severity": "HIGH"
    },
    {
      "quarter": "2024-09 (Q3)",
      "signal": "INCREMENTAL MARGIN (YoY)",
      "detail": "YoY Incr OPM: +48.3% vs year-ago OPM: +7.1%",
      "severity": "HIGH"
    },
    {
      "quarter": "2024-09 (Q3)",
      "signal": "OP MARGIN TURNED POSITIVE (QoQ)",
      "detail": "Op margin: -4.6% -> +5.3%",
      "severity": "HIGH"
    },
    {
      "quarter": "2024-06 (Q2)",
      "signal": "FCF MARGIN EXPANSION",
      "detail": "FCF margin: -19.8% -> -3.4% (+16.4%)",
      "severity": "MEDIUM"
    },
    {
      "quarter": "2024-06 (Q2)",
      "signal": "YoY REVENUE GROWTH DECELERATION",
      "detail": "YoY growth: -23.5% vs prior quarter YoY: -0.3% (decel: -23.2%)",
      "severity": "WARNING"
    },
    {
      "quarter": "2024-03 (Q1)",
      "signal": "YoY REVENUE GROWTH DECELERATION",
      "detail": "YoY growth: -0.3% vs prior quarter YoY: +11.5% (decel: -11.8%)",
      "severity": "WARNING"
    },
    {
      "quarter": "2023-12 (Q4)",
      "signal": "YoY REVENUE GROWTH DECELERATION",
      "detail": "YoY growth: +11.5% vs prior quarter YoY: +45.2% (decel: -33.7%)",
      "severity": "WARNING"
    },
    {
      "quarter": "2023-09 (Q3)",
      "signal": "FCF TURNED POSITIVE",
      "detail": "FCF margin: -1.0% -> +4.7%",
      "severity": "HIGH"
    },
    {
      "quarter": "2023-09 (Q3)",
      "signal": "YoY REVENUE GROWTH ACCELERATION",
      "detail": "YoY growth: +45.2% vs prior quarter YoY: +15.6% (accel: +29.6%)",
      "severity": "HIGH"
    },
    {
      "quarter": "2023-09 (Q3)",
      "signal": "OP MARGIN TURNED POSITIVE (YoY)",
      "detail": "Op margin: -11.9% (year-ago) -> +7.1%",
      "severity": "HIGH"
    },
    {
      "quarter": "2023-06 (Q2)",
      "signal": "FCF MARGIN EXPANSION",
      "detail": "FCF margin: -19.9% -> -1.0% (+18.9%)",
      "severity": "MEDIUM"
    },
    {
      "quarter": "2023-06 (Q2)",
      "signal": "YoY REVENUE GROWTH DECELERATION",
      "detail": "YoY growth: +15.6% vs prior quarter YoY: +21.5% (decel: -5.9%)",
      "severity": "WARNING"
    },
    {
      "quarter": "2023-06 (Q2)",
      "signal": "OP MARGIN TURNED POSITIVE (YoY)",
      "detail": "Op margin: -1.4% (year-ago) -> +6.3%",
      "severity": "HIGH"
    },
    {
      "quarter": "2023-06 (Q2)",
      "signal": "OP MARGIN TURNED POSITIVE (QoQ)",
      "detail": "Op margin: -11.3% -> +6.3%",
      "severity": "HIGH"
    },
    {
      "quarter": "2023-03 (Q1)",
      "signal": "YoY REVENUE GROWTH ACCELERATION",
      "detail": "YoY growth: +21.5% vs prior quarter YoY: -15.4% (accel: +36.9%)",
      "severity": "HIGH"
    },
    {
      "quarter": "2022-12 (Q4)",
      "signal": "FCF MARGIN EXPANSION",
      "detail": "FCF margin: -23.1% -> -3.4% (+19.7%)",
      "severity": "MEDIUM"
    },
    {
      "quarter": "2022-12 (Q4)",
      "signal": "YoY REVENUE GROWTH DECELERATION",
      "detail": "YoY growth: -15.4% vs prior quarter YoY: +26.9% (decel: -42.3%)",
      "severity": "WARNING"
    },
    {
      "quarter": "2022-09 (Q3)",
      "signal": "YoY REVENUE GROWTH DECELERATION",
      "detail": "YoY growth: +26.9% vs prior quarter YoY: +162.3% (decel: -135.4%)",
      "severity": "WARNING"
    },
    {
      "quarter": "2022-06 (Q2)",
      "signal": "FCF MARGIN EXPANSION",
      "detail": "FCF margin: -37.5% -> -6.6% (+31.0%)",
      "severity": "MEDIUM"
    },
    {
      "quarter": "2022-06 (Q2)",
      "signal": "YoY REVENUE GROWTH DECELERATION",
      "detail": "YoY growth: +162.3% vs prior quarter YoY: +429.8% (decel: -267.5%)",
      "severity": "WARNING"
    },
    {
      "quarter": "2021-12 (Q4)",
      "signal": "FCF TURNED POSITIVE",
      "detail": "FCF margin: -14.9% -> +4.0%",
      "severity": "HIGH"
    },
    {
      "quarter": "2021-09 (Q3)",
      "signal": "FCF MARGIN EXPANSION",
      "detail": "FCF margin: -52.6% -> -14.9% (+37.7%)",
      "severity": "MEDIUM"
    },
    {
      "quarter": "2021-06 (Q2)",
      "signal": "FCF MARGIN EXPANSION",
      "detail": "FCF margin: -211.0% -> -52.6% (+158.4%)",
      "severity": "MEDIUM"
    }
  ],
  "data_quality": {
    "n_quarters": 20,
    "coverage": {
      "revenue": [
        20,
        20
      ],
      "gross_profit": [
        0,
        20
      ],
      "op_income": [
        20,
        20
      ],
      "fcf": [
        20,
        20
      ]
    },
    "gaps": [],
    "warnings": [
      "gross_profit: no data"
    ]
  },
  "market_cap": null,
  "source": "SEC EDGAR",
  "last_updated": "2026-02-24T10:08:39.278582"
}