{
  "ticker": "AMP",
  "name": "AMERIPRISE FINANCIAL,\u00a0INC.",
  "quarters": [
    {
      "date": "2020-12-31T00:00:00",
      "quarter_label": "2020-12 (Q4)",
      "revenue": 3189000000,
      "gross_profit": null,
      "operating_income": null,
      "net_income": 177000000,
      "opex": 2993000000,
      "cogs": null,
      "rd": null,
      "sga": null,
      "fcf": -1016000000,
      "ocf": -1016000000,
      "capex": null,
      "gross_margin": null,
      "op_margin": null,
      "fcf_margin": -0.31859517089996864
    },
    {
      "date": "2021-03-31T00:00:00",
      "quarter_label": "2021-03 (Q1)",
      "revenue": 3355000000,
      "gross_profit": null,
      "operating_income": null,
      "net_income": 437000000,
      "opex": 2857000000,
      "cogs": null,
      "rd": null,
      "sga": null,
      "fcf": -1000000000,
      "ocf": -1000000000,
      "capex": null,
      "gross_margin": null,
      "op_margin": null,
      "fcf_margin": -0.29806259314456035,
      "op_leverage_ratio": Infinity,
      "fcf_margin_change": 0.020532577755408288
    },
    {
      "date": "2021-06-30T00:00:00",
      "quarter_label": "2021-06 (Q2)",
      "revenue": 3420000000,
      "gross_profit": null,
      "operating_income": null,
      "net_income": 591000000,
      "opex": 2697000000,
      "cogs": null,
      "rd": null,
      "sga": null,
      "fcf": 1931000000,
      "ocf": 1931000000,
      "capex": null,
      "gross_margin": null,
      "op_margin": null,
      "fcf_margin": 0.5646198830409357,
      "op_leverage_ratio": Infinity,
      "fcf_margin_change": 0.8626824761854961
    },
    {
      "date": "2021-09-30T00:00:00",
      "quarter_label": "2021-09 (Q3)",
      "revenue": 2906000000,
      "gross_profit": null,
      "operating_income": null,
      "net_income": 1031000000,
      "opex": 1633000000,
      "cogs": null,
      "rd": null,
      "sga": null,
      "fcf": 843000000,
      "ocf": 843000000,
      "capex": null,
      "gross_margin": null,
      "op_margin": null,
      "fcf_margin": 0.2900894700619408,
      "fcf_margin_change": -0.2745304129789949
    },
    {
      "date": "2021-12-31T00:00:00",
      "quarter_label": "2021-12 (Q4)",
      "revenue": 3762000000,
      "gross_profit": null,
      "operating_income": null,
      "net_income": 701000000,
      "opex": 2894000000,
      "cogs": null,
      "rd": null,
      "sga": null,
      "fcf": 1551000000,
      "ocf": 1551000000,
      "capex": null,
      "gross_margin": null,
      "op_margin": null,
      "fcf_margin": 0.41228070175438597,
      "rev_growth_yoy": 0.17968015051740358,
      "op_leverage_ratio": 0.38146021821460485,
      "fcf_margin_change": 0.12219123169244517
    },
    {
      "date": "2022-03-31T00:00:00",
      "quarter_label": "2022-03 (Q1)",
      "revenue": 3657000000,
      "gross_profit": null,
      "operating_income": null,
      "net_income": 761000000,
      "opex": 2732000000,
      "cogs": null,
      "rd": null,
      "sga": null,
      "fcf": 409000000,
      "ocf": 409000000,
      "capex": null,
      "gross_margin": null,
      "op_margin": null,
      "fcf_margin": 0.11184030626196335,
      "rev_growth_yoy": 0.09001490312965722,
      "rev_growth_yoy_accel": -0.08966524738774635,
      "fcf_margin_change": -0.30044039549242263
    },
    {
      "date": "2022-06-30T00:00:00",
      "quarter_label": "2022-06 (Q2)",
      "revenue": 3511000000,
      "gross_profit": null,
      "operating_income": null,
      "net_income": 756000000,
      "opex": 2553000000,
      "cogs": null,
      "rd": null,
      "sga": null,
      "fcf": 1409000000,
      "ocf": 1409000000,
      "capex": null,
      "gross_margin": null,
      "op_margin": null,
      "fcf_margin": 0.4013101680432925,
      "rev_growth_yoy": 0.026608187134502925,
      "rev_growth_yoy_accel": -0.0634067159951543,
      "fcf_margin_change": 0.28946986178132916
    },
    {
      "date": "2022-09-30T00:00:00",
      "quarter_label": "2022-09 (Q3)",
      "revenue": 3506000000,
      "gross_profit": null,
      "operating_income": null,
      "net_income": 548000000,
      "opex": 2806000000,
      "cogs": null,
      "rd": null,
      "sga": null,
      "fcf": 1372000000,
      "ocf": 1372000000,
      "capex": null,
      "gross_margin": null,
      "op_margin": null,
      "fcf_margin": 0.39132915002852253,
      "rev_growth_yoy": 0.20646937370956642,
      "rev_growth_yoy_accel": 0.1798611865750635,
      "fcf_margin_change": -0.009981018014769971
    },
    {
      "date": "2022-12-31T00:00:00",
      "quarter_label": "2022-12 (Q4)",
      "revenue": 3673000000,
      "gross_profit": null,
      "operating_income": null,
      "net_income": 649000000,
      "opex": 2998000000,
      "cogs": null,
      "rd": null,
      "sga": null,
      "fcf": 1217000000,
      "ocf": 1217000000,
      "capex": null,
      "gross_margin": null,
      "op_margin": null,
      "fcf_margin": 0.3313367819221345,
      "rev_growth_yoy": -0.023657628920786815,
      "rev_growth_yoy_accel": -0.23012700263035324,
      "op_leverage_ratio": 0.6961310372694428,
      "fcf_margin_change": -0.05999236810638803
    },
    {
      "date": "2023-03-31T00:00:00",
      "quarter_label": "2023-03 (Q1)",
      "revenue": 3845000000,
      "gross_profit": null,
      "operating_income": null,
      "net_income": 417000000,
      "opex": 3246000000,
      "cogs": null,
      "rd": null,
      "sga": null,
      "fcf": 1056000000,
      "ocf": 1056000000,
      "capex": null,
      "gross_margin": null,
      "op_margin": null,
      "fcf_margin": 0.2746423927178153,
      "rev_growth_yoy": 0.0514082581350834,
      "rev_growth_yoy_accel": 0.07506588705587022,
      "op_leverage_ratio": 0.5660925849485786,
      "fcf_margin_change": -0.056694389204319184
    },
    {
      "date": "2023-06-30T00:00:00",
      "quarter_label": "2023-06 (Q2)",
      "revenue": 4007000000,
      "gross_profit": null,
      "operating_income": null,
      "net_income": 890000000,
      "opex": 2749000000,
      "cogs": null,
      "rd": null,
      "sga": null,
      "fcf": 561000000,
      "ocf": 561000000,
      "capex": null,
      "gross_margin": null,
      "op_margin": null,
      "fcf_margin": 0.14000499126528576,
      "rev_growth_yoy": 0.14127029336371405,
      "rev_growth_yoy_accel": 0.08986203522863065,
      "op_leverage_ratio": Infinity,
      "fcf_margin_change": -0.13463740145252956
    },
    {
      "date": "2023-09-30T00:00:00",
      "quarter_label": "2023-09 (Q3)",
      "revenue": 4076000000,
      "gross_profit": null,
      "operating_income": null,
      "net_income": 872000000,
      "opex": 2808000000,
      "cogs": null,
      "rd": null,
      "sga": null,
      "fcf": 925000000,
      "ocf": 925000000,
      "capex": null,
      "gross_margin": null,
      "op_margin": null,
      "fcf_margin": 0.22693817468105987,
      "rev_growth_yoy": 0.16257843696520252,
      "rev_growth_yoy_accel": 0.021308143601488472,
      "op_leverage_ratio": 0.8023289751409609,
      "fcf_margin_change": 0.0869331834157741
    },
    {
      "date": "2023-12-31T00:00:00",
      "quarter_label": "2023-12 (Q4)",
      "revenue": 4168000000,
      "gross_profit": null,
      "operating_income": null,
      "net_income": 377000000,
      "opex": 3498000000,
      "cogs": null,
      "rd": null,
      "sga": null,
      "fcf": 2143000000,
      "ocf": 2143000000,
      "capex": null,
      "gross_margin": null,
      "op_margin": null,
      "fcf_margin": 0.5141554702495201,
      "rev_growth_yoy": 0.13476722025592158,
      "rev_growth_yoy_accel": -0.02781121670928094,
      "op_leverage_ratio": 0.09185475956820413,
      "fcf_margin_change": 0.28721729556846026
    },
    {
      "date": "2024-03-31T00:00:00",
      "quarter_label": "2024-03 (Q1)",
      "revenue": 4325000000,
      "gross_profit": null,
      "operating_income": null,
      "net_income": 990000000,
      "opex": 2927000000,
      "cogs": null,
      "rd": null,
      "sga": null,
      "fcf": 1444000000,
      "ocf": 1444000000,
      "capex": null,
      "gross_margin": null,
      "op_margin": null,
      "fcf_margin": 0.3338728323699422,
      "rev_growth_yoy": 0.12483745123537061,
      "rev_growth_yoy_accel": -0.009929769020550969,
      "op_leverage_ratio": Infinity,
      "fcf_margin_change": -0.18028263787957793
    },
    {
      "date": "2024-06-30T00:00:00",
      "quarter_label": "2024-06 (Q2)",
      "revenue": 4392000000,
      "gross_profit": null,
      "operating_income": null,
      "net_income": 829000000,
      "opex": 3169000000,
      "cogs": null,
      "rd": null,
      "sga": null,
      "fcf": 1720000000,
      "ocf": 1720000000,
      "capex": null,
      "gross_margin": null,
      "op_margin": null,
      "fcf_margin": 0.39162112932604737,
      "rev_growth_yoy": 0.0960818567506863,
      "rev_growth_yoy_accel": -0.028755594484684316,
      "op_leverage_ratio": 0.18736827019538527,
      "fcf_margin_change": 0.05774829695610517
    },
    {
      "date": "2024-09-30T00:00:00",
      "quarter_label": "2024-09 (Q3)",
      "revenue": 4560000000,
      "gross_profit": null,
      "operating_income": null,
      "net_income": 511000000,
      "opex": 3752000000,
      "cogs": null,
      "rd": null,
      "sga": null,
      "fcf": 3048000000,
      "ocf": 3048000000,
      "capex": null,
      "gross_margin": null,
      "op_margin": null,
      "fcf_margin": 0.6684210526315789,
      "rev_growth_yoy": 0.11874386653581943,
      "rev_growth_yoy_accel": 0.022662009785133136,
      "op_leverage_ratio": 0.20792209131213152,
      "fcf_margin_change": 0.27679992330553155
    },
    {
      "date": "2024-12-31T00:00:00",
      "quarter_label": "2024-12 (Q4)",
      "revenue": 4649000000,
      "gross_profit": null,
      "operating_income": null,
      "net_income": 1071000000,
      "opex": 3149000000,
      "cogs": null,
      "rd": null,
      "sga": null,
      "fcf": 383000000,
      "ocf": 383000000,
      "capex": null,
      "gross_margin": null,
      "op_margin": null,
      "fcf_margin": 0.08238330823833083,
      "rev_growth_yoy": 0.11540307101727447,
      "rev_growth_yoy_accel": -0.0033407955185449645,
      "op_leverage_ratio": Infinity,
      "fcf_margin_change": -0.5860377443932481
    },
    {
      "date": "2025-03-31T00:00:00",
      "quarter_label": "2025-03 (Q1)",
      "revenue": 4481000000,
      "gross_profit": null,
      "operating_income": null,
      "net_income": 583000000,
      "opex": 3667000000,
      "cogs": null,
      "rd": null,
      "sga": null,
      "fcf": 1686000000,
      "ocf": 1686000000,
      "capex": null,
      "gross_margin": null,
      "op_margin": null,
      "fcf_margin": 0.3762553001562151,
      "rev_growth_yoy": 0.036069364161849714,
      "rev_growth_yoy_accel": -0.07933370685542476,
      "fcf_margin_change": 0.29387199191788427
    },
    {
      "date": "2025-06-30T00:00:00",
      "quarter_label": "2025-06 (Q2)",
      "revenue": 4490000000,
      "gross_profit": null,
      "operating_income": null,
      "net_income": 1060000000,
      "opex": 3024000000,
      "cogs": null,
      "rd": null,
      "sga": null,
      "fcf": 1764000000,
      "ocf": 1764000000,
      "capex": null,
      "gross_margin": null,
      "op_margin": null,
      "fcf_margin": 0.3928730512249443,
      "rev_growth_yoy": 0.022313296903460837,
      "rev_growth_yoy_accel": -0.013756067258388877,
      "fcf_margin_change": 0.016617751068729203
    },
    {
      "date": "2025-09-30T00:00:00",
      "quarter_label": "2025-09 (Q3)",
      "revenue": 4893000000,
      "gross_profit": null,
      "operating_income": null,
      "net_income": 912000000,
      "opex": 3617000000,
      "cogs": null,
      "rd": null,
      "sga": null,
      "fcf": 2204000000,
      "ocf": 2204000000,
      "capex": null,
      "gross_margin": null,
      "op_margin": null,
      "fcf_margin": 0.4504394032291028,
      "rev_growth_yoy": 0.07302631578947369,
      "rev_growth_yoy_accel": 0.05071301888601285,
      "op_leverage_ratio": 0.45770514953597463,
      "fcf_margin_change": 0.057566352004158494
    }
  ],
  "signals": [
    {
      "quarter": "2025-09 (Q3)",
      "signal": "FCF MARGIN EXPANSION",
      "detail": "FCF margin: +39.3% -> +45.0% (+5.8%)",
      "severity": "MEDIUM"
    },
    {
      "quarter": "2025-09 (Q3)",
      "signal": "YoY REVENUE GROWTH ACCELERATION",
      "detail": "YoY growth: +7.3% vs prior quarter YoY: +2.2% (accel: +5.1%)",
      "severity": "MEDIUM"
    },
    {
      "quarter": "2025-03 (Q1)",
      "signal": "FCF MARGIN EXPANSION",
      "detail": "FCF margin: +8.2% -> +37.6% (+29.4%)",
      "severity": "MEDIUM"
    },
    {
      "quarter": "2025-03 (Q1)",
      "signal": "YoY REVENUE GROWTH DECELERATION",
      "detail": "YoY growth: +3.6% vs prior quarter YoY: +11.5% (decel: -7.9%)",
      "severity": "WARNING"
    },
    {
      "quarter": "2024-09 (Q3)",
      "signal": "FCF MARGIN EXPANSION",
      "detail": "FCF margin: +39.2% -> +66.8% (+27.7%)",
      "severity": "MEDIUM"
    },
    {
      "quarter": "2024-06 (Q2)",
      "signal": "FCF MARGIN EXPANSION",
      "detail": "FCF margin: +33.4% -> +39.2% (+5.8%)",
      "severity": "MEDIUM"
    },
    {
      "quarter": "2023-12 (Q4)",
      "signal": "FCF MARGIN EXPANSION",
      "detail": "FCF margin: +22.7% -> +51.4% (+28.7%)",
      "severity": "MEDIUM"
    },
    {
      "quarter": "2023-09 (Q3)",
      "signal": "FCF MARGIN EXPANSION",
      "detail": "FCF margin: +14.0% -> +22.7% (+8.7%)",
      "severity": "MEDIUM"
    },
    {
      "quarter": "2023-06 (Q2)",
      "signal": "YoY REVENUE GROWTH ACCELERATION",
      "detail": "YoY growth: +14.1% vs prior quarter YoY: +5.1% (accel: +9.0%)",
      "severity": "MEDIUM"
    },
    {
      "quarter": "2023-03 (Q1)",
      "signal": "YoY REVENUE GROWTH ACCELERATION",
      "detail": "YoY growth: +5.1% vs prior quarter YoY: -2.4% (accel: +7.5%)",
      "severity": "MEDIUM"
    },
    {
      "quarter": "2022-12 (Q4)",
      "signal": "YoY REVENUE GROWTH DECELERATION",
      "detail": "YoY growth: -2.4% vs prior quarter YoY: +20.6% (decel: -23.0%)",
      "severity": "WARNING"
    },
    {
      "quarter": "2022-09 (Q3)",
      "signal": "YoY REVENUE GROWTH ACCELERATION",
      "detail": "YoY growth: +20.6% vs prior quarter YoY: +2.7% (accel: +18.0%)",
      "severity": "HIGH"
    },
    {
      "quarter": "2022-06 (Q2)",
      "signal": "FCF MARGIN EXPANSION",
      "detail": "FCF margin: +11.2% -> +40.1% (+28.9%)",
      "severity": "MEDIUM"
    },
    {
      "quarter": "2022-06 (Q2)",
      "signal": "YoY REVENUE GROWTH DECELERATION",
      "detail": "YoY growth: +2.7% vs prior quarter YoY: +9.0% (decel: -6.3%)",
      "severity": "WARNING"
    },
    {
      "quarter": "2022-03 (Q1)",
      "signal": "YoY REVENUE GROWTH DECELERATION",
      "detail": "YoY growth: +9.0% vs prior quarter YoY: +18.0% (decel: -9.0%)",
      "severity": "WARNING"
    },
    {
      "quarter": "2021-12 (Q4)",
      "signal": "FCF MARGIN EXPANSION",
      "detail": "FCF margin: +29.0% -> +41.2% (+12.2%)",
      "severity": "MEDIUM"
    },
    {
      "quarter": "2021-06 (Q2)",
      "signal": "FCF TURNED POSITIVE",
      "detail": "FCF margin: -29.8% -> +56.5%",
      "severity": "HIGH"
    }
  ],
  "data_quality": {
    "n_quarters": 20,
    "coverage": {
      "revenue": [
        20,
        20
      ],
      "gross_profit": [
        0,
        20
      ],
      "op_income": [
        0,
        20
      ],
      "fcf": [
        20,
        20
      ]
    },
    "gaps": [],
    "warnings": [
      "gross_profit: no data",
      "op_income: no data"
    ]
  },
  "market_cap": null,
  "source": "SEC EDGAR",
  "last_updated": "2026-02-02T20:00:51.654559"
}