{
  "ticker": "AMPL",
  "name": "AMPLITUDE, INC.",
  "sector": "Technology",
  "industry": "Software - Application",
  "quarters": [
    {
      "date": "2021-03-31T00:00:00",
      "quarter_label": "2021-03 (Q1)",
      "revenue": 33110000,
      "gross_profit": 22855000,
      "operating_income": null,
      "net_income": -6439000,
      "opex": 29004000,
      "cogs": 10255000,
      "rd": 6985000,
      "sga": null,
      "fcf": -712000,
      "ocf": -462000,
      "capex": -250000,
      "gross_margin": 0.6902748414376322,
      "op_margin": null,
      "fcf_margin": -0.021504077318030806
    },
    {
      "date": "2021-06-30T00:00:00",
      "quarter_label": "2021-06 (Q2)",
      "revenue": 39254000,
      "gross_profit": 27119000,
      "operating_income": null,
      "net_income": -10083000,
      "opex": 36866000,
      "cogs": 12135000,
      "rd": 8544000,
      "sga": null,
      "fcf": -5466000,
      "ocf": -5061000,
      "capex": -405000,
      "gross_margin": 0.6908595302389565,
      "op_margin": null,
      "fcf_margin": -0.1392469557242574,
      "op_leverage_ratio": 0.6845684555102243,
      "fcf_margin_change": -0.1177428784062266
    },
    {
      "date": "2021-09-30T00:00:00",
      "quarter_label": "2021-09 (Q3)",
      "revenue": 45473000,
      "gross_profit": 31491000,
      "operating_income": null,
      "net_income": -36559000,
      "opex": 68259000,
      "cogs": 13982000,
      "rd": 18493000,
      "sga": null,
      "fcf": -15388000,
      "ocf": -15086000,
      "capex": -302000,
      "gross_margin": 0.6925208365403646,
      "op_margin": null,
      "fcf_margin": -0.3383986101642733,
      "op_leverage_ratio": 0.18605006984244307,
      "fcf_margin_change": -0.1991516544400159
    },
    {
      "date": "2021-12-31T00:00:00",
      "quarter_label": "2021-12 (Q4)",
      "revenue": 49424000,
      "gross_profit": 34032000,
      "operating_income": null,
      "net_income": -21902000,
      "opex": 55517000,
      "cogs": 15392000,
      "rd": 14229000,
      "sga": null,
      "fcf": -11676000,
      "ocf": -11104000,
      "capex": -572000,
      "gross_margin": 0.6885723535124636,
      "op_margin": null,
      "fcf_margin": -0.23624150210424086,
      "op_leverage_ratio": null,
      "fcf_margin_change": 0.10215710806003245
    },
    {
      "date": "2022-03-31T00:00:00",
      "quarter_label": "2022-03 (Q1)",
      "revenue": 53065000,
      "gross_profit": 37002000,
      "operating_income": null,
      "net_income": -22220000,
      "opex": 58993000,
      "cogs": 16063000,
      "rd": 16501000,
      "sga": null,
      "fcf": -9002000,
      "ocf": -8289000,
      "capex": -713000,
      "gross_margin": 0.6972957693394893,
      "op_margin": null,
      "fcf_margin": -0.16964100631301235,
      "rev_growth_yoy": 0.6026880096647539,
      "op_leverage_ratio": 1.176600449840389,
      "fcf_margin_change": 0.06660049579122851
    },
    {
      "date": "2022-06-30T00:00:00",
      "quarter_label": "2022-06 (Q2)",
      "revenue": 58130000,
      "gross_profit": 41070000,
      "operating_income": null,
      "net_income": -24568000,
      "opex": 65653000,
      "cogs": 17060000,
      "rd": 20306000,
      "sga": null,
      "fcf": 8830000,
      "ocf": 10642000,
      "capex": -1812000,
      "gross_margin": 0.7065198692585584,
      "op_margin": null,
      "fcf_margin": 0.1519009117495269,
      "rev_growth_yoy": 0.4808681917766342,
      "rev_growth_yoy_accel": -0.12181981788811969,
      "op_leverage_ratio": 0.8454686996428257,
      "fcf_margin_change": 0.3215419180625393
    },
    {
      "date": "2022-09-30T00:00:00",
      "quarter_label": "2022-09 (Q3)",
      "revenue": 61614000,
      "gross_profit": 43538000,
      "operating_income": null,
      "net_income": -22544000,
      "opex": 67728000,
      "cogs": 18076000,
      "rd": 21590000,
      "sga": null,
      "fcf": -3626000,
      "ocf": -3139000,
      "capex": -487000,
      "gross_margin": 0.7066251176680625,
      "op_margin": null,
      "fcf_margin": -0.05885026130424904,
      "rev_growth_yoy": 0.35495788709783826,
      "rev_growth_yoy_accel": -0.12591030467879594,
      "op_leverage_ratio": 1.8963316703939448,
      "fcf_margin_change": -0.21075117305377594
    },
    {
      "date": "2022-12-31T00:00:00",
      "quarter_label": "2022-12 (Q4)",
      "revenue": 65258000,
      "gross_profit": 46015000,
      "operating_income": null,
      "net_income": -24045000,
      "opex": 71813000,
      "cogs": 19243000,
      "rd": 22192000,
      "sga": null,
      "fcf": -5218000,
      "ocf": -4598000,
      "capex": -620000,
      "gross_margin": 0.7051242759508413,
      "op_margin": null,
      "fcf_margin": -0.07995954518986179,
      "rev_growth_yoy": 0.3203706701197799,
      "rev_growth_yoy_accel": -0.03458721697805839,
      "op_leverage_ratio": 0.9805622154496909,
      "fcf_margin_change": -0.02110928388561275
    },
    {
      "date": "2023-03-31T00:00:00",
      "quarter_label": "2023-03 (Q1)",
      "revenue": 66477000,
      "gross_profit": 47290000,
      "operating_income": null,
      "net_income": -26315000,
      "opex": 76463000,
      "cogs": 19187000,
      "rd": 23708000,
      "sga": null,
      "fcf": -5390000,
      "ocf": -5061000,
      "capex": -329000,
      "gross_margin": 0.7113738586277961,
      "op_margin": null,
      "fcf_margin": -0.08108067451900658,
      "rev_growth_yoy": 0.25274663148968246,
      "rev_growth_yoy_accel": -0.06762403863009742,
      "op_leverage_ratio": 0.28848289189279147,
      "fcf_margin_change": -0.0011211293291447932
    },
    {
      "date": "2023-06-30T00:00:00",
      "quarter_label": "2023-06 (Q2)",
      "revenue": 67767000,
      "gross_profit": 50587000,
      "operating_income": null,
      "net_income": -27758000,
      "opex": 81474000,
      "cogs": 17180000,
      "rd": 22435000,
      "sga": null,
      "fcf": 19740000,
      "ocf": 20406000,
      "capex": -666000,
      "gross_margin": 0.7464842770079833,
      "op_margin": null,
      "fcf_margin": 0.29129222187790516,
      "rev_growth_yoy": 0.1657835885085154,
      "rev_growth_yoy_accel": -0.08696304298116705,
      "op_leverage_ratio": 0.29610465081878756,
      "fcf_margin_change": 0.37237289639691173
    },
    {
      "date": "2023-09-30T00:00:00",
      "quarter_label": "2023-09 (Q3)",
      "revenue": 70637000,
      "gross_profit": 53346000,
      "operating_income": null,
      "net_income": -17747000,
      "opex": 74269000,
      "cogs": 17291000,
      "rd": 21797000,
      "sga": null,
      "fcf": 7964000,
      "ocf": 7964000,
      "capex": null,
      "gross_margin": 0.7552132734968926,
      "op_margin": null,
      "fcf_margin": 0.11274544502173083,
      "rev_growth_yoy": 0.1464439900022722,
      "rev_growth_yoy_accel": -0.0193395985062432,
      "op_leverage_ratio": null,
      "fcf_margin_change": -0.17854677685617432
    },
    {
      "date": "2023-12-31T00:00:00",
      "quarter_label": "2023-12 (Q4)",
      "revenue": 71403000,
      "gross_profit": 53138000,
      "operating_income": null,
      "net_income": -18543000,
      "opex": 74675000,
      "cogs": 18265000,
      "rd": 22198000,
      "sga": null,
      "fcf": 2037000,
      "ocf": 2321000,
      "capex": -284000,
      "gross_margin": 0.7441984230354467,
      "op_margin": null,
      "fcf_margin": 0.028528213100289905,
      "rev_growth_yoy": 0.09416470011339606,
      "rev_growth_yoy_accel": -0.052279289888876146,
      "op_leverage_ratio": 1.9837094683280108,
      "fcf_margin_change": -0.08421723192144093
    },
    {
      "date": "2024-03-31T00:00:00",
      "quarter_label": "2024-03 (Q1)",
      "revenue": 72624000,
      "gross_profit": 53735000,
      "operating_income": null,
      "net_income": -21460000,
      "opex": 78440000,
      "cogs": 18889000,
      "rd": 22953000,
      "sga": null,
      "fcf": -405000,
      "ocf": -48000,
      "capex": -357000,
      "gross_margin": 0.7399069178233091,
      "op_margin": null,
      "fcf_margin": -0.005576668869795109,
      "rev_growth_yoy": 0.09246807166388375,
      "rev_growth_yoy_accel": -0.001696628449512308,
      "op_leverage_ratio": 0.33916377122770913,
      "fcf_margin_change": -0.034104881970085016
    },
    {
      "date": "2024-06-30T00:00:00",
      "quarter_label": "2024-06 (Q2)",
      "revenue": 73300000,
      "gross_profit": 53815000,
      "operating_income": null,
      "net_income": -23415000,
      "opex": 80975000,
      "cogs": 19485000,
      "rd": 21145000,
      "sga": null,
      "fcf": 8622000,
      "ocf": 9228000,
      "capex": -606000,
      "gross_margin": 0.7341746248294679,
      "op_margin": null,
      "fcf_margin": 0.1176261937244202,
      "rev_growth_yoy": 0.08164740950610179,
      "rev_growth_yoy_accel": -0.010820662157781963,
      "fcf_margin_change": 0.1232028625942153
    },
    {
      "date": "2024-09-30T00:00:00",
      "quarter_label": "2024-09 (Q3)",
      "revenue": 75217000,
      "gross_profit": 56473000,
      "operating_income": null,
      "net_income": -16854000,
      "opex": 76486000,
      "cogs": 18744000,
      "rd": 19037000,
      "sga": null,
      "fcf": 6154000,
      "ocf": 6170000,
      "capex": -16000,
      "gross_margin": 0.7508010157278275,
      "op_margin": null,
      "fcf_margin": 0.08181661060664477,
      "rev_growth_yoy": 0.06483854070812747,
      "rev_growth_yoy_accel": -0.016808868797974316,
      "op_leverage_ratio": null,
      "fcf_margin_change": -0.03580958311777542
    },
    {
      "date": "2024-12-31T00:00:00",
      "quarter_label": "2024-12 (Q4)",
      "revenue": 78131000,
      "gross_profit": 58325000,
      "operating_income": null,
      "net_income": -32590000,
      "opex": 93830000,
      "cogs": 19806000,
      "rd": 34430000,
      "sga": null,
      "fcf": 2410000,
      "ocf": 3156000,
      "capex": -746000,
      "gross_margin": 0.7465026685950519,
      "op_margin": null,
      "fcf_margin": 0.030845631055534936,
      "rev_growth_yoy": 0.09422573281234682,
      "rev_growth_yoy_accel": 0.029387192104219348,
      "op_leverage_ratio": 0.17084655420354009,
      "fcf_margin_change": -0.05097097955110984
    },
    {
      "date": "2025-03-31T00:00:00",
      "quarter_label": "2025-03 (Q1)",
      "revenue": 79953000,
      "gross_profit": 59749000,
      "operating_income": null,
      "net_income": -22231000,
      "opex": 83947000,
      "cogs": 20204000,
      "rd": 23533000,
      "sga": null,
      "fcf": -8461000,
      "ocf": -8022000,
      "capex": -439000,
      "gross_margin": 0.747301539654547,
      "op_margin": null,
      "fcf_margin": -0.10582467199479695,
      "rev_growth_yoy": 0.10091705221414408,
      "rev_growth_yoy_accel": 0.006691319401797263,
      "op_leverage_ratio": null,
      "fcf_margin_change": -0.1366703030503319
    },
    {
      "date": "2025-06-30T00:00:00",
      "quarter_label": "2025-06 (Q2)",
      "revenue": 83270000,
      "gross_profit": 60458000,
      "operating_income": null,
      "net_income": -24668000,
      "opex": 87552000,
      "cogs": 22812000,
      "rd": 24094000,
      "sga": null,
      "fcf": 19516000,
      "ocf": 20054000,
      "capex": -538000,
      "gross_margin": 0.7260477963252071,
      "op_margin": null,
      "fcf_margin": 0.23437012129218207,
      "rev_growth_yoy": 0.13601637107776263,
      "rev_growth_yoy_accel": 0.03509931886361854,
      "op_leverage_ratio": 0.9660745001141708,
      "fcf_margin_change": 0.340194793286979
    },
    {
      "date": "2025-09-30T00:00:00",
      "quarter_label": "2025-09 (Q3)",
      "revenue": 88564000,
      "gross_profit": 65490000,
      "operating_income": null,
      "net_income": -23986000,
      "opex": 91140000,
      "cogs": 23074000,
      "rd": 26612000,
      "sga": null,
      "fcf": 4498000,
      "ocf": 4957000,
      "capex": -459000,
      "gross_margin": 0.7394652454722009,
      "op_margin": null,
      "fcf_margin": 0.05078813061740662,
      "rev_growth_yoy": 0.17744658787242246,
      "rev_growth_yoy_accel": 0.04143021679465983,
      "op_leverage_ratio": 1.5513472111714601,
      "fcf_margin_change": -0.18358199067477546
    },
    {
      "date": "2025-12-31T00:00:00",
      "quarter_label": "2025-12 (Q4)",
      "revenue": 91426000,
      "gross_profit": 68231000,
      "operating_income": null,
      "net_income": -17656000,
      "opex": 87293000,
      "cogs": 23195000,
      "rd": 23343000,
      "sga": null,
      "fcf": 12650000,
      "ocf": 12835000,
      "capex": -185000,
      "gross_margin": 0.7462975521186533,
      "op_margin": null,
      "fcf_margin": 0.1383632664668694,
      "rev_growth_yoy": 0.17016293148686182,
      "rev_growth_yoy_accel": -0.0072836563855606384,
      "op_leverage_ratio": null,
      "fcf_margin_change": 0.08757513584946278
    }
  ],
  "signals": [
    {
      "quarter": "2025-12 (Q4)",
      "signal": "FCF MARGIN EXPANSION",
      "detail": "FCF margin: +5.1% -> +13.8% (+8.8%)",
      "severity": "MEDIUM"
    },
    {
      "quarter": "2025-09 (Q3)",
      "signal": "OPERATING LEVERAGE",
      "detail": "Rev growth +6.4% vs OpEx growth +4.1% (leverage: 1.6x)",
      "severity": "MEDIUM"
    },
    {
      "quarter": "2025-06 (Q2)",
      "signal": "FCF TURNED POSITIVE",
      "detail": "FCF margin: -10.6% -> +23.4%",
      "severity": "HIGH"
    },
    {
      "quarter": "2024-06 (Q2)",
      "signal": "FCF TURNED POSITIVE",
      "detail": "FCF margin: -0.6% -> +11.8%",
      "severity": "HIGH"
    },
    {
      "quarter": "2023-12 (Q4)",
      "signal": "OPERATING LEVERAGE",
      "detail": "Rev growth +1.1% vs OpEx growth +0.5% (leverage: 2.0x)",
      "severity": "MEDIUM"
    },
    {
      "quarter": "2023-12 (Q4)",
      "signal": "YoY REVENUE GROWTH DECELERATION",
      "detail": "YoY growth: +9.4% vs prior quarter YoY: +14.6% (decel: -5.2%)",
      "severity": "WARNING"
    },
    {
      "quarter": "2023-06 (Q2)",
      "signal": "FCF TURNED POSITIVE",
      "detail": "FCF margin: -8.1% -> +29.1%",
      "severity": "HIGH"
    },
    {
      "quarter": "2023-06 (Q2)",
      "signal": "YoY REVENUE GROWTH DECELERATION",
      "detail": "YoY growth: +16.6% vs prior quarter YoY: +25.3% (decel: -8.7%)",
      "severity": "WARNING"
    },
    {
      "quarter": "2023-03 (Q1)",
      "signal": "YoY REVENUE GROWTH DECELERATION",
      "detail": "YoY growth: +25.3% vs prior quarter YoY: +32.0% (decel: -6.8%)",
      "severity": "WARNING"
    },
    {
      "quarter": "2022-09 (Q3)",
      "signal": "OPERATING LEVERAGE",
      "detail": "Rev growth +6.0% vs OpEx growth +3.2% (leverage: 1.9x)",
      "severity": "MEDIUM"
    },
    {
      "quarter": "2022-09 (Q3)",
      "signal": "YoY REVENUE GROWTH DECELERATION",
      "detail": "YoY growth: +35.5% vs prior quarter YoY: +48.1% (decel: -12.6%)",
      "severity": "WARNING"
    },
    {
      "quarter": "2022-06 (Q2)",
      "signal": "FCF TURNED POSITIVE",
      "detail": "FCF margin: -17.0% -> +15.2%",
      "severity": "HIGH"
    },
    {
      "quarter": "2022-06 (Q2)",
      "signal": "YoY REVENUE GROWTH DECELERATION",
      "detail": "YoY growth: +48.1% vs prior quarter YoY: +60.3% (decel: -12.2%)",
      "severity": "WARNING"
    },
    {
      "quarter": "2022-03 (Q1)",
      "signal": "FCF MARGIN EXPANSION",
      "detail": "FCF margin: -23.6% -> -17.0% (+6.7%)",
      "severity": "MEDIUM"
    },
    {
      "quarter": "2021-12 (Q4)",
      "signal": "FCF MARGIN EXPANSION",
      "detail": "FCF margin: -33.8% -> -23.6% (+10.2%)",
      "severity": "MEDIUM"
    }
  ],
  "data_quality": {
    "n_quarters": 20,
    "coverage": {
      "revenue": [
        20,
        20
      ],
      "gross_profit": [
        20,
        20
      ],
      "op_income": [
        0,
        20
      ],
      "fcf": [
        20,
        20
      ]
    },
    "gaps": [],
    "warnings": [
      "op_income: no data"
    ]
  },
  "market_cap": null,
  "source": "SEC EDGAR",
  "last_updated": "2026-02-24T10:19:06.567295"
}