{
  "ticker": "AMPY",
  "name": "AMPLIFY ENERGY CORP.",
  "quarters": [
    {
      "date": "2020-12-31T00:00:00",
      "quarter_label": "2020-12 (Q4)",
      "revenue": 56092000,
      "gross_profit": null,
      "operating_income": -33542000,
      "net_income": null,
      "opex": 89634000,
      "cogs": null,
      "rd": null,
      "sga": null,
      "fcf": 10732000,
      "ocf": 10732000,
      "capex": null,
      "gross_margin": null,
      "op_margin": -0.5979818869000927,
      "fcf_margin": 0.19132853169792483
    },
    {
      "date": "2021-03-31T00:00:00",
      "quarter_label": "2021-03 (Q1)",
      "revenue": 72469000,
      "gross_profit": 67890000,
      "operating_income": -16184000,
      "net_income": -19328000,
      "opex": 88653000,
      "cogs": 4579000,
      "rd": null,
      "sga": null,
      "fcf": 15558000,
      "ocf": 15558000,
      "capex": null,
      "gross_margin": 0.9368143620030633,
      "op_margin": -0.22332307607390747,
      "fcf_margin": 0.21468489975023802,
      "op_leverage_ratio": Infinity,
      "fcf_margin_change": 0.023356368052313198
    },
    {
      "date": "2021-06-30T00:00:00",
      "quarter_label": "2021-06 (Q2)",
      "revenue": 80393000,
      "gross_profit": 75343000,
      "operating_income": -37348000,
      "net_income": -35023000,
      "opex": 117741000,
      "cogs": 5050000,
      "rd": null,
      "sga": null,
      "fcf": 20845000,
      "ocf": 20845000,
      "capex": null,
      "gross_margin": 0.9371835856355653,
      "op_margin": -0.46456781063027874,
      "fcf_margin": 0.2592887440448795,
      "op_leverage_ratio": 0.3332512395080323,
      "fcf_margin_change": 0.04460384429464148
    },
    {
      "date": "2021-09-30T00:00:00",
      "quarter_label": "2021-09 (Q3)",
      "revenue": 97001000,
      "gross_profit": 91954000,
      "operating_income": -10331000,
      "net_income": -13470000,
      "opex": 107332000,
      "cogs": 5047000,
      "rd": null,
      "sga": null,
      "fcf": 18884000,
      "ocf": 18884000,
      "capex": null,
      "gross_margin": 0.9479696085607365,
      "op_margin": -0.1065040566592097,
      "fcf_margin": 0.19467840537726416,
      "op_leverage_ratio": Infinity,
      "fcf_margin_change": -0.06461033866761534
    },
    {
      "date": "2021-12-31T00:00:00",
      "quarter_label": "2021-12 (Q4)",
      "revenue": 93053000,
      "gross_profit": 86922000,
      "operating_income": 38254000,
      "net_income": 35751000,
      "opex": 54799000,
      "cogs": 6131000,
      "rd": null,
      "sga": null,
      "fcf": 7682000,
      "ocf": 7682000,
      "capex": null,
      "gross_margin": 0.9341128174266279,
      "op_margin": 0.41109905107841765,
      "fcf_margin": 0.0825551030058139,
      "incr_op_margin_yoy": 1.9424799112578124,
      "rev_growth_yoy": 0.6589353205448192,
      "fcf_margin_change": -0.11212330237145027
    },
    {
      "date": "2022-03-31T00:00:00",
      "quarter_label": "2022-03 (Q1)",
      "revenue": 111433000,
      "gross_profit": 103423000,
      "operating_income": -46195000,
      "net_income": -48614000,
      "opex": 157628000,
      "cogs": 8010000,
      "rd": null,
      "sga": null,
      "fcf": 9719000,
      "ocf": 9719000,
      "capex": null,
      "gross_margin": 0.9281182414545063,
      "op_margin": -0.41455403695494153,
      "fcf_margin": 0.08721832850232876,
      "incr_op_margin_yoy": -0.7702237963248126,
      "rev_growth_yoy": 0.5376643806317184,
      "rev_growth_yoy_accel": -0.12127093991310078,
      "op_leverage_ratio": 0.10526212878836401,
      "fcf_margin_change": 0.004663225496514864
    },
    {
      "date": "2022-06-30T00:00:00",
      "quarter_label": "2022-06 (Q2)",
      "revenue": 121777000,
      "gross_profit": 114496000,
      "operating_income": 32278000,
      "net_income": 29220000,
      "opex": 89499000,
      "cogs": 7281000,
      "rd": null,
      "sga": null,
      "fcf": 20677000,
      "ocf": 20677000,
      "capex": null,
      "gross_margin": 0.9402103845553758,
      "op_margin": 0.26505826223342666,
      "fcf_margin": 0.16979396766220223,
      "incr_op_margin_yoy": 1.6824376570655326,
      "rev_growth_yoy": 0.5147711865460923,
      "rev_growth_yoy_accel": -0.022893194085626067,
      "op_leverage_ratio": Infinity,
      "fcf_margin_change": 0.08257563915987347
    },
    {
      "date": "2022-09-30T00:00:00",
      "quarter_label": "2022-09 (Q3)",
      "revenue": 126299000,
      "gross_profit": 118816000,
      "operating_income": 51183000,
      "net_income": 47234000,
      "opex": 75116000,
      "cogs": 7483000,
      "rd": null,
      "sga": null,
      "fcf": 18934000,
      "ocf": 18934000,
      "capex": null,
      "gross_margin": 0.9407517082478879,
      "op_margin": 0.4052526148267207,
      "fcf_margin": 0.14991409274816112,
      "incr_op_margin_yoy": 2.099597242132569,
      "rev_growth_yoy": 0.3020381233183163,
      "rev_growth_yoy_accel": -0.21273306322777602,
      "op_leverage_ratio": Infinity,
      "fcf_margin_change": -0.019879874914041112
    },
    {
      "date": "2022-12-31T00:00:00",
      "quarter_label": "2022-12 (Q4)",
      "revenue": 98947000,
      "gross_profit": 92611000,
      "operating_income": 34723000,
      "net_income": 30035000,
      "opex": 64224000,
      "cogs": 6336000,
      "rd": null,
      "sga": null,
      "fcf": 15155000,
      "ocf": 15155000,
      "capex": null,
      "gross_margin": 0.9359657190212942,
      "op_margin": 0.35092524280675513,
      "fcf_margin": 0.1531628043295906,
      "incr_op_margin_yoy": -0.5990838140481846,
      "rev_growth_yoy": 0.06334024695603581,
      "rev_growth_yoy_accel": -0.23869787636228051,
      "fcf_margin_change": 0.0032487115814294754
    },
    {
      "date": "2023-03-31T00:00:00",
      "quarter_label": "2023-03 (Q1)",
      "revenue": 79870000,
      "gross_profit": 74268000,
      "operating_income": 26605000,
      "net_income": 352759000,
      "opex": 53265000,
      "cogs": 5602000,
      "rd": null,
      "sga": null,
      "fcf": 90313000,
      "ocf": 90313000,
      "capex": null,
      "gross_margin": 0.929861024164267,
      "op_margin": 0.33310379366470516,
      "fcf_margin": 1.130749968699136,
      "incr_op_margin_yoy": -2.3064981148813484,
      "rev_growth_yoy": -0.28324643507758024,
      "rev_growth_yoy_accel": -0.34658668203361603,
      "fcf_margin_change": 0.9775871643695454
    },
    {
      "date": "2023-06-30T00:00:00",
      "quarter_label": "2023-06 (Q2)",
      "revenue": 71971000,
      "gross_profit": 66822000,
      "operating_income": 6590000,
      "net_income": 9816000,
      "opex": 65381000,
      "cogs": 5149000,
      "rd": null,
      "sga": null,
      "fcf": 4908000,
      "ocf": 4908000,
      "capex": null,
      "gross_margin": 0.9284572952994956,
      "op_margin": 0.09156465798724486,
      "fcf_margin": 0.06819413374831529,
      "incr_op_margin_yoy": 0.5157611532747058,
      "rev_growth_yoy": -0.4089934880970955,
      "rev_growth_yoy_accel": -0.12574705301951528,
      "fcf_margin_change": -1.0625558349508206
    },
    {
      "date": "2023-09-30T00:00:00",
      "quarter_label": "2023-09 (Q3)",
      "revenue": 76770000,
      "gross_profit": 71786000,
      "operating_income": -12324000,
      "net_income": -13403000,
      "opex": 89094000,
      "cogs": 4984000,
      "rd": null,
      "sga": null,
      "fcf": 18007000,
      "ocf": 18007000,
      "capex": null,
      "gross_margin": 0.9350788068255829,
      "op_margin": -0.16053145760062523,
      "fcf_margin": 0.23455776996222483,
      "incr_op_margin_yoy": 1.2822184982535485,
      "rev_growth_yoy": -0.39215670749570464,
      "rev_growth_yoy_accel": 0.016836780601390877,
      "op_leverage_ratio": 0.18384772936023328,
      "fcf_margin_change": 0.16636363621390954
    },
    {
      "date": "2023-12-31T00:00:00",
      "quarter_label": "2023-12 (Q4)",
      "revenue": 78985000,
      "gross_profit": 73912000,
      "operating_income": 55345000,
      "net_income": 43578000,
      "opex": 23640000,
      "cogs": 5073000,
      "rd": null,
      "sga": null,
      "fcf": 28362000,
      "ocf": 28362000,
      "capex": null,
      "gross_margin": 0.9357726150534912,
      "op_margin": 0.7007026650629866,
      "fcf_margin": 0.35908083813382285,
      "incr_op_margin_yoy": -1.033062819356778,
      "rev_growth_yoy": -0.20174436819711564,
      "rev_growth_yoy_accel": 0.190412339298589,
      "op_leverage_ratio": Infinity,
      "fcf_margin_change": 0.12452306817159803
    },
    {
      "date": "2024-03-31T00:00:00",
      "quarter_label": "2024-03 (Q1)",
      "revenue": 76299000,
      "gross_profit": 71525000,
      "operating_income": -9082000,
      "net_income": -9396000,
      "opex": 85381000,
      "cogs": 4774000,
      "rd": null,
      "sga": null,
      "fcf": 7712000,
      "ocf": 7712000,
      "capex": null,
      "gross_margin": 0.9374303726130093,
      "op_margin": -0.11903170421630689,
      "fcf_margin": 0.10107602983001088,
      "incr_op_margin_yoy": 9.993559227107253,
      "rev_growth_yoy": -0.044710154000250406,
      "rev_growth_yoy_accel": 0.15703421419686522,
      "fcf_margin_change": -0.258004808303812
    },
    {
      "date": "2024-06-30T00:00:00",
      "quarter_label": "2024-06 (Q2)",
      "revenue": 79503000,
      "gross_profit": 74608000,
      "operating_income": 13552000,
      "net_income": 7119000,
      "opex": 65951000,
      "cogs": 4895000,
      "rd": null,
      "sga": null,
      "fcf": 15389000,
      "ocf": 15389000,
      "capex": null,
      "gross_margin": 0.9384299963523389,
      "op_margin": 0.17045897639082802,
      "fcf_margin": 0.19356502270354578,
      "incr_op_margin_yoy": 0.9243228890069038,
      "rev_growth_yoy": 0.10465326311986772,
      "rev_growth_yoy_accel": 0.14936341712011814,
      "op_leverage_ratio": Infinity,
      "fcf_margin_change": 0.0924889928735349
    },
    {
      "date": "2024-09-30T00:00:00",
      "quarter_label": "2024-09 (Q3)",
      "revenue": 69858000,
      "gross_profit": 65568000,
      "operating_income": 32600000,
      "net_income": 22652000,
      "opex": 37258000,
      "cogs": 4290000,
      "rd": null,
      "sga": null,
      "fcf": 15737000,
      "ocf": 15737000,
      "capex": null,
      "gross_margin": 0.9385897105556987,
      "op_margin": 0.466660940765553,
      "fcf_margin": 0.22527126456526095,
      "incr_op_margin_yoy": -6.499421296296297,
      "rev_growth_yoy": -0.09003516998827667,
      "rev_growth_yoy_accel": -0.19468843310814438,
      "fcf_margin_change": 0.03170624186171517
    },
    {
      "date": "2024-12-31T00:00:00",
      "quarter_label": "2024-12 (Q4)",
      "revenue": 69021000,
      "gross_profit": 64553000,
      "operating_income": -6650000,
      "net_income": -7429000,
      "opex": 75671000,
      "cogs": 4468000,
      "rd": null,
      "sga": null,
      "fcf": 12455000,
      "ocf": 12455000,
      "capex": null,
      "gross_margin": 0.9352660784398951,
      "op_margin": -0.09634748844554555,
      "fcf_margin": 0.1804523261036496,
      "incr_op_margin_yoy": 6.221898835808912,
      "rev_growth_yoy": -0.1261505349116921,
      "rev_growth_yoy_accel": -0.036115364923415424,
      "fcf_margin_change": -0.044818938461611335
    },
    {
      "date": "2025-03-31T00:00:00",
      "quarter_label": "2025-03 (Q1)",
      "revenue": 72050000,
      "gross_profit": 67764000,
      "operating_income": -3994000,
      "net_income": -5861000,
      "opex": 76044000,
      "cogs": 4286000,
      "rd": null,
      "sga": null,
      "fcf": 25501000,
      "ocf": 25501000,
      "capex": null,
      "gross_margin": 0.9405135322692575,
      "op_margin": -0.05543372657876475,
      "fcf_margin": 0.35393476752255376,
      "incr_op_margin_yoy": -1.1974582254648152,
      "rev_growth_yoy": -0.05568880326085532,
      "rev_growth_yoy_accel": 0.07046173165083677,
      "op_leverage_ratio": 8.903047030835275,
      "fcf_margin_change": 0.17348244141890415
    },
    {
      "date": "2025-06-30T00:00:00",
      "quarter_label": "2025-06 (Q2)",
      "revenue": 68361000,
      "gross_profit": 63638000,
      "operating_income": 12559000,
      "net_income": 6384000,
      "opex": 55802000,
      "cogs": 4723000,
      "rd": null,
      "sga": null,
      "fcf": 23689000,
      "ocf": 23689000,
      "capex": null,
      "gross_margin": 0.930910899489475,
      "op_margin": 0.18371586138295226,
      "fcf_margin": 0.34652799110604,
      "incr_op_margin_yoy": 0.08912224017232095,
      "rev_growth_yoy": -0.14014565488094788,
      "rev_growth_yoy_accel": -0.08445685162009256,
      "fcf_margin_change": -0.007406776416513772
    },
    {
      "date": "2025-09-30T00:00:00",
      "quarter_label": "2025-09 (Q3)",
      "revenue": 66396000,
      "gross_profit": 61159000,
      "operating_income": -26522000,
      "net_income": -20966000,
      "opex": 92918000,
      "cogs": 5237000,
      "rd": null,
      "sga": null,
      "fcf": 13448000,
      "ocf": 13448000,
      "capex": null,
      "gross_margin": 0.921124766552202,
      "op_margin": -0.3994517742032653,
      "fcf_margin": 0.20254232182661605,
      "incr_op_margin_yoy": 17.07741190063547,
      "rev_growth_yoy": -0.04955767413896762,
      "rev_growth_yoy_accel": 0.09058798074198027,
      "fcf_margin_change": -0.14398566927942394
    }
  ],
  "signals": [
    {
      "quarter": "2025-09 (Q3)",
      "signal": "YoY REVENUE GROWTH ACCELERATION",
      "detail": "YoY growth: -5.0% vs prior quarter YoY: -14.0% (accel: +9.1%)",
      "severity": "MEDIUM"
    },
    {
      "quarter": "2025-06 (Q2)",
      "signal": "YoY REVENUE GROWTH DECELERATION",
      "detail": "YoY growth: -14.0% vs prior quarter YoY: -5.6% (decel: -8.4%)",
      "severity": "WARNING"
    },
    {
      "quarter": "2025-06 (Q2)",
      "signal": "OP MARGIN TURNED POSITIVE (QoQ)",
      "detail": "Op margin: -5.5% -> +18.4%",
      "severity": "HIGH"
    },
    {
      "quarter": "2025-03 (Q1)",
      "signal": "FCF MARGIN EXPANSION",
      "detail": "FCF margin: +18.0% -> +35.4% (+17.3%)",
      "severity": "MEDIUM"
    },
    {
      "quarter": "2025-03 (Q1)",
      "signal": "OPERATING LEVERAGE",
      "detail": "Rev growth +4.4% vs OpEx growth +0.5% (leverage: 8.9x)",
      "severity": "MEDIUM"
    },
    {
      "quarter": "2025-03 (Q1)",
      "signal": "YoY REVENUE GROWTH ACCELERATION",
      "detail": "YoY growth: -5.6% vs prior quarter YoY: -12.6% (accel: +7.0%)",
      "severity": "MEDIUM"
    },
    {
      "quarter": "2024-09 (Q3)",
      "signal": "YoY REVENUE GROWTH DECELERATION",
      "detail": "YoY growth: -9.0% vs prior quarter YoY: +10.5% (decel: -19.5%)",
      "severity": "WARNING"
    },
    {
      "quarter": "2024-09 (Q3)",
      "signal": "OP MARGIN TURNED POSITIVE (YoY)",
      "detail": "Op margin: -16.1% (year-ago) -> +46.7%",
      "severity": "HIGH"
    },
    {
      "quarter": "2024-06 (Q2)",
      "signal": "FCF MARGIN EXPANSION",
      "detail": "FCF margin: +10.1% -> +19.4% (+9.2%)",
      "severity": "MEDIUM"
    },
    {
      "quarter": "2024-06 (Q2)",
      "signal": "YoY REVENUE GROWTH ACCELERATION",
      "detail": "YoY growth: +10.5% vs prior quarter YoY: -4.5% (accel: +14.9%)",
      "severity": "MEDIUM"
    },
    {
      "quarter": "2024-06 (Q2)",
      "signal": "INCREMENTAL MARGIN (YoY)",
      "detail": "YoY Incr OPM: +92.4% vs year-ago OPM: +9.2%",
      "severity": "HIGH"
    },
    {
      "quarter": "2024-06 (Q2)",
      "signal": "OP MARGIN TURNED POSITIVE (QoQ)",
      "detail": "Op margin: -11.9% -> +17.0%",
      "severity": "HIGH"
    },
    {
      "quarter": "2024-03 (Q1)",
      "signal": "YoY REVENUE GROWTH ACCELERATION",
      "detail": "YoY growth: -4.5% vs prior quarter YoY: -20.2% (accel: +15.7%)",
      "severity": "HIGH"
    },
    {
      "quarter": "2023-12 (Q4)",
      "signal": "FCF MARGIN EXPANSION",
      "detail": "FCF margin: +23.5% -> +35.9% (+12.5%)",
      "severity": "MEDIUM"
    },
    {
      "quarter": "2023-12 (Q4)",
      "signal": "YoY REVENUE GROWTH ACCELERATION",
      "detail": "YoY growth: -20.2% vs prior quarter YoY: -39.2% (accel: +19.0%)",
      "severity": "HIGH"
    },
    {
      "quarter": "2023-12 (Q4)",
      "signal": "OP MARGIN TURNED POSITIVE (QoQ)",
      "detail": "Op margin: -16.1% -> +70.1%",
      "severity": "HIGH"
    },
    {
      "quarter": "2023-09 (Q3)",
      "signal": "FCF MARGIN EXPANSION",
      "detail": "FCF margin: +6.8% -> +23.5% (+16.6%)",
      "severity": "MEDIUM"
    },
    {
      "quarter": "2023-06 (Q2)",
      "signal": "YoY REVENUE GROWTH DECELERATION",
      "detail": "YoY growth: -40.9% vs prior quarter YoY: -28.3% (decel: -12.6%)",
      "severity": "WARNING"
    },
    {
      "quarter": "2023-06 (Q2)",
      "signal": "INCREMENTAL MARGIN (YoY)",
      "detail": "YoY Incr OPM: +51.6% vs year-ago OPM: +26.5%",
      "severity": "HIGH"
    },
    {
      "quarter": "2023-03 (Q1)",
      "signal": "FCF MARGIN EXPANSION",
      "detail": "FCF margin: +15.3% -> +113.1% (+97.8%)",
      "severity": "MEDIUM"
    },
    {
      "quarter": "2023-03 (Q1)",
      "signal": "YoY REVENUE GROWTH DECELERATION",
      "detail": "YoY growth: -28.3% vs prior quarter YoY: +6.3% (decel: -34.7%)",
      "severity": "WARNING"
    },
    {
      "quarter": "2023-03 (Q1)",
      "signal": "OP MARGIN TURNED POSITIVE (YoY)",
      "detail": "Op margin: -41.5% (year-ago) -> +33.3%",
      "severity": "HIGH"
    },
    {
      "quarter": "2022-12 (Q4)",
      "signal": "YoY REVENUE GROWTH DECELERATION",
      "detail": "YoY growth: +6.3% vs prior quarter YoY: +30.2% (decel: -23.9%)",
      "severity": "WARNING"
    },
    {
      "quarter": "2022-09 (Q3)",
      "signal": "YoY REVENUE GROWTH DECELERATION",
      "detail": "YoY growth: +30.2% vs prior quarter YoY: +51.5% (decel: -21.3%)",
      "severity": "WARNING"
    },
    {
      "quarter": "2022-09 (Q3)",
      "signal": "OP MARGIN TURNED POSITIVE (YoY)",
      "detail": "Op margin: -10.7% (year-ago) -> +40.5%",
      "severity": "HIGH"
    },
    {
      "quarter": "2022-06 (Q2)",
      "signal": "FCF MARGIN EXPANSION",
      "detail": "FCF margin: +8.7% -> +17.0% (+8.3%)",
      "severity": "MEDIUM"
    },
    {
      "quarter": "2022-06 (Q2)",
      "signal": "OP MARGIN TURNED POSITIVE (YoY)",
      "detail": "Op margin: -46.5% (year-ago) -> +26.5%",
      "severity": "HIGH"
    },
    {
      "quarter": "2022-06 (Q2)",
      "signal": "OP MARGIN TURNED POSITIVE (QoQ)",
      "detail": "Op margin: -41.5% -> +26.5%",
      "severity": "HIGH"
    },
    {
      "quarter": "2022-03 (Q1)",
      "signal": "YoY REVENUE GROWTH DECELERATION",
      "detail": "YoY growth: +53.8% vs prior quarter YoY: +65.9% (decel: -12.1%)",
      "severity": "WARNING"
    },
    {
      "quarter": "2021-12 (Q4)",
      "signal": "OP MARGIN TURNED POSITIVE (YoY)",
      "detail": "Op margin: -59.8% (year-ago) -> +41.1%",
      "severity": "HIGH"
    },
    {
      "quarter": "2021-12 (Q4)",
      "signal": "OP MARGIN TURNED POSITIVE (QoQ)",
      "detail": "Op margin: -10.7% -> +41.1%",
      "severity": "HIGH"
    }
  ],
  "data_quality": {
    "n_quarters": 20,
    "coverage": {
      "revenue": [
        20,
        20
      ],
      "gross_profit": [
        19,
        20
      ],
      "op_income": [
        20,
        20
      ],
      "fcf": [
        20,
        20
      ]
    },
    "gaps": [],
    "warnings": []
  },
  "market_cap": null,
  "source": "SEC EDGAR",
  "last_updated": "2026-02-02T23:02:16.119979",
  "sector": "Energy",
  "industry": "Oil & Gas E&P"
}