{
  "ticker": "AMSF",
  "name": "AMERISAFE, INC.",
  "quarters": [
    {
      "date": "2020-12-31T00:00:00",
      "quarter_label": "2020-12 (Q4)",
      "revenue": 88221000,
      "gross_profit": null,
      "operating_income": null,
      "net_income": 28501000,
      "opex": null,
      "cogs": null,
      "rd": null,
      "sga": null,
      "fcf": 12272000,
      "ocf": 12530000,
      "capex": -258000,
      "gross_margin": null,
      "op_margin": null,
      "fcf_margin": 0.13910520170934357
    },
    {
      "date": "2021-03-31T00:00:00",
      "quarter_label": "2021-03 (Q1)",
      "revenue": 83351000,
      "gross_profit": null,
      "operating_income": null,
      "net_income": 19312000,
      "opex": null,
      "cogs": null,
      "rd": null,
      "sga": null,
      "fcf": 16203000,
      "ocf": 16593000,
      "capex": -390000,
      "gross_margin": null,
      "op_margin": null,
      "fcf_margin": 0.19439478830487936,
      "fcf_margin_change": 0.05528958659553579
    },
    {
      "date": "2021-06-30T00:00:00",
      "quarter_label": "2021-06 (Q2)",
      "revenue": 81157000,
      "gross_profit": null,
      "operating_income": null,
      "net_income": 23767000,
      "opex": null,
      "cogs": null,
      "rd": null,
      "sga": null,
      "fcf": 9202000,
      "ocf": 9401000,
      "capex": -199000,
      "gross_margin": null,
      "op_margin": null,
      "fcf_margin": 0.11338516702194512,
      "fcf_margin_change": -0.08100962128293424
    },
    {
      "date": "2021-09-30T00:00:00",
      "quarter_label": "2021-09 (Q3)",
      "revenue": 73045000,
      "gross_profit": null,
      "operating_income": null,
      "net_income": 19136000,
      "opex": null,
      "cogs": null,
      "rd": null,
      "sga": null,
      "fcf": 3287000,
      "ocf": 3430000,
      "capex": -143000,
      "gross_margin": null,
      "op_margin": null,
      "fcf_margin": 0.044999657745225546,
      "fcf_margin_change": -0.06838550927671957
    },
    {
      "date": "2021-12-31T00:00:00",
      "quarter_label": "2021-12 (Q4)",
      "revenue": 78381000,
      "gross_profit": null,
      "operating_income": null,
      "net_income": 3541000,
      "opex": null,
      "cogs": null,
      "rd": null,
      "sga": null,
      "fcf": 7991000,
      "ocf": 8555000,
      "capex": -564000,
      "gross_margin": null,
      "op_margin": null,
      "fcf_margin": 0.10195072785496485,
      "rev_growth_yoy": -0.11153806916720509,
      "fcf_margin_change": 0.05695107010973931
    },
    {
      "date": "2022-03-31T00:00:00",
      "quarter_label": "2022-03 (Q1)",
      "revenue": 75560000,
      "gross_profit": null,
      "operating_income": null,
      "net_income": 17331000,
      "opex": null,
      "cogs": null,
      "rd": null,
      "sga": null,
      "fcf": 6860000,
      "ocf": 7118000,
      "capex": -258000,
      "gross_margin": null,
      "op_margin": null,
      "fcf_margin": 0.09078877713075702,
      "rev_growth_yoy": -0.09347218389701384,
      "rev_growth_yoy_accel": 0.018065885270191248,
      "fcf_margin_change": -0.011161950724207836
    },
    {
      "date": "2022-06-30T00:00:00",
      "quarter_label": "2022-06 (Q2)",
      "revenue": 68036000,
      "gross_profit": null,
      "operating_income": null,
      "net_income": 6132000,
      "opex": null,
      "cogs": null,
      "rd": null,
      "sga": null,
      "fcf": 17096000,
      "ocf": 17870000,
      "capex": -774000,
      "gross_margin": null,
      "op_margin": null,
      "fcf_margin": 0.2512787347874655,
      "rev_growth_yoy": -0.16167428564387545,
      "rev_growth_yoy_accel": -0.06820210174686162,
      "fcf_margin_change": 0.16048995765670848
    },
    {
      "date": "2022-09-30T00:00:00",
      "quarter_label": "2022-09 (Q3)",
      "revenue": 71380000,
      "gross_profit": null,
      "operating_income": null,
      "net_income": 11361000,
      "opex": null,
      "cogs": null,
      "rd": null,
      "sga": null,
      "fcf": 10238000,
      "ocf": 11078000,
      "capex": -840000,
      "gross_margin": null,
      "op_margin": null,
      "fcf_margin": 0.14342953208181564,
      "rev_growth_yoy": -0.022794167978643302,
      "rev_growth_yoy_accel": 0.13888011766523214,
      "fcf_margin_change": -0.10784920270564985
    },
    {
      "date": "2022-12-31T00:00:00",
      "quarter_label": "2022-12 (Q4)",
      "revenue": 79761000,
      "gross_profit": null,
      "operating_income": null,
      "net_income": 20778000,
      "opex": null,
      "cogs": null,
      "rd": null,
      "sga": null,
      "fcf": -8089000,
      "ocf": -7872000,
      "capex": -217000,
      "gross_margin": null,
      "op_margin": null,
      "fcf_margin": -0.10141547874274395,
      "rev_growth_yoy": 0.017606307651088914,
      "rev_growth_yoy_accel": 0.040400475629732216,
      "fcf_margin_change": -0.2448450108245596
    },
    {
      "date": "2023-03-31T00:00:00",
      "quarter_label": "2023-03 (Q1)",
      "revenue": 78438000,
      "gross_profit": null,
      "operating_income": null,
      "net_income": 17339000,
      "opex": null,
      "cogs": null,
      "rd": null,
      "sga": null,
      "fcf": 13434000,
      "ocf": 13466000,
      "capex": -32000,
      "gross_margin": null,
      "op_margin": null,
      "fcf_margin": 0.17126902776715366,
      "rev_growth_yoy": 0.03808893594494441,
      "rev_growth_yoy_accel": 0.020482628293855498,
      "fcf_margin_change": 0.2726845065098976
    },
    {
      "date": "2023-06-30T00:00:00",
      "quarter_label": "2023-06 (Q2)",
      "revenue": 75659000,
      "gross_profit": null,
      "operating_income": null,
      "net_income": 15627000,
      "opex": null,
      "cogs": null,
      "rd": null,
      "sga": null,
      "fcf": 7272000,
      "ocf": 7277000,
      "capex": -5000,
      "gross_margin": null,
      "op_margin": null,
      "fcf_margin": 0.09611546544363526,
      "rev_growth_yoy": 0.11204362396378388,
      "rev_growth_yoy_accel": 0.07395468801883948,
      "fcf_margin_change": -0.0751535623235184
    },
    {
      "date": "2023-09-30T00:00:00",
      "quarter_label": "2023-09 (Q3)",
      "revenue": 72640000,
      "gross_profit": null,
      "operating_income": null,
      "net_income": 9961000,
      "opex": null,
      "cogs": null,
      "rd": null,
      "sga": null,
      "fcf": 4642000,
      "ocf": 5132000,
      "capex": -490000,
      "gross_margin": null,
      "op_margin": null,
      "fcf_margin": 0.06390418502202644,
      "rev_growth_yoy": 0.017652003362286353,
      "rev_growth_yoy_accel": -0.09439162060149753,
      "fcf_margin_change": -0.032211280421608826
    },
    {
      "date": "2023-12-31T00:00:00",
      "quarter_label": "2023-12 (Q4)",
      "revenue": 80116000,
      "gross_profit": null,
      "operating_income": null,
      "net_income": 19181000,
      "opex": null,
      "cogs": null,
      "rd": null,
      "sga": null,
      "fcf": 3941000,
      "ocf": 3967000,
      "capex": -26000,
      "gross_margin": null,
      "op_margin": null,
      "fcf_margin": 0.04919117279944081,
      "rev_growth_yoy": 0.004450796755306478,
      "rev_growth_yoy_accel": -0.013201206606979876,
      "fcf_margin_change": -0.014713012222585628
    },
    {
      "date": "2024-03-31T00:00:00",
      "quarter_label": "2024-03 (Q1)",
      "revenue": 80489000,
      "gross_profit": null,
      "operating_income": null,
      "net_income": 16925000,
      "opex": null,
      "cogs": null,
      "rd": null,
      "sga": null,
      "fcf": 6760000,
      "ocf": 7506000,
      "capex": -746000,
      "gross_margin": null,
      "op_margin": null,
      "fcf_margin": 0.08398663171365031,
      "rev_growth_yoy": 0.026148040490578547,
      "rev_growth_yoy_accel": 0.02169724373527207,
      "fcf_margin_change": 0.0347954589142095
    },
    {
      "date": "2024-06-30T00:00:00",
      "quarter_label": "2024-06 (Q2)",
      "revenue": 75830000,
      "gross_profit": null,
      "operating_income": null,
      "net_income": 10993000,
      "opex": null,
      "cogs": null,
      "rd": null,
      "sga": null,
      "fcf": -2648000,
      "ocf": -2592000,
      "capex": -56000,
      "gross_margin": null,
      "op_margin": null,
      "fcf_margin": -0.03492021627324278,
      "rev_growth_yoy": 0.0022601408953330073,
      "rev_growth_yoy_accel": -0.02388789959524554,
      "fcf_margin_change": -0.11890684798689309
    },
    {
      "date": "2024-09-30T00:00:00",
      "quarter_label": "2024-09 (Q3)",
      "revenue": 78695000,
      "gross_profit": null,
      "operating_income": null,
      "net_income": 14324000,
      "opex": null,
      "cogs": null,
      "rd": null,
      "sga": null,
      "fcf": 8425000,
      "ocf": 8449000,
      "capex": -24000,
      "gross_margin": null,
      "op_margin": null,
      "fcf_margin": 0.10705889827816252,
      "rev_growth_yoy": 0.08335627753303965,
      "rev_growth_yoy_accel": 0.08109613663770664,
      "fcf_margin_change": 0.1419791145514053
    },
    {
      "date": "2024-12-31T00:00:00",
      "quarter_label": "2024-12 (Q4)",
      "revenue": 74029000,
      "gross_profit": null,
      "operating_income": null,
      "net_income": 13194000,
      "opex": null,
      "cogs": null,
      "rd": null,
      "sga": null,
      "fcf": 10813000,
      "ocf": 10827000,
      "capex": -14000,
      "gross_margin": null,
      "op_margin": null,
      "fcf_margin": 0.14606438017533668,
      "rev_growth_yoy": -0.07597733286734236,
      "rev_growth_yoy_accel": -0.15933361040038202,
      "fcf_margin_change": 0.03900548189717416
    },
    {
      "date": "2025-03-31T00:00:00",
      "quarter_label": "2025-03 (Q1)",
      "revenue": 72597000,
      "gross_profit": null,
      "operating_income": null,
      "net_income": 8949000,
      "opex": null,
      "cogs": null,
      "rd": null,
      "sga": null,
      "fcf": -1794000,
      "ocf": -1792000,
      "capex": -2000,
      "gross_margin": null,
      "op_margin": null,
      "fcf_margin": -0.024711764948964834,
      "rev_growth_yoy": -0.098050665308303,
      "rev_growth_yoy_accel": -0.022073332440960644,
      "fcf_margin_change": -0.1707761451243015
    },
    {
      "date": "2025-06-30T00:00:00",
      "quarter_label": "2025-06 (Q2)",
      "revenue": 81088000,
      "gross_profit": null,
      "operating_income": null,
      "net_income": 13955000,
      "opex": null,
      "cogs": null,
      "rd": null,
      "sga": null,
      "fcf": -9525000,
      "ocf": -8443000,
      "capex": -1082000,
      "gross_margin": null,
      "op_margin": null,
      "fcf_margin": -0.11746497632202052,
      "rev_growth_yoy": 0.0693393116180931,
      "rev_growth_yoy_accel": 0.16738997692639612,
      "fcf_margin_change": -0.09275321137305569
    },
    {
      "date": "2025-09-30T00:00:00",
      "quarter_label": "2025-09 (Q3)",
      "revenue": 81976000,
      "gross_profit": null,
      "operating_income": null,
      "net_income": 13818000,
      "opex": null,
      "cogs": null,
      "rd": null,
      "sga": null,
      "fcf": 9791000,
      "ocf": 10682000,
      "capex": -891000,
      "gross_margin": null,
      "op_margin": null,
      "fcf_margin": 0.11943739631111545,
      "rev_growth_yoy": 0.04169261071224347,
      "rev_growth_yoy_accel": -0.027646700905849635,
      "fcf_margin_change": 0.23690237263313596
    }
  ],
  "signals": [
    {
      "quarter": "2025-09 (Q3)",
      "signal": "FCF TURNED POSITIVE",
      "detail": "FCF margin: -11.7% -> +11.9%",
      "severity": "HIGH"
    },
    {
      "quarter": "2025-06 (Q2)",
      "signal": "YoY REVENUE GROWTH ACCELERATION",
      "detail": "YoY growth: +6.9% vs prior quarter YoY: -9.8% (accel: +16.7%)",
      "severity": "HIGH"
    },
    {
      "quarter": "2024-12 (Q4)",
      "signal": "YoY REVENUE GROWTH DECELERATION",
      "detail": "YoY growth: -7.6% vs prior quarter YoY: +8.3% (decel: -15.9%)",
      "severity": "WARNING"
    },
    {
      "quarter": "2024-09 (Q3)",
      "signal": "FCF TURNED POSITIVE",
      "detail": "FCF margin: -3.5% -> +10.7%",
      "severity": "HIGH"
    },
    {
      "quarter": "2024-09 (Q3)",
      "signal": "YoY REVENUE GROWTH ACCELERATION",
      "detail": "YoY growth: +8.3% vs prior quarter YoY: +0.2% (accel: +8.1%)",
      "severity": "MEDIUM"
    },
    {
      "quarter": "2023-09 (Q3)",
      "signal": "YoY REVENUE GROWTH DECELERATION",
      "detail": "YoY growth: +1.8% vs prior quarter YoY: +11.2% (decel: -9.4%)",
      "severity": "WARNING"
    },
    {
      "quarter": "2023-06 (Q2)",
      "signal": "YoY REVENUE GROWTH ACCELERATION",
      "detail": "YoY growth: +11.2% vs prior quarter YoY: +3.8% (accel: +7.4%)",
      "severity": "MEDIUM"
    },
    {
      "quarter": "2023-03 (Q1)",
      "signal": "FCF TURNED POSITIVE",
      "detail": "FCF margin: -10.1% -> +17.1%",
      "severity": "HIGH"
    },
    {
      "quarter": "2022-09 (Q3)",
      "signal": "YoY REVENUE GROWTH ACCELERATION",
      "detail": "YoY growth: -2.3% vs prior quarter YoY: -16.2% (accel: +13.9%)",
      "severity": "MEDIUM"
    },
    {
      "quarter": "2022-06 (Q2)",
      "signal": "FCF MARGIN EXPANSION",
      "detail": "FCF margin: +9.1% -> +25.1% (+16.0%)",
      "severity": "MEDIUM"
    },
    {
      "quarter": "2022-06 (Q2)",
      "signal": "YoY REVENUE GROWTH DECELERATION",
      "detail": "YoY growth: -16.2% vs prior quarter YoY: -9.3% (decel: -6.8%)",
      "severity": "WARNING"
    },
    {
      "quarter": "2021-12 (Q4)",
      "signal": "FCF MARGIN EXPANSION",
      "detail": "FCF margin: +4.5% -> +10.2% (+5.7%)",
      "severity": "MEDIUM"
    },
    {
      "quarter": "2021-03 (Q1)",
      "signal": "FCF MARGIN EXPANSION",
      "detail": "FCF margin: +13.9% -> +19.4% (+5.5%)",
      "severity": "MEDIUM"
    }
  ],
  "data_quality": {
    "n_quarters": 20,
    "coverage": {
      "revenue": [
        20,
        20
      ],
      "gross_profit": [
        0,
        20
      ],
      "op_income": [
        0,
        20
      ],
      "fcf": [
        20,
        20
      ]
    },
    "gaps": [],
    "warnings": [
      "gross_profit: no data",
      "op_income: no data"
    ]
  },
  "market_cap": null,
  "source": "SEC EDGAR",
  "last_updated": "2026-02-02T22:13:35.150170",
  "sector": "Financial Services",
  "industry": "Insurance - Specialty"
}