{
  "ticker": "AMT",
  "name": "AMERICAN TOWER CORP /MA/",
  "quarters": [
    {
      "date": "2020-12-31T00:00:00",
      "quarter_label": "2020-12 (Q4)",
      "revenue": 2122500000,
      "gross_profit": null,
      "operating_income": 674300000,
      "net_income": 365100000,
      "opex": 1448200000,
      "cogs": null,
      "rd": null,
      "sga": 196300000,
      "fcf": 769400000,
      "ocf": 1132300000,
      "capex": -362900000,
      "gross_margin": null,
      "op_margin": 0.31769140164899884,
      "fcf_margin": 0.36249705535924615
    },
    {
      "date": "2021-03-31T00:00:00",
      "quarter_label": "2021-03 (Q1)",
      "revenue": 2158500000,
      "gross_profit": null,
      "operating_income": 828700000,
      "net_income": 645000000,
      "opex": 1329800000,
      "cogs": null,
      "rd": null,
      "sga": 182600000,
      "fcf": 767900000,
      "ocf": 1092700000,
      "capex": -324800000,
      "gross_margin": null,
      "op_margin": 0.38392402131109565,
      "fcf_margin": 0.35575631225388,
      "op_leverage_ratio": Infinity,
      "fcf_margin_change": -0.006740743105366154
    },
    {
      "date": "2021-06-30T00:00:00",
      "quarter_label": "2021-06 (Q2)",
      "revenue": 2298900000,
      "gross_profit": null,
      "operating_income": 849200000,
      "net_income": 746300000,
      "opex": 1449700000,
      "cogs": null,
      "rd": null,
      "sga": 207200000,
      "fcf": 674000000,
      "ocf": 951900000,
      "capex": -277900000,
      "gross_margin": null,
      "op_margin": 0.3693940580277524,
      "fcf_margin": 0.2931836965505242,
      "op_leverage_ratio": 0.7214100701244551,
      "fcf_margin_change": -0.06257261570335582
    },
    {
      "date": "2021-09-30T00:00:00",
      "quarter_label": "2021-09 (Q3)",
      "revenue": 2454300000,
      "gross_profit": null,
      "operating_income": 827500000,
      "net_income": 723000000,
      "opex": 1626800000,
      "cogs": null,
      "rd": null,
      "sga": 205900000,
      "fcf": 1782400000,
      "ocf": 2096400000,
      "capex": -314000000,
      "gross_margin": null,
      "op_margin": 0.33716334596422604,
      "fcf_margin": 0.7262355865216151,
      "op_leverage_ratio": 0.5533380202286126,
      "fcf_margin_change": 0.43305188997109095
    },
    {
      "date": "2021-12-31T00:00:00",
      "quarter_label": "2021-12 (Q4)",
      "revenue": 2445200000,
      "gross_profit": null,
      "operating_income": 626600000,
      "net_income": null,
      "opex": 1818600000,
      "cogs": null,
      "rd": null,
      "sga": 215900000,
      "fcf": 218900000,
      "ocf": 678900000,
      "capex": -460000000,
      "gross_margin": null,
      "op_margin": 0.2562571568787829,
      "fcf_margin": 0.08952232946180272,
      "incr_op_margin_yoy": -0.14781530833591572,
      "rev_growth_yoy": 0.152037691401649,
      "fcf_margin_change": -0.6367132570598124
    },
    {
      "date": "2022-03-31T00:00:00",
      "quarter_label": "2022-03 (Q1)",
      "revenue": 2660300000,
      "gross_profit": null,
      "operating_income": 725100000,
      "net_income": 711700000,
      "opex": 1935200000,
      "cogs": null,
      "rd": null,
      "sga": 293900000,
      "fcf": 277500000,
      "ocf": 663600000,
      "capex": -386100000,
      "gross_margin": null,
      "op_margin": 0.2725632447468331,
      "fcf_margin": 0.1043115438108484,
      "incr_op_margin_yoy": -0.2064567556795536,
      "rev_growth_yoy": 0.23247625665971738,
      "rev_growth_yoy_accel": 0.08043856525806839,
      "op_leverage_ratio": 1.3720333238025195,
      "fcf_margin_change": 0.014789214349045676
    },
    {
      "date": "2022-06-30T00:00:00",
      "quarter_label": "2022-06 (Q2)",
      "revenue": 2674300000,
      "gross_profit": null,
      "operating_income": 782300000,
      "net_income": 898200000,
      "opex": 1892000000,
      "cogs": null,
      "rd": null,
      "sga": 222900000,
      "fcf": 545200000,
      "ocf": 915300000,
      "capex": -370100000,
      "gross_margin": null,
      "op_margin": 0.2925251467673784,
      "fcf_margin": 0.2038664323374341,
      "incr_op_margin_yoy": -0.1782099094299414,
      "rev_growth_yoy": 0.16329548914698333,
      "rev_growth_yoy_accel": -0.06918076751273405,
      "fcf_margin_change": 0.0995548885265857
    },
    {
      "date": "2022-09-30T00:00:00",
      "quarter_label": "2022-09 (Q3)",
      "revenue": 2671500000,
      "gross_profit": null,
      "operating_income": 652900000,
      "net_income": 839700000,
      "opex": 2018600000,
      "cogs": null,
      "rd": null,
      "sga": 231200000,
      "fcf": 473100000,
      "ocf": 932300000,
      "capex": -459200000,
      "gross_margin": null,
      "op_margin": 0.24439453490548382,
      "fcf_margin": 0.17709152161706906,
      "incr_op_margin_yoy": -0.8038674033149171,
      "rev_growth_yoy": 0.08849773866275516,
      "rev_growth_yoy_accel": -0.07479775048422817,
      "fcf_margin_change": -0.02677491072036503
    },
    {
      "date": "2022-12-31T00:00:00",
      "quarter_label": "2022-12 (Q4)",
      "revenue": 2705000000,
      "gross_profit": null,
      "operating_income": 192000000,
      "net_income": null,
      "opex": 2513000000,
      "cogs": null,
      "rd": null,
      "sga": 224300000,
      "fcf": 526800000,
      "ocf": 1185000000,
      "capex": -658200000,
      "gross_margin": null,
      "op_margin": 0.0709796672828096,
      "fcf_margin": 0.19475046210720887,
      "incr_op_margin_yoy": -1.6728252501924556,
      "rev_growth_yoy": 0.1062489775887453,
      "rev_growth_yoy_accel": 0.017751238925990134,
      "op_leverage_ratio": 0.0511989949042603,
      "fcf_margin_change": 0.0176589404901398
    },
    {
      "date": "2023-03-31T00:00:00",
      "quarter_label": "2023-03 (Q1)",
      "revenue": 2767200000,
      "gross_profit": null,
      "operating_income": 775600000,
      "net_income": null,
      "opex": 1991600000,
      "cogs": null,
      "rd": null,
      "sga": 263900000,
      "fcf": 608600000,
      "ocf": 1070500000,
      "capex": -461900000,
      "gross_margin": null,
      "op_margin": 0.2802833188782885,
      "fcf_margin": 0.21993350679387105,
      "incr_op_margin_yoy": 0.4724041159962582,
      "rev_growth_yoy": 0.040183437958125026,
      "rev_growth_yoy_accel": -0.06606553963062027,
      "op_leverage_ratio": Infinity,
      "fcf_margin_change": 0.025183044686662187
    },
    {
      "date": "2023-06-30T00:00:00",
      "quarter_label": "2023-06 (Q2)",
      "revenue": 2771700000,
      "gross_profit": null,
      "operating_income": 873700000,
      "net_income": null,
      "opex": 1898000000,
      "cogs": null,
      "rd": null,
      "sga": 244400000,
      "fcf": 788500000,
      "ocf": 1209400000,
      "capex": -420900000,
      "gross_margin": null,
      "op_margin": 0.31522170509073855,
      "fcf_margin": 0.2844824475953386,
      "incr_op_margin_yoy": 0.9383983572895277,
      "rev_growth_yoy": 0.03642074561567513,
      "rev_growth_yoy_accel": -0.003762692342449893,
      "fcf_margin_change": 0.06454894080146753
    },
    {
      "date": "2023-09-30T00:00:00",
      "quarter_label": "2023-09 (Q3)",
      "revenue": 2818600000,
      "gross_profit": null,
      "operating_income": 658700000,
      "net_income": null,
      "opex": 2159900000,
      "cogs": null,
      "rd": null,
      "sga": 231900000,
      "fcf": 909900000,
      "ocf": 1300600000,
      "capex": -390700000,
      "gross_margin": null,
      "op_margin": 0.2336975803590435,
      "fcf_margin": 0.3228198396366991,
      "incr_op_margin_yoy": 0.03942895989123046,
      "rev_growth_yoy": 0.0550626988583193,
      "rev_growth_yoy_accel": 0.018641953242644164,
      "op_leverage_ratio": 0.12262734643468638,
      "fcf_margin_change": 0.038337392041360496
    },
    {
      "date": "2023-12-31T00:00:00",
      "quarter_label": "2023-12 (Q4)",
      "revenue": 2456100000,
      "gross_profit": null,
      "operating_income": 612800000,
      "net_income": null,
      "opex": 2069800000,
      "cogs": null,
      "rd": null,
      "sga": 252300000,
      "fcf": 617300000,
      "ocf": 1141900000,
      "capex": -524600000,
      "gross_margin": null,
      "op_margin": 0.24950124180611538,
      "fcf_margin": 0.25133341476324256,
      "incr_op_margin_yoy": -1.6906388107673764,
      "rev_growth_yoy": -0.09201478743068392,
      "rev_growth_yoy_accel": -0.14707748628900322,
      "fcf_margin_change": -0.07148642487345652
    },
    {
      "date": "2024-03-31T00:00:00",
      "quarter_label": "2024-03 (Q1)",
      "revenue": 2834100000,
      "gross_profit": null,
      "operating_income": 1236600000,
      "net_income": null,
      "opex": 1597500000,
      "cogs": null,
      "rd": null,
      "sga": 257000000,
      "fcf": 886900000,
      "ocf": 1283600000,
      "capex": -396700000,
      "gross_margin": null,
      "op_margin": 0.4363289933312163,
      "fcf_margin": 0.31293885184009035,
      "incr_op_margin_yoy": 6.890881913303438,
      "rev_growth_yoy": 0.02417606244579358,
      "rev_growth_yoy_accel": 0.1161908498764775,
      "op_leverage_ratio": Infinity,
      "fcf_margin_change": 0.06160543707684779
    },
    {
      "date": "2024-06-30T00:00:00",
      "quarter_label": "2024-06 (Q2)",
      "revenue": 2900300000,
      "gross_profit": null,
      "operating_income": 1284300000,
      "net_income": null,
      "opex": 1616000000,
      "cogs": null,
      "rd": null,
      "sga": 234300000,
      "fcf": 1013300000,
      "ocf": 1338500000,
      "capex": -325200000,
      "gross_margin": null,
      "op_margin": 0.4428162603868565,
      "fcf_margin": 0.34937765058787024,
      "incr_op_margin_yoy": 3.192846034214619,
      "rev_growth_yoy": 0.04639751776887831,
      "rev_growth_yoy_accel": 0.022221455323084727,
      "op_leverage_ratio": 2.0170281427823507,
      "fcf_margin_change": 0.03643879874777989
    },
    {
      "date": "2024-09-30T00:00:00",
      "quarter_label": "2024-09 (Q3)",
      "revenue": 2522300000,
      "gross_profit": null,
      "operating_income": 1139200000,
      "net_income": null,
      "opex": 1383100000,
      "cogs": null,
      "rd": null,
      "sga": 227700000,
      "fcf": 1044700000,
      "ocf": 1469400000,
      "capex": -424700000,
      "gross_margin": null,
      "op_margin": 0.4516512706656623,
      "fcf_margin": 0.4141854656464338,
      "incr_op_margin_yoy": -1.6216672291596355,
      "rev_growth_yoy": -0.10512311076420919,
      "rev_growth_yoy_accel": -0.1515206285330875,
      "fcf_margin_change": 0.06480781505856359
    },
    {
      "date": "2024-12-31T00:00:00",
      "quarter_label": "2024-12 (Q4)",
      "revenue": 2547600000,
      "gross_profit": null,
      "operating_income": 1080100000,
      "net_income": null,
      "opex": 1467500000,
      "cogs": null,
      "rd": null,
      "sga": 243100000,
      "fcf": 755600000,
      "ocf": 1199000000,
      "capex": -443400000,
      "gross_margin": null,
      "op_margin": 0.4239676558329408,
      "fcf_margin": 0.2965928717224054,
      "incr_op_margin_yoy": 5.107103825136612,
      "rev_growth_yoy": 0.03725418346158544,
      "rev_growth_yoy_accel": 0.14237729422579462,
      "op_leverage_ratio": 0.16437467834311306,
      "fcf_margin_change": -0.11759259392402843
    },
    {
      "date": "2025-03-31T00:00:00",
      "quarter_label": "2025-03 (Q1)",
      "revenue": 2562800000,
      "gross_profit": null,
      "operating_income": 1254100000,
      "net_income": null,
      "opex": 1308700000,
      "cogs": null,
      "rd": null,
      "sga": 237500000,
      "fcf": 963900000,
      "ocf": 1295000000,
      "capex": -331100000,
      "gross_margin": null,
      "op_margin": 0.4893475885749961,
      "fcf_margin": 0.3761120649289839,
      "incr_op_margin_yoy": -0.06450423884998158,
      "rev_growth_yoy": -0.09572703856603507,
      "rev_growth_yoy_accel": -0.1329812220276205,
      "fcf_margin_change": 0.07951919320657852
    },
    {
      "date": "2025-06-30T00:00:00",
      "quarter_label": "2025-06 (Q2)",
      "revenue": 2626900000,
      "gross_profit": null,
      "operating_income": 1197700000,
      "net_income": null,
      "opex": 1429200000,
      "cogs": null,
      "rd": null,
      "sga": 233700000,
      "fcf": 976900000,
      "ocf": 1281500000,
      "capex": -304600000,
      "gross_margin": null,
      "op_margin": 0.4559366553732536,
      "fcf_margin": 0.3718832083444364,
      "incr_op_margin_yoy": 0.3167520117044623,
      "rev_growth_yoy": -0.09426611040237216,
      "rev_growth_yoy_accel": 0.001460928163662903,
      "op_leverage_ratio": 0.2716416562020145,
      "fcf_margin_change": -0.0042288565845475246
    },
    {
      "date": "2025-09-30T00:00:00",
      "quarter_label": "2025-09 (Q3)",
      "revenue": 2717400000,
      "gross_profit": null,
      "operating_income": 1233300000,
      "net_income": null,
      "opex": 1484100000,
      "cogs": null,
      "rd": null,
      "sga": 233000000,
      "fcf": 994500000,
      "ocf": 1460000000,
      "capex": -465500000,
      "gross_margin": null,
      "op_margin": 0.45385294767056744,
      "fcf_margin": 0.3659748288805476,
      "incr_op_margin_yoy": 0.4823167606355715,
      "rev_growth_yoy": 0.0773500376640368,
      "rev_growth_yoy_accel": 0.17161614806640896,
      "op_leverage_ratio": 0.8968621619074779,
      "fcf_margin_change": -0.00590837946388878
    }
  ],
  "signals": [
    {
      "quarter": "2025-09 (Q3)",
      "signal": "YoY REVENUE GROWTH ACCELERATION",
      "detail": "YoY growth: +7.7% vs prior quarter YoY: -9.4% (accel: +17.2%)",
      "severity": "HIGH"
    },
    {
      "quarter": "2025-03 (Q1)",
      "signal": "FCF MARGIN EXPANSION",
      "detail": "FCF margin: +29.7% -> +37.6% (+8.0%)",
      "severity": "MEDIUM"
    },
    {
      "quarter": "2025-03 (Q1)",
      "signal": "YoY REVENUE GROWTH DECELERATION",
      "detail": "YoY growth: -9.6% vs prior quarter YoY: +3.7% (decel: -13.3%)",
      "severity": "WARNING"
    },
    {
      "quarter": "2024-12 (Q4)",
      "signal": "YoY REVENUE GROWTH ACCELERATION",
      "detail": "YoY growth: +3.7% vs prior quarter YoY: -10.5% (accel: +14.2%)",
      "severity": "MEDIUM"
    },
    {
      "quarter": "2024-12 (Q4)",
      "signal": "INCREMENTAL MARGIN (YoY)",
      "detail": "YoY Incr OPM: +510.7% vs year-ago OPM: +25.0%",
      "severity": "HIGH"
    },
    {
      "quarter": "2024-09 (Q3)",
      "signal": "FCF MARGIN EXPANSION",
      "detail": "FCF margin: +34.9% -> +41.4% (+6.5%)",
      "severity": "MEDIUM"
    },
    {
      "quarter": "2024-09 (Q3)",
      "signal": "YoY REVENUE GROWTH DECELERATION",
      "detail": "YoY growth: -10.5% vs prior quarter YoY: +4.6% (decel: -15.2%)",
      "severity": "WARNING"
    },
    {
      "quarter": "2024-06 (Q2)",
      "signal": "OPERATING LEVERAGE",
      "detail": "Rev growth +2.3% vs OpEx growth +1.2% (leverage: 2.0x)",
      "severity": "MEDIUM"
    },
    {
      "quarter": "2024-06 (Q2)",
      "signal": "INCREMENTAL MARGIN (YoY)",
      "detail": "YoY Incr OPM: +319.3% vs year-ago OPM: +31.5%",
      "severity": "HIGH"
    },
    {
      "quarter": "2024-03 (Q1)",
      "signal": "FCF MARGIN EXPANSION",
      "detail": "FCF margin: +25.1% -> +31.3% (+6.2%)",
      "severity": "MEDIUM"
    },
    {
      "quarter": "2024-03 (Q1)",
      "signal": "YoY REVENUE GROWTH ACCELERATION",
      "detail": "YoY growth: +2.4% vs prior quarter YoY: -9.2% (accel: +11.6%)",
      "severity": "MEDIUM"
    },
    {
      "quarter": "2024-03 (Q1)",
      "signal": "INCREMENTAL MARGIN (YoY)",
      "detail": "YoY Incr OPM: +689.1% vs year-ago OPM: +28.0%",
      "severity": "HIGH"
    },
    {
      "quarter": "2023-12 (Q4)",
      "signal": "YoY REVENUE GROWTH DECELERATION",
      "detail": "YoY growth: -9.2% vs prior quarter YoY: +5.5% (decel: -14.7%)",
      "severity": "WARNING"
    },
    {
      "quarter": "2023-06 (Q2)",
      "signal": "FCF MARGIN EXPANSION",
      "detail": "FCF margin: +22.0% -> +28.4% (+6.5%)",
      "severity": "MEDIUM"
    },
    {
      "quarter": "2023-06 (Q2)",
      "signal": "INCREMENTAL MARGIN (YoY)",
      "detail": "YoY Incr OPM: +93.8% vs year-ago OPM: +29.3%",
      "severity": "HIGH"
    },
    {
      "quarter": "2023-03 (Q1)",
      "signal": "YoY REVENUE GROWTH DECELERATION",
      "detail": "YoY growth: +4.0% vs prior quarter YoY: +10.6% (decel: -6.6%)",
      "severity": "WARNING"
    },
    {
      "quarter": "2023-03 (Q1)",
      "signal": "INCREMENTAL MARGIN (YoY)",
      "detail": "YoY Incr OPM: +47.2% vs year-ago OPM: +27.3%",
      "severity": "MEDIUM"
    },
    {
      "quarter": "2022-09 (Q3)",
      "signal": "YoY REVENUE GROWTH DECELERATION",
      "detail": "YoY growth: +8.8% vs prior quarter YoY: +16.3% (decel: -7.5%)",
      "severity": "WARNING"
    },
    {
      "quarter": "2022-06 (Q2)",
      "signal": "FCF MARGIN EXPANSION",
      "detail": "FCF margin: +10.4% -> +20.4% (+10.0%)",
      "severity": "MEDIUM"
    },
    {
      "quarter": "2022-06 (Q2)",
      "signal": "YoY REVENUE GROWTH DECELERATION",
      "detail": "YoY growth: +16.3% vs prior quarter YoY: +23.2% (decel: -6.9%)",
      "severity": "WARNING"
    },
    {
      "quarter": "2022-03 (Q1)",
      "signal": "YoY REVENUE GROWTH ACCELERATION",
      "detail": "YoY growth: +23.2% vs prior quarter YoY: +15.2% (accel: +8.0%)",
      "severity": "MEDIUM"
    },
    {
      "quarter": "2021-09 (Q3)",
      "signal": "FCF MARGIN EXPANSION",
      "detail": "FCF margin: +29.3% -> +72.6% (+43.3%)",
      "severity": "MEDIUM"
    }
  ],
  "data_quality": {
    "n_quarters": 20,
    "coverage": {
      "revenue": [
        20,
        20
      ],
      "gross_profit": [
        0,
        20
      ],
      "op_income": [
        20,
        20
      ],
      "fcf": [
        20,
        20
      ]
    },
    "gaps": [],
    "warnings": [
      "gross_profit: no data"
    ]
  },
  "market_cap": null,
  "source": "SEC EDGAR",
  "last_updated": "2026-02-02T19:52:33.115357"
}