{
  "ticker": "AMWD",
  "name": "American Woodmark Corp",
  "quarters": [
    {
      "date": "2021-01-31T00:00:00",
      "quarter_label": "2021-01 (Q1)",
      "revenue": 431954000,
      "gross_profit": 75820000,
      "operating_income": 28603000,
      "net_income": 17195000,
      "opex": 47217000,
      "cogs": 356134000,
      "rd": null,
      "sga": null,
      "fcf": 19604000,
      "ocf": 30941000,
      "capex": -11337000,
      "gross_margin": 0.1755279497353885,
      "op_margin": 0.06621769910684934,
      "fcf_margin": 0.045384462234404586
    },
    {
      "date": "2021-04-30T00:00:00",
      "quarter_label": "2021-04 (Q2)",
      "revenue": 473390000,
      "gross_profit": 73806000,
      "operating_income": 21397000,
      "net_income": 2827000,
      "opex": 52409000,
      "cogs": 399584000,
      "rd": null,
      "sga": null,
      "fcf": 33999000,
      "ocf": 44254000,
      "capex": -10255000,
      "gross_margin": 0.15590950379179958,
      "op_margin": 0.045199518367519384,
      "fcf_margin": 0.07182027503749551,
      "op_leverage_ratio": 0.8723766458097358,
      "fcf_margin_change": 0.026435812803090923
    },
    {
      "date": "2021-07-31T00:00:00",
      "quarter_label": "2021-07 (Q3)",
      "revenue": 442581000,
      "gross_profit": 53443000,
      "operating_income": 6456000,
      "net_income": 2981000,
      "opex": 46987000,
      "cogs": 389138000,
      "rd": null,
      "sga": null,
      "fcf": -5283000,
      "ocf": 6588000,
      "capex": -11871000,
      "gross_margin": 0.12075303729712752,
      "op_margin": 0.014587160316416655,
      "fcf_margin": -0.011936798009855823,
      "fcf_margin_change": -0.08375707304735133
    },
    {
      "date": "2021-10-31T00:00:00",
      "quarter_label": "2021-10 (Q4)",
      "revenue": 453163000,
      "gross_profit": 51694000,
      "operating_income": 5533000,
      "net_income": 2030000,
      "opex": 46161000,
      "cogs": 401469000,
      "rd": null,
      "sga": null,
      "fcf": -27002000,
      "ocf": -16764000,
      "capex": -10238000,
      "gross_margin": 0.11407374388465077,
      "op_margin": 0.012209734687077277,
      "fcf_margin": -0.05958562371596975,
      "op_leverage_ratio": Infinity,
      "fcf_margin_change": -0.04764882570611393
    },
    {
      "date": "2022-01-31T00:00:00",
      "quarter_label": "2022-01 (Q1)",
      "revenue": 459736000,
      "gross_profit": 51820000,
      "operating_income": 5224000,
      "net_income": -49257000,
      "opex": 46596000,
      "cogs": 407916000,
      "rd": null,
      "sga": null,
      "fcf": -10578000,
      "ocf": -2875000,
      "capex": -7703000,
      "gross_margin": 0.11271686359127847,
      "op_margin": 0.011363043137800824,
      "fcf_margin": -0.023008857257208484,
      "incr_op_margin_yoy": -0.8415160895543877,
      "rev_growth_yoy": 0.06431703375822426,
      "op_leverage_ratio": 1.5392003044957485,
      "fcf_margin_change": 0.03657676645876127
    },
    {
      "date": "2022-04-30T00:00:00",
      "quarter_label": "2022-04 (Q2)",
      "revenue": 501706000,
      "gross_profit": 69487000,
      "operating_income": 18946000,
      "net_income": 14524000,
      "opex": 50541000,
      "cogs": 432219000,
      "rd": null,
      "sga": null,
      "fcf": 23186000,
      "ocf": 37496000,
      "capex": -14310000,
      "gross_margin": 0.1385014331102279,
      "op_margin": 0.03776315212494967,
      "fcf_margin": 0.04621431675124475,
      "incr_op_margin_yoy": -0.08655883599378443,
      "rev_growth_yoy": 0.059815374215762905,
      "rev_growth_yoy_accel": -0.004501659542461352,
      "op_leverage_ratio": 1.0782813293871882,
      "fcf_margin_change": 0.06922317400845324
    },
    {
      "date": "2022-07-31T00:00:00",
      "quarter_label": "2022-07 (Q3)",
      "revenue": 542893000,
      "gross_profit": 86747000,
      "operating_income": 30801000,
      "net_income": 20070000,
      "opex": 55946000,
      "cogs": 456146000,
      "rd": null,
      "sga": null,
      "fcf": 33909000,
      "ocf": 37295000,
      "capex": -3386000,
      "gross_margin": 0.15978655094097732,
      "op_margin": 0.05673493671865358,
      "fcf_margin": 0.062459821732827644,
      "incr_op_margin_yoy": 0.24269279846877742,
      "rev_growth_yoy": 0.22665229641579734,
      "rev_growth_yoy_accel": 0.16683692220003443,
      "op_leverage_ratio": 0.7676424752896678,
      "fcf_margin_change": 0.016245504981582892
    },
    {
      "date": "2022-10-31T00:00:00",
      "quarter_label": "2022-10 (Q4)",
      "revenue": 561499000,
      "gross_profit": 98734000,
      "operating_income": 41982000,
      "net_income": 28784000,
      "opex": 56752000,
      "cogs": 462765000,
      "rd": null,
      "sga": null,
      "fcf": 11982000,
      "ocf": 18131000,
      "capex": -6149000,
      "gross_margin": 0.17584002821020162,
      "op_margin": 0.07476771997812998,
      "fcf_margin": 0.021339307817110985,
      "incr_op_margin_yoy": 0.33644402599320633,
      "rev_growth_yoy": 0.23906629623336415,
      "rev_growth_yoy_accel": 0.012413999817566801,
      "op_leverage_ratio": 2.37888130796595,
      "fcf_margin_change": -0.04112051391571666
    },
    {
      "date": "2023-01-31T00:00:00",
      "quarter_label": "2023-01 (Q1)",
      "revenue": 480713000,
      "gross_profit": 75340000,
      "operating_income": 23818000,
      "net_income": 14728000,
      "opex": 51522000,
      "cogs": 405373000,
      "rd": null,
      "sga": null,
      "fcf": 47778000,
      "ocf": 55377000,
      "capex": -7599000,
      "gross_margin": 0.15672553061806108,
      "op_margin": 0.04954723504461082,
      "fcf_margin": 0.09938986463856812,
      "incr_op_margin_yoy": 0.8863993898078848,
      "rev_growth_yoy": 0.04562836062435833,
      "rev_growth_yoy_accel": -0.19343793560900582,
      "fcf_margin_change": 0.07805055682145715
    },
    {
      "date": "2023-04-30T00:00:00",
      "quarter_label": "2023-04 (Q2)",
      "revenue": 481095000,
      "gross_profit": 96703000,
      "operating_income": 39751000,
      "net_income": 30141000,
      "opex": 56952000,
      "cogs": 384392000,
      "rd": null,
      "sga": null,
      "fcf": 62568000,
      "ocf": 88034000,
      "capex": -25466000,
      "gross_margin": 0.2010060383084422,
      "op_margin": 0.08262609255968156,
      "fcf_margin": 0.13005331587316435,
      "incr_op_margin_yoy": -1.0094124496628014,
      "rev_growth_yoy": -0.041081828800133946,
      "rev_growth_yoy_accel": -0.08671018942449227,
      "fcf_margin_change": 0.030663451234596226
    },
    {
      "date": "2023-07-31T00:00:00",
      "quarter_label": "2023-07 (Q3)",
      "revenue": 498255000,
      "gross_profit": 109609000,
      "operating_income": 49827000,
      "net_income": 37850000,
      "opex": 59782000,
      "cogs": 388646000,
      "rd": null,
      "sga": null,
      "fcf": 72923000,
      "ocf": 86721000,
      "capex": -13798000,
      "gross_margin": 0.21998575026843684,
      "op_margin": 0.10000301050666827,
      "fcf_margin": 0.14635678518027917,
      "incr_op_margin_yoy": -0.42622877369057754,
      "rev_growth_yoy": -0.08222246372673805,
      "rev_growth_yoy_accel": -0.04114063492660411,
      "op_leverage_ratio": 0.7178091410066193,
      "fcf_margin_change": 0.01630346930711482
    },
    {
      "date": "2023-10-31T00:00:00",
      "quarter_label": "2023-10 (Q4)",
      "revenue": 473867000,
      "gross_profit": 103159000,
      "operating_income": 45464000,
      "net_income": 30341000,
      "opex": 57695000,
      "cogs": 370708000,
      "rd": null,
      "sga": null,
      "fcf": 37490000,
      "ocf": 57001000,
      "capex": -19511000,
      "gross_margin": 0.21769610460319036,
      "op_margin": 0.09594253239833117,
      "fcf_margin": 0.0791150259460988,
      "incr_op_margin_yoy": -0.0397343436187694,
      "rev_growth_yoy": -0.15606795381648053,
      "rev_growth_yoy_accel": -0.07384549008974248,
      "fcf_margin_change": -0.06724175923418037
    },
    {
      "date": "2024-01-31T00:00:00",
      "quarter_label": "2024-01 (Q1)",
      "revenue": 422102000,
      "gross_profit": 80940000,
      "operating_income": 27879000,
      "net_income": 21227000,
      "opex": 53061000,
      "cogs": 341162000,
      "rd": null,
      "sga": null,
      "fcf": 22090000,
      "ocf": 43711000,
      "capex": -21621000,
      "gross_margin": 0.19175459959914903,
      "op_margin": 0.06604801683005529,
      "fcf_margin": 0.052333322277553766,
      "incr_op_margin_yoy": -0.06928733514186756,
      "rev_growth_yoy": -0.12192514036441703,
      "rev_growth_yoy_accel": 0.034142813452063506,
      "fcf_margin_change": -0.026781703668545036
    },
    {
      "date": "2024-04-30T00:00:00",
      "quarter_label": "2024-04 (Q2)",
      "revenue": 453278000,
      "gross_profit": 84099000,
      "operating_income": 38224000,
      "net_income": 26798000,
      "opex": 45875000,
      "cogs": 369179000,
      "rd": null,
      "sga": null,
      "fcf": 7199000,
      "ocf": 43317000,
      "capex": -36118000,
      "gross_margin": 0.18553514620166872,
      "op_margin": 0.084327940027974,
      "fcf_margin": 0.015882085607507975,
      "incr_op_margin_yoy": 0.05489448898155804,
      "rev_growth_yoy": -0.05782018104532369,
      "rev_growth_yoy_accel": 0.06410495931909334,
      "op_leverage_ratio": Infinity,
      "fcf_margin_change": -0.036451236670045795
    },
    {
      "date": "2024-07-31T00:00:00",
      "quarter_label": "2024-07 (Q3)",
      "revenue": 459128000,
      "gross_profit": 92866000,
      "operating_income": 47027000,
      "net_income": 29633000,
      "opex": 45839000,
      "cogs": 366262000,
      "rd": null,
      "sga": null,
      "fcf": 29511000,
      "ocf": 40811000,
      "capex": -11300000,
      "gross_margin": 0.20226603474412364,
      "op_margin": 0.10242677423289366,
      "fcf_margin": 0.06427619313132721,
      "incr_op_margin_yoy": 0.07156183709458941,
      "rev_growth_yoy": -0.07852806293965942,
      "rev_growth_yoy_accel": -0.020707881894335728,
      "op_leverage_ratio": Infinity,
      "fcf_margin_change": 0.04839410752381923
    },
    {
      "date": "2024-10-31T00:00:00",
      "quarter_label": "2024-10 (Q4)",
      "revenue": 452482000,
      "gross_profit": 85711000,
      "operating_income": 42603000,
      "net_income": 27686000,
      "opex": 43108000,
      "cogs": 366771000,
      "rd": null,
      "sga": null,
      "fcf": 1107000,
      "ocf": 11922000,
      "capex": -10815000,
      "gross_margin": 0.1894241096883412,
      "op_margin": 0.0941540215964392,
      "fcf_margin": 0.0024465061593610354,
      "incr_op_margin_yoy": 0.13378536357259763,
      "rev_growth_yoy": -0.045128696448581564,
      "rev_growth_yoy_accel": 0.03339936649107785,
      "fcf_margin_change": -0.061829686971966176
    },
    {
      "date": "2025-01-31T00:00:00",
      "quarter_label": "2025-01 (Q1)",
      "revenue": 397580000,
      "gross_profit": 59764000,
      "operating_income": 21075000,
      "net_income": 16571000,
      "opex": 38689000,
      "cogs": 337816000,
      "rd": null,
      "sga": null,
      "fcf": 2315000,
      "ocf": 10954000,
      "capex": -8639000,
      "gross_margin": 0.15031943256703054,
      "op_margin": 0.053008199607626136,
      "fcf_margin": 0.0058227275013833695,
      "incr_op_margin_yoy": 0.27746513334964523,
      "rev_growth_yoy": -0.0580949628288897,
      "rev_growth_yoy_accel": -0.012966266380308136,
      "fcf_margin_change": 0.003376221342022334
    },
    {
      "date": "2025-04-30T00:00:00",
      "quarter_label": "2025-04 (Q2)",
      "revenue": 400395000,
      "gross_profit": 68209000,
      "operating_income": 29534000,
      "net_income": 25566000,
      "opex": 38675000,
      "cogs": 332186000,
      "rd": null,
      "sga": null,
      "fcf": 35795000,
      "ocf": 44760000,
      "capex": -8965000,
      "gross_margin": 0.17035427515328613,
      "op_margin": 0.07376215986713121,
      "fcf_margin": 0.08939921827195645,
      "incr_op_margin_yoy": 0.16432501938241023,
      "rev_growth_yoy": -0.11666791681925882,
      "rev_growth_yoy_accel": -0.058572953990369124,
      "fcf_margin_change": 0.08357649077057308
    },
    {
      "date": "2025-07-31T00:00:00",
      "quarter_label": "2025-07 (Q3)",
      "revenue": 403046000,
      "gross_profit": 67490000,
      "operating_income": 20192000,
      "net_income": 14595000,
      "opex": 47298000,
      "cogs": 335556000,
      "rd": null,
      "sga": null,
      "fcf": 25269000,
      "ocf": 33078000,
      "capex": -7809000,
      "gross_margin": 0.16744986924569405,
      "op_margin": 0.0500984999230857,
      "fcf_margin": 0.06269507698873081,
      "incr_op_margin_yoy": 0.4784957740451482,
      "rev_growth_yoy": -0.12214894321409281,
      "rev_growth_yoy_accel": -0.005481026394833985,
      "fcf_margin_change": -0.026704141283225638
    },
    {
      "date": "2025-10-31T00:00:00",
      "quarter_label": "2025-10 (Q4)",
      "revenue": 394637000,
      "gross_profit": 59903000,
      "operating_income": 12349000,
      "net_income": 6097000,
      "opex": 47554000,
      "cogs": 334734000,
      "rd": null,
      "sga": null,
      "fcf": 638000,
      "ocf": 11173000,
      "capex": -10535000,
      "gross_margin": 0.1517926600901588,
      "op_margin": 0.03129204813537504,
      "fcf_margin": 0.0016166755778094805,
      "incr_op_margin_yoy": 0.5230184112715014,
      "rev_growth_yoy": -0.1278393394654373,
      "rev_growth_yoy_accel": -0.005690396251344487,
      "fcf_margin_change": -0.06107840141092133
    }
  ],
  "signals": [
    {
      "quarter": "2025-10 (Q4)",
      "signal": "INCREMENTAL MARGIN (YoY)",
      "detail": "YoY Incr OPM: +52.3% vs year-ago OPM: +9.4%",
      "severity": "HIGH"
    },
    {
      "quarter": "2025-07 (Q3)",
      "signal": "INCREMENTAL MARGIN (YoY)",
      "detail": "YoY Incr OPM: +47.8% vs year-ago OPM: +10.2%",
      "severity": "HIGH"
    },
    {
      "quarter": "2025-04 (Q2)",
      "signal": "FCF MARGIN EXPANSION",
      "detail": "FCF margin: +0.6% -> +8.9% (+8.4%)",
      "severity": "MEDIUM"
    },
    {
      "quarter": "2025-04 (Q2)",
      "signal": "GROSS MARGIN INFLECTION",
      "detail": "GM: +18.9% -> +15.0% -> +17.0% (reversal +2.0%)",
      "severity": "MEDIUM"
    },
    {
      "quarter": "2025-04 (Q2)",
      "signal": "YoY REVENUE GROWTH DECELERATION",
      "detail": "YoY growth: -11.7% vs prior quarter YoY: -5.8% (decel: -5.9%)",
      "severity": "WARNING"
    },
    {
      "quarter": "2025-01 (Q1)",
      "signal": "INCREMENTAL MARGIN (YoY)",
      "detail": "YoY Incr OPM: +27.7% vs year-ago OPM: +6.6%",
      "severity": "HIGH"
    },
    {
      "quarter": "2024-04 (Q2)",
      "signal": "YoY REVENUE GROWTH ACCELERATION",
      "detail": "YoY growth: -5.8% vs prior quarter YoY: -12.2% (accel: +6.4%)",
      "severity": "MEDIUM"
    },
    {
      "quarter": "2023-10 (Q4)",
      "signal": "YoY REVENUE GROWTH DECELERATION",
      "detail": "YoY growth: -15.6% vs prior quarter YoY: -8.2% (decel: -7.4%)",
      "severity": "WARNING"
    },
    {
      "quarter": "2023-04 (Q2)",
      "signal": "GROSS MARGIN INFLECTION",
      "detail": "GM: +17.6% -> +15.7% -> +20.1% (reversal +4.4%)",
      "severity": "MEDIUM"
    },
    {
      "quarter": "2023-04 (Q2)",
      "signal": "YoY REVENUE GROWTH DECELERATION",
      "detail": "YoY growth: -4.1% vs prior quarter YoY: +4.6% (decel: -8.7%)",
      "severity": "WARNING"
    },
    {
      "quarter": "2023-01 (Q1)",
      "signal": "FCF MARGIN EXPANSION",
      "detail": "FCF margin: +2.1% -> +9.9% (+7.8%)",
      "severity": "MEDIUM"
    },
    {
      "quarter": "2023-01 (Q1)",
      "signal": "YoY REVENUE GROWTH DECELERATION",
      "detail": "YoY growth: +4.6% vs prior quarter YoY: +23.9% (decel: -19.3%)",
      "severity": "WARNING"
    },
    {
      "quarter": "2023-01 (Q1)",
      "signal": "INCREMENTAL MARGIN (YoY)",
      "detail": "YoY Incr OPM: +88.6% vs year-ago OPM: +1.1%",
      "severity": "HIGH"
    },
    {
      "quarter": "2022-10 (Q4)",
      "signal": "OPERATING LEVERAGE",
      "detail": "Rev growth +3.4% vs OpEx growth +1.4% (leverage: 2.4x)",
      "severity": "MEDIUM"
    },
    {
      "quarter": "2022-10 (Q4)",
      "signal": "INCREMENTAL MARGIN (YoY)",
      "detail": "YoY Incr OPM: +33.6% vs year-ago OPM: +1.2%",
      "severity": "HIGH"
    },
    {
      "quarter": "2022-07 (Q3)",
      "signal": "YoY REVENUE GROWTH ACCELERATION",
      "detail": "YoY growth: +22.7% vs prior quarter YoY: +6.0% (accel: +16.7%)",
      "severity": "HIGH"
    },
    {
      "quarter": "2022-07 (Q3)",
      "signal": "INCREMENTAL MARGIN (YoY)",
      "detail": "YoY Incr OPM: +24.3% vs year-ago OPM: +1.5%",
      "severity": "HIGH"
    },
    {
      "quarter": "2022-04 (Q2)",
      "signal": "FCF TURNED POSITIVE",
      "detail": "FCF margin: -2.3% -> +4.6%",
      "severity": "HIGH"
    },
    {
      "quarter": "2022-04 (Q2)",
      "signal": "GROSS MARGIN INFLECTION",
      "detail": "GM: +11.4% -> +11.3% -> +13.9% (reversal +2.6%)",
      "severity": "MEDIUM"
    },
    {
      "quarter": "2022-01 (Q1)",
      "signal": "OPERATING LEVERAGE",
      "detail": "Rev growth +1.5% vs OpEx growth +0.9% (leverage: 1.5x)",
      "severity": "MEDIUM"
    }
  ],
  "data_quality": {
    "n_quarters": 20,
    "coverage": {
      "revenue": [
        20,
        20
      ],
      "gross_profit": [
        20,
        20
      ],
      "op_income": [
        20,
        20
      ],
      "fcf": [
        20,
        20
      ]
    },
    "gaps": [],
    "warnings": []
  },
  "market_cap": null,
  "source": "SEC EDGAR",
  "last_updated": "2026-02-02T22:06:31.992290",
  "sector": "Consumer Cyclical",
  "industry": "Furnishings, Fixtures & Appliances"
}