{
  "ticker": "AMZN",
  "name": "AMAZON.COM, INC.",
  "sector": "Consumer Cyclical",
  "industry": "Internet Retail",
  "quarters": [
    {
      "date": "2020-12-31T00:00:00",
      "quarter_label": "2020-12 (Q4)",
      "revenue": 125555000000,
      "gross_profit": 46271000000,
      "operating_income": 6873000000,
      "net_income": 7222000000,
      "opex": 118682000000,
      "cogs": 79284000000,
      "rd": null,
      "sga": null,
      "fcf": 30431000000,
      "ocf": 30431000000,
      "capex": null,
      "gross_margin": 0.368531719166899,
      "op_margin": 0.05474095018119549,
      "fcf_margin": 0.2423718689020748
    },
    {
      "date": "2021-03-31T00:00:00",
      "quarter_label": "2021-03 (Q1)",
      "revenue": 108518000000,
      "gross_profit": 46115000000,
      "operating_income": 8865000000,
      "net_income": 8107000000,
      "opex": 99653000000,
      "cogs": 62403000000,
      "rd": null,
      "sga": null,
      "fcf": 4213000000,
      "ocf": 4213000000,
      "capex": null,
      "gross_margin": 0.42495254243535635,
      "op_margin": 0.08169151661475516,
      "fcf_margin": 0.03882305239683739,
      "fcf_margin_change": -0.2035488165052374
    },
    {
      "date": "2021-06-30T00:00:00",
      "quarter_label": "2021-06 (Q2)",
      "revenue": 113080000000,
      "gross_profit": 48904000000,
      "operating_income": 7702000000,
      "net_income": 7778000000,
      "opex": 105378000000,
      "cogs": 64176000000,
      "rd": null,
      "sga": null,
      "fcf": 12715000000,
      "ocf": 12715000000,
      "capex": null,
      "gross_margin": 0.43247258577997877,
      "op_margin": 0.06811107180756987,
      "fcf_margin": 0.11244251857092324,
      "op_leverage_ratio": 0.7317595285944956,
      "fcf_margin_change": 0.07361946617408585
    },
    {
      "date": "2021-09-30T00:00:00",
      "quarter_label": "2021-09 (Q3)",
      "revenue": 110812000000,
      "gross_profit": 47882000000,
      "operating_income": 4852000000,
      "net_income": 3156000000,
      "opex": 105960000000,
      "cogs": 62930000000,
      "rd": null,
      "sga": null,
      "fcf": 7313000000,
      "ocf": 7313000000,
      "capex": null,
      "gross_margin": 0.43210121647475,
      "op_margin": 0.043785871566256365,
      "fcf_margin": 0.06599465761830849,
      "fcf_margin_change": -0.04644786095261476
    },
    {
      "date": "2021-12-31T00:00:00",
      "quarter_label": "2021-12 (Q4)",
      "revenue": 137412000000,
      "gross_profit": 54577000000,
      "operating_income": 3460000000,
      "net_income": 14323000000,
      "opex": 133952000000,
      "cogs": 82835000000,
      "rd": null,
      "sga": null,
      "fcf": 22086000000,
      "ocf": 22086000000,
      "capex": null,
      "gross_margin": 0.39717783017494834,
      "op_margin": 0.025179751404535267,
      "fcf_margin": 0.1607283206706838,
      "incr_op_margin_yoy": -0.28784684152821116,
      "rev_growth_yoy": 0.09443670104734976,
      "op_leverage_ratio": 0.9086630400234919,
      "fcf_margin_change": 0.09473366305237531
    },
    {
      "date": "2022-03-31T00:00:00",
      "quarter_label": "2022-03 (Q1)",
      "revenue": 116444000000,
      "gross_profit": 49945000000,
      "operating_income": 3669000000,
      "net_income": -3844000000,
      "opex": 112775000000,
      "cogs": 66499000000,
      "rd": null,
      "sga": null,
      "fcf": -2790000000,
      "ocf": -2790000000,
      "capex": null,
      "gross_margin": 0.42891862182680085,
      "op_margin": 0.031508708048504,
      "fcf_margin": -0.023960015114561507,
      "incr_op_margin_yoy": -0.6555639666919001,
      "rev_growth_yoy": 0.07303857424574725,
      "rev_growth_yoy_accel": -0.02139812680160251,
      "fcf_margin_change": -0.1846883357852453
    },
    {
      "date": "2022-06-30T00:00:00",
      "quarter_label": "2022-06 (Q2)",
      "revenue": 121234000000,
      "gross_profit": 54810000000,
      "operating_income": 3317000000,
      "net_income": -2028000000,
      "opex": 117917000000,
      "cogs": 66424000000,
      "rd": null,
      "sga": null,
      "fcf": 8965000000,
      "ocf": 8965000000,
      "capex": null,
      "gross_margin": 0.4521008957883102,
      "op_margin": 0.027360311463780786,
      "fcf_margin": 0.07394790240361615,
      "incr_op_margin_yoy": -0.5377728722099583,
      "rev_growth_yoy": 0.07210824195259993,
      "rev_growth_yoy_accel": -0.0009303322931473179,
      "op_leverage_ratio": 0.9021923937082197,
      "fcf_margin_change": 0.09790791751817765
    },
    {
      "date": "2022-09-30T00:00:00",
      "quarter_label": "2022-09 (Q3)",
      "revenue": 127101000000,
      "gross_profit": 56833000000,
      "operating_income": 2525000000,
      "net_income": 2872000000,
      "opex": 124576000000,
      "cogs": 70268000000,
      "rd": null,
      "sga": null,
      "fcf": 11404000000,
      "ocf": 11404000000,
      "capex": null,
      "gross_margin": 0.44714833085498934,
      "op_margin": 0.01986609074672898,
      "fcf_margin": 0.0897239203468108,
      "incr_op_margin_yoy": -0.14285714285714285,
      "rev_growth_yoy": 0.1469967151572032,
      "rev_growth_yoy_accel": 0.07488847320460326,
      "op_leverage_ratio": 0.8569570585135904,
      "fcf_margin_change": 0.01577601794319465
    },
    {
      "date": "2022-12-31T00:00:00",
      "quarter_label": "2022-12 (Q4)",
      "revenue": 149204000000,
      "gross_profit": 63564000000,
      "operating_income": 2737000000,
      "net_income": 278000000,
      "opex": 146467000000,
      "cogs": 85640000000,
      "rd": null,
      "sga": null,
      "fcf": 29173000000,
      "ocf": 29173000000,
      "capex": null,
      "gross_margin": 0.426020750113938,
      "op_margin": 0.018344012224873328,
      "fcf_margin": 0.19552424867966006,
      "incr_op_margin_yoy": -0.061312754409769334,
      "rev_growth_yoy": 0.08581492154979187,
      "rev_growth_yoy_accel": -0.06118179360741133,
      "op_leverage_ratio": 0.9896258643380865,
      "fcf_margin_change": 0.10580032833284926
    },
    {
      "date": "2023-03-31T00:00:00",
      "quarter_label": "2023-03 (Q1)",
      "revenue": 127358000000,
      "gross_profit": 59567000000,
      "operating_income": 4774000000,
      "net_income": 3172000000,
      "opex": 122584000000,
      "cogs": 67791000000,
      "rd": null,
      "sga": null,
      "fcf": 4788000000,
      "ocf": 4788000000,
      "capex": null,
      "gross_margin": 0.4677130608206787,
      "op_margin": 0.037484885126964934,
      "fcf_margin": 0.03759481147631087,
      "incr_op_margin_yoy": 0.10124610591900311,
      "rev_growth_yoy": 0.09372745697502662,
      "rev_growth_yoy_accel": 0.007912535425234749,
      "fcf_margin_change": -0.15792943720334918
    },
    {
      "date": "2023-06-30T00:00:00",
      "quarter_label": "2023-06 (Q2)",
      "revenue": 134383000000,
      "gross_profit": 65010000000,
      "operating_income": 7681000000,
      "net_income": 6750000000,
      "opex": 126702000000,
      "cogs": 69373000000,
      "rd": null,
      "sga": null,
      "fcf": 16476000000,
      "ocf": 16476000000,
      "capex": null,
      "gross_margin": 0.4837665478520349,
      "op_margin": 0.05715752736581264,
      "fcf_margin": 0.12260479376111562,
      "incr_op_margin_yoy": 0.3318883565290136,
      "rev_growth_yoy": 0.10845967302901827,
      "rev_growth_yoy_accel": 0.01473221605399165,
      "op_leverage_ratio": 1.6419787960133734,
      "fcf_margin_change": 0.08500998228480475
    },
    {
      "date": "2023-09-30T00:00:00",
      "quarter_label": "2023-09 (Q3)",
      "revenue": 143083000000,
      "gross_profit": 68061000000,
      "operating_income": 11188000000,
      "net_income": 9879000000,
      "opex": 131895000000,
      "cogs": 75022000000,
      "rd": null,
      "sga": null,
      "fcf": 21217000000,
      "ocf": 21217000000,
      "capex": null,
      "gross_margin": 0.47567495789157344,
      "op_margin": 0.07819237785061817,
      "fcf_margin": 0.14828456210730834,
      "incr_op_margin_yoy": 0.5420473032161182,
      "rev_growth_yoy": 0.12574251972840497,
      "rev_growth_yoy_accel": 0.017282846699386706,
      "op_leverage_ratio": 1.5795743331248662,
      "fcf_margin_change": 0.02567976834619272
    },
    {
      "date": "2023-12-31T00:00:00",
      "quarter_label": "2023-12 (Q4)",
      "revenue": 169961000000,
      "gross_profit": 77408000000,
      "operating_income": 13209000000,
      "net_income": 10624000000,
      "opex": 156752000000,
      "cogs": 92553000000,
      "rd": null,
      "sga": null,
      "fcf": 42465000000,
      "ocf": 42465000000,
      "capex": null,
      "gross_margin": 0.45544566106342044,
      "op_margin": 0.07771782938438819,
      "fcf_margin": 0.24985143650602196,
      "incr_op_margin_yoy": 0.5045045045045045,
      "rev_growth_yoy": 0.1391182542023002,
      "rev_growth_yoy_accel": 0.013375734473895229,
      "op_leverage_ratio": 0.9967552507595883,
      "fcf_margin_change": 0.10156687439871362
    },
    {
      "date": "2024-03-31T00:00:00",
      "quarter_label": "2024-03 (Q1)",
      "revenue": 143313000000,
      "gross_profit": 70680000000,
      "operating_income": 15307000000,
      "net_income": 10431000000,
      "opex": 128006000000,
      "cogs": 72633000000,
      "rd": null,
      "sga": null,
      "fcf": 18989000000,
      "ocf": 18989000000,
      "capex": null,
      "gross_margin": 0.49318624269954575,
      "op_margin": 0.10680817511321374,
      "fcf_margin": 0.13250019188768639,
      "incr_op_margin_yoy": 0.6601692259479787,
      "rev_growth_yoy": 0.12527677884388888,
      "rev_growth_yoy_accel": -0.01384147535841132,
      "fcf_margin_change": -0.11735124461833557
    },
    {
      "date": "2024-06-30T00:00:00",
      "quarter_label": "2024-06 (Q2)",
      "revenue": 147977000000,
      "gross_profit": 74192000000,
      "operating_income": 14672000000,
      "net_income": 13485000000,
      "opex": 133305000000,
      "cogs": 73785000000,
      "rd": null,
      "sga": null,
      "fcf": 25281000000,
      "ocf": 25281000000,
      "capex": null,
      "gross_margin": 0.501375213715645,
      "op_margin": 0.09915054366556965,
      "fcf_margin": 0.17084411766693472,
      "incr_op_margin_yoy": 0.5142710019126085,
      "rev_growth_yoy": 0.10115862869559393,
      "rev_growth_yoy_accel": -0.02411815014829495,
      "op_leverage_ratio": 0.7861571374357372,
      "fcf_margin_change": 0.03834392577924833
    },
    {
      "date": "2024-09-30T00:00:00",
      "quarter_label": "2024-09 (Q3)",
      "revenue": 158877000000,
      "gross_profit": 77900000000,
      "operating_income": 17411000000,
      "net_income": 15328000000,
      "opex": 141466000000,
      "cogs": 80977000000,
      "rd": null,
      "sga": null,
      "fcf": 25971000000,
      "ocf": 25971000000,
      "capex": null,
      "gross_margin": 0.4903164082906903,
      "op_margin": 0.1095879202150091,
      "fcf_margin": 0.16346607753167544,
      "incr_op_margin_yoy": 0.39401038369000885,
      "rev_growth_yoy": 0.11038348371225093,
      "rev_growth_yoy_accel": 0.009224855016657,
      "op_leverage_ratio": 1.203193122662087,
      "fcf_margin_change": -0.007378040135259278
    },
    {
      "date": "2024-12-31T00:00:00",
      "quarter_label": "2024-12 (Q4)",
      "revenue": 187792000000,
      "gross_profit": 88899000000,
      "operating_income": 21203000000,
      "net_income": 20004000000,
      "opex": 166589000000,
      "cogs": 98893000000,
      "rd": null,
      "sga": null,
      "fcf": 45636000000,
      "ocf": 45636000000,
      "capex": null,
      "gross_margin": 0.47339077276987307,
      "op_margin": 0.1129068330919315,
      "fcf_margin": 0.24301354690295646,
      "incr_op_margin_yoy": 0.44832034097919354,
      "rev_growth_yoy": 0.10491230341078248,
      "rev_growth_yoy_accel": -0.0054711803014684535,
      "op_leverage_ratio": 1.0248085533966091,
      "fcf_margin_change": 0.07954746937128102
    },
    {
      "date": "2025-03-31T00:00:00",
      "quarter_label": "2025-03 (Q1)",
      "revenue": 155667000000,
      "gross_profit": 78691000000,
      "operating_income": 18405000000,
      "net_income": 17127000000,
      "opex": 137262000000,
      "cogs": 76976000000,
      "rd": null,
      "sga": null,
      "fcf": 17015000000,
      "ocf": 17015000000,
      "capex": null,
      "gross_margin": 0.5055085535148747,
      "op_margin": 0.11823315153500742,
      "fcf_margin": 0.10930383446716388,
      "incr_op_margin_yoy": 0.25076898170632994,
      "rev_growth_yoy": 0.08620292646166083,
      "rev_growth_yoy_accel": -0.018709376949121642,
      "fcf_margin_change": -0.13370971243579258
    },
    {
      "date": "2025-06-30T00:00:00",
      "quarter_label": "2025-06 (Q2)",
      "revenue": 167702000000,
      "gross_profit": 86893000000,
      "operating_income": 19171000000,
      "net_income": 18164000000,
      "opex": 148531000000,
      "cogs": 80809000000,
      "rd": null,
      "sga": null,
      "fcf": 32515000000,
      "ocf": 32515000000,
      "capex": null,
      "gross_margin": 0.5181393185531479,
      "op_margin": 0.11431586981669867,
      "fcf_margin": 0.19388558275989554,
      "incr_op_margin_yoy": 0.22808618504435996,
      "rev_growth_yoy": 0.13329774221669582,
      "rev_growth_yoy_accel": 0.04709481575503499,
      "op_leverage_ratio": 0.9417041460001939,
      "fcf_margin_change": 0.08458174829273166
    },
    {
      "date": "2025-09-30T00:00:00",
      "quarter_label": "2025-09 (Q3)",
      "revenue": 180169000000,
      "gross_profit": 91499000000,
      "operating_income": 17422000000,
      "net_income": 21187000000,
      "opex": 162747000000,
      "cogs": 88670000000,
      "rd": null,
      "sga": null,
      "fcf": 35525000000,
      "ocf": 35525000000,
      "capex": null,
      "gross_margin": 0.5078509621522015,
      "op_margin": 0.09669810011711227,
      "fcf_margin": 0.19717598476985496,
      "incr_op_margin_yoy": 0.0005166259628029306,
      "rev_growth_yoy": 0.13401562214795093,
      "rev_growth_yoy_accel": 0.0007178799312551054,
      "op_leverage_ratio": 0.7767180677402377,
      "fcf_margin_change": 0.00329040200995942
    }
  ],
  "signals": [
    {
      "quarter": "2025-06 (Q2)",
      "signal": "FCF MARGIN EXPANSION",
      "detail": "FCF margin: +10.9% -> +19.4% (+8.5%)",
      "severity": "MEDIUM"
    },
    {
      "quarter": "2025-06 (Q2)",
      "signal": "INCREMENTAL MARGIN (YoY)",
      "detail": "YoY Incr OPM: +22.8% vs year-ago OPM: +9.9%",
      "severity": "MEDIUM"
    },
    {
      "quarter": "2025-03 (Q1)",
      "signal": "GROSS MARGIN INFLECTION",
      "detail": "GM: +49.0% -> +47.3% -> +50.6% (reversal +3.2%)",
      "severity": "MEDIUM"
    },
    {
      "quarter": "2025-03 (Q1)",
      "signal": "INCREMENTAL MARGIN (YoY)",
      "detail": "YoY Incr OPM: +25.1% vs year-ago OPM: +10.7%",
      "severity": "MEDIUM"
    },
    {
      "quarter": "2024-12 (Q4)",
      "signal": "FCF MARGIN EXPANSION",
      "detail": "FCF margin: +16.3% -> +24.3% (+8.0%)",
      "severity": "MEDIUM"
    },
    {
      "quarter": "2024-12 (Q4)",
      "signal": "INCREMENTAL MARGIN (YoY)",
      "detail": "YoY Incr OPM: +44.8% vs year-ago OPM: +7.8%",
      "severity": "HIGH"
    },
    {
      "quarter": "2024-09 (Q3)",
      "signal": "INCREMENTAL MARGIN (YoY)",
      "detail": "YoY Incr OPM: +39.4% vs year-ago OPM: +7.8%",
      "severity": "HIGH"
    },
    {
      "quarter": "2024-06 (Q2)",
      "signal": "INCREMENTAL MARGIN (YoY)",
      "detail": "YoY Incr OPM: +51.4% vs year-ago OPM: +5.7%",
      "severity": "HIGH"
    },
    {
      "quarter": "2024-03 (Q1)",
      "signal": "GROSS MARGIN INFLECTION",
      "detail": "GM: +47.6% -> +45.5% -> +49.3% (reversal +3.8%)",
      "severity": "MEDIUM"
    },
    {
      "quarter": "2024-03 (Q1)",
      "signal": "INCREMENTAL MARGIN (YoY)",
      "detail": "YoY Incr OPM: +66.0% vs year-ago OPM: +3.7%",
      "severity": "HIGH"
    },
    {
      "quarter": "2023-12 (Q4)",
      "signal": "FCF MARGIN EXPANSION",
      "detail": "FCF margin: +14.8% -> +25.0% (+10.2%)",
      "severity": "MEDIUM"
    },
    {
      "quarter": "2023-12 (Q4)",
      "signal": "INCREMENTAL MARGIN (YoY)",
      "detail": "YoY Incr OPM: +50.5% vs year-ago OPM: +1.8%",
      "severity": "HIGH"
    },
    {
      "quarter": "2023-09 (Q3)",
      "signal": "OPERATING LEVERAGE",
      "detail": "Rev growth +6.5% vs OpEx growth +4.1% (leverage: 1.6x)",
      "severity": "MEDIUM"
    },
    {
      "quarter": "2023-09 (Q3)",
      "signal": "INCREMENTAL MARGIN (YoY)",
      "detail": "YoY Incr OPM: +54.2% vs year-ago OPM: +2.0%",
      "severity": "HIGH"
    },
    {
      "quarter": "2023-06 (Q2)",
      "signal": "FCF MARGIN EXPANSION",
      "detail": "FCF margin: +3.8% -> +12.3% (+8.5%)",
      "severity": "MEDIUM"
    },
    {
      "quarter": "2023-06 (Q2)",
      "signal": "OPERATING LEVERAGE",
      "detail": "Rev growth +5.5% vs OpEx growth +3.4% (leverage: 1.6x)",
      "severity": "MEDIUM"
    },
    {
      "quarter": "2023-06 (Q2)",
      "signal": "INCREMENTAL MARGIN (YoY)",
      "detail": "YoY Incr OPM: +33.2% vs year-ago OPM: +2.7%",
      "severity": "HIGH"
    },
    {
      "quarter": "2023-03 (Q1)",
      "signal": "GROSS MARGIN INFLECTION",
      "detail": "GM: +44.7% -> +42.6% -> +46.8% (reversal +4.2%)",
      "severity": "MEDIUM"
    },
    {
      "quarter": "2022-12 (Q4)",
      "signal": "FCF MARGIN EXPANSION",
      "detail": "FCF margin: +9.0% -> +19.6% (+10.6%)",
      "severity": "MEDIUM"
    },
    {
      "quarter": "2022-12 (Q4)",
      "signal": "YoY REVENUE GROWTH DECELERATION",
      "detail": "YoY growth: +8.6% vs prior quarter YoY: +14.7% (decel: -6.1%)",
      "severity": "WARNING"
    },
    {
      "quarter": "2022-09 (Q3)",
      "signal": "YoY REVENUE GROWTH ACCELERATION",
      "detail": "YoY growth: +14.7% vs prior quarter YoY: +7.2% (accel: +7.5%)",
      "severity": "MEDIUM"
    },
    {
      "quarter": "2022-06 (Q2)",
      "signal": "FCF TURNED POSITIVE",
      "detail": "FCF margin: -2.4% -> +7.4%",
      "severity": "HIGH"
    },
    {
      "quarter": "2022-03 (Q1)",
      "signal": "GROSS MARGIN INFLECTION",
      "detail": "GM: +43.2% -> +39.7% -> +42.9% (reversal +3.2%)",
      "severity": "MEDIUM"
    },
    {
      "quarter": "2021-12 (Q4)",
      "signal": "FCF MARGIN EXPANSION",
      "detail": "FCF margin: +6.6% -> +16.1% (+9.5%)",
      "severity": "MEDIUM"
    },
    {
      "quarter": "2021-06 (Q2)",
      "signal": "FCF MARGIN EXPANSION",
      "detail": "FCF margin: +3.9% -> +11.2% (+7.4%)",
      "severity": "MEDIUM"
    }
  ],
  "data_quality": {
    "n_quarters": 20,
    "coverage": {
      "revenue": [
        20,
        20
      ],
      "gross_profit": [
        20,
        20
      ],
      "op_income": [
        20,
        20
      ],
      "fcf": [
        20,
        20
      ]
    },
    "gaps": [],
    "warnings": []
  },
  "market_cap": null,
  "source": "SEC EDGAR",
  "last_updated": "2026-02-04T17:45:14.412363"
}