{
  "ticker": "ANAB",
  "name": "ANAPTYSBIO,\u00a0INC",
  "quarters": [
    {
      "date": "2020-12-31T00:00:00",
      "quarter_label": "2020-12 (Q4)",
      "revenue": 60000000,
      "gross_profit": null,
      "operating_income": 33345000,
      "net_income": 33646000,
      "opex": 26655000,
      "cogs": null,
      "rd": 21567000,
      "sga": null,
      "fcf": 37267000,
      "ocf": 37578000,
      "capex": -311000,
      "gross_margin": null,
      "op_margin": 0.55575,
      "fcf_margin": 0.6211166666666667
    },
    {
      "date": "2021-03-31T00:00:00",
      "quarter_label": "2021-03 (Q1)",
      "revenue": 11247000,
      "gross_profit": null,
      "operating_income": -18361000,
      "net_income": -18163000,
      "opex": 29608000,
      "cogs": null,
      "rd": 24185000,
      "sga": null,
      "fcf": -23521000,
      "ocf": -23204000,
      "capex": -317000,
      "gross_margin": null,
      "op_margin": -1.6325242286832045,
      "fcf_margin": -2.0913132390859785,
      "fcf_margin_change": -2.712429905752645
    },
    {
      "date": "2021-06-30T00:00:00",
      "quarter_label": "2021-06 (Q2)",
      "revenue": 30027000,
      "gross_profit": null,
      "operating_income": -533000,
      "net_income": -429000,
      "opex": 30560000,
      "cogs": null,
      "rd": 25314000,
      "sga": null,
      "fcf": 8728000,
      "ocf": 9591000,
      "capex": -863000,
      "gross_margin": null,
      "op_margin": -0.017750691044726413,
      "fcf_margin": 0.29067172877743364,
      "op_leverage_ratio": 51.93151787255313,
      "fcf_margin_change": 2.381984967863412
    },
    {
      "date": "2021-09-30T00:00:00",
      "quarter_label": "2021-09 (Q3)",
      "revenue": 20890000,
      "gross_profit": null,
      "operating_income": -6763000,
      "net_income": -6666000,
      "opex": 27653000,
      "cogs": null,
      "rd": 22221000,
      "sga": null,
      "fcf": -7178000,
      "ocf": -7006000,
      "capex": -172000,
      "gross_margin": null,
      "op_margin": -0.323743417903303,
      "fcf_margin": -0.34360938247965533,
      "fcf_margin_change": -0.634281111257089
    },
    {
      "date": "2021-12-31T00:00:00",
      "quarter_label": "2021-12 (Q4)",
      "revenue": 1011000,
      "gross_profit": null,
      "operating_income": -31157000,
      "net_income": -32538000,
      "opex": 32168000,
      "cogs": null,
      "rd": 26776000,
      "sga": null,
      "fcf": -25315000,
      "ocf": -25301000,
      "capex": -14000,
      "gross_margin": null,
      "op_margin": -30.818001978239366,
      "fcf_margin": -25.03956478733927,
      "incr_op_margin_yoy": 1.0934581023580667,
      "rev_growth_yoy": -0.98315,
      "fcf_margin_change": -24.695955404859614
    },
    {
      "date": "2022-03-31T00:00:00",
      "quarter_label": "2022-03 (Q1)",
      "revenue": 970000,
      "gross_profit": null,
      "operating_income": -31749000,
      "net_income": -36255000,
      "opex": 32719000,
      "cogs": null,
      "rd": 22516000,
      "sga": null,
      "fcf": -21069000,
      "ocf": -21014000,
      "capex": -55000,
      "gross_margin": null,
      "op_margin": -32.730927835051546,
      "fcf_margin": -21.72061855670103,
      "incr_op_margin_yoy": 1.302714800038922,
      "rev_growth_yoy": -0.9137547790521917,
      "rev_growth_yoy_accel": 0.06939522094780826,
      "fcf_margin_change": 3.3189462306382396
    },
    {
      "date": "2022-06-30T00:00:00",
      "quarter_label": "2022-06 (Q2)",
      "revenue": 1216000,
      "gross_profit": null,
      "operating_income": -27799000,
      "net_income": -32554000,
      "opex": 29015000,
      "cogs": null,
      "rd": 20844000,
      "sga": null,
      "fcf": -24225000,
      "ocf": -24147000,
      "capex": -78000,
      "gross_margin": null,
      "op_margin": -22.861019736842106,
      "fcf_margin": -19.921875,
      "incr_op_margin_yoy": 0.946374648571726,
      "rev_growth_yoy": -0.9595031138641889,
      "rev_growth_yoy_accel": -0.04574833481199714,
      "op_leverage_ratio": Infinity,
      "fcf_margin_change": 1.7987435567010301
    },
    {
      "date": "2022-09-30T00:00:00",
      "quarter_label": "2022-09 (Q3)",
      "revenue": 1293000,
      "gross_profit": null,
      "operating_income": -29633000,
      "net_income": -33502000,
      "opex": 30926000,
      "cogs": null,
      "rd": 22064000,
      "sga": null,
      "fcf": -17797000,
      "ocf": -17747000,
      "capex": -50000,
      "gross_margin": null,
      "op_margin": -22.91802010827533,
      "fcf_margin": -13.764114462490333,
      "incr_op_margin_yoy": 1.1670153594938,
      "rev_growth_yoy": -0.9381043561512685,
      "rev_growth_yoy_accel": 0.021398757712920324,
      "op_leverage_ratio": 0.9614330296896086,
      "fcf_margin_change": 6.157760537509667
    },
    {
      "date": "2022-12-31T00:00:00",
      "quarter_label": "2022-12 (Q4)",
      "revenue": 6808000,
      "gross_profit": null,
      "operating_income": -25973000,
      "net_income": -26413000,
      "opex": 32781000,
      "cogs": null,
      "rd": 23374000,
      "sga": null,
      "fcf": -10860000,
      "ocf": -10685000,
      "capex": -175000,
      "gross_margin": null,
      "op_margin": -3.8150705052878964,
      "fcf_margin": -1.5951821386603995,
      "incr_op_margin_yoy": 0.8942556494738658,
      "rev_growth_yoy": 5.7339268051434225,
      "rev_growth_yoy_accel": 6.672031161294691,
      "op_leverage_ratio": 71.10936975586978,
      "fcf_margin_change": 12.168932323829933
    },
    {
      "date": "2023-03-31T00:00:00",
      "quarter_label": "2023-03 (Q1)",
      "revenue": 1374000,
      "gross_profit": null,
      "operating_income": -44401000,
      "net_income": -44255000,
      "opex": 45775000,
      "cogs": null,
      "rd": 34957000,
      "sga": null,
      "fcf": -24743000,
      "ocf": -24568000,
      "capex": -175000,
      "gross_margin": null,
      "op_margin": -32.31513828238719,
      "fcf_margin": -18.0080058224163,
      "rev_growth_yoy": 0.41649484536082476,
      "rev_growth_yoy_accel": -5.317431959782597,
      "fcf_margin_change": -16.412823683755903
    },
    {
      "date": "2023-06-30T00:00:00",
      "quarter_label": "2023-06 (Q2)",
      "revenue": 3460000,
      "gross_profit": null,
      "operating_income": -40143000,
      "net_income": -39845000,
      "opex": 43603000,
      "cogs": null,
      "rd": 32923000,
      "sga": null,
      "fcf": -25599000,
      "ocf": -25409000,
      "capex": -190000,
      "gross_margin": null,
      "op_margin": -11.602023121387283,
      "fcf_margin": -7.398554913294798,
      "incr_op_margin_yoy": -5.500891265597148,
      "rev_growth_yoy": 1.8453947368421053,
      "rev_growth_yoy_accel": 1.4288998914812805,
      "op_leverage_ratio": Infinity,
      "fcf_margin_change": 10.609450909121502
    },
    {
      "date": "2023-09-30T00:00:00",
      "quarter_label": "2023-09 (Q3)",
      "revenue": 3318000,
      "gross_profit": null,
      "operating_income": -37732000,
      "net_income": -37308000,
      "opex": 41050000,
      "cogs": null,
      "rd": 30878000,
      "sga": null,
      "fcf": -36636000,
      "ocf": -36474000,
      "capex": -162000,
      "gross_margin": null,
      "op_margin": -11.37191078963231,
      "fcf_margin": -11.041591320072333,
      "incr_op_margin_yoy": -3.999506172839506,
      "rev_growth_yoy": 1.5661252900232019,
      "rev_growth_yoy_accel": -0.2792694468189034,
      "fcf_margin_change": -3.6430364067775356
    },
    {
      "date": "2023-12-31T00:00:00",
      "quarter_label": "2023-12 (Q4)",
      "revenue": 9005000,
      "gross_profit": null,
      "operating_income": -42135000,
      "net_income": -42211000,
      "opex": 51140000,
      "cogs": null,
      "rd": null,
      "sga": null,
      "fcf": -34629000,
      "ocf": -34349000,
      "capex": -280000,
      "gross_margin": null,
      "op_margin": -4.67906718489728,
      "fcf_margin": -3.8455302609661297,
      "incr_op_margin_yoy": -7.356395084205735,
      "rev_growth_yoy": 0.32270857814336074,
      "rev_growth_yoy_accel": -1.2434167118798412,
      "op_leverage_ratio": 6.97314734000386,
      "fcf_margin_change": 7.196061059106204
    },
    {
      "date": "2024-03-31T00:00:00",
      "quarter_label": "2024-03 (Q1)",
      "revenue": 7179000,
      "gross_profit": null,
      "operating_income": -42201000,
      "net_income": -43936000,
      "opex": 49380000,
      "cogs": null,
      "rd": 37042000,
      "sga": null,
      "fcf": -37280000,
      "ocf": -37253000,
      "capex": -27000,
      "gross_margin": null,
      "op_margin": -5.878395319682407,
      "fcf_margin": -5.1929238055439475,
      "incr_op_margin_yoy": 0.3789836347975883,
      "rev_growth_yoy": 4.224890829694323,
      "rev_growth_yoy_accel": 3.9021822515509625,
      "fcf_margin_change": -1.3473935445778178
    },
    {
      "date": "2024-06-30T00:00:00",
      "quarter_label": "2024-06 (Q2)",
      "revenue": 10971000,
      "gross_profit": null,
      "operating_income": -40321000,
      "net_income": -46660000,
      "opex": 51292000,
      "cogs": null,
      "rd": 41997000,
      "sga": null,
      "fcf": -21355000,
      "ocf": -21322000,
      "capex": -33000,
      "gross_margin": null,
      "op_margin": -3.6752347096891804,
      "fcf_margin": -1.9464953058062164,
      "incr_op_margin_yoy": -0.023698575422713353,
      "rev_growth_yoy": 2.1708092485549133,
      "rev_growth_yoy_accel": -2.05408158113941,
      "op_leverage_ratio": 13.64167105242452,
      "fcf_margin_change": 3.246428499737731
    },
    {
      "date": "2024-09-30T00:00:00",
      "quarter_label": "2024-09 (Q3)",
      "revenue": 30017000,
      "gross_profit": null,
      "operating_income": -22757000,
      "net_income": -32851000,
      "opex": 52774000,
      "cogs": null,
      "rd": 42212000,
      "sga": null,
      "fcf": -10125000,
      "ocf": -10090000,
      "capex": -35000,
      "gross_margin": null,
      "op_margin": -0.7581370556684546,
      "fcf_margin": -0.3373088583136223,
      "incr_op_margin_yoy": 0.5608824300535601,
      "rev_growth_yoy": 8.04671488848704,
      "rev_growth_yoy_accel": 5.875905639932126,
      "op_leverage_ratio": 60.08402178187593,
      "fcf_margin_change": 1.609186447492594
    },
    {
      "date": "2024-12-31T00:00:00",
      "quarter_label": "2024-12 (Q4)",
      "revenue": 43113000,
      "gross_profit": null,
      "operating_income": -9670000,
      "net_income": -21784000,
      "opex": 52783000,
      "cogs": null,
      "rd": null,
      "sga": null,
      "fcf": -66935000,
      "ocf": -66672000,
      "capex": -263000,
      "gross_margin": null,
      "op_margin": -0.22429429638392132,
      "fcf_margin": -1.5525479553730894,
      "incr_op_margin_yoy": 0.9518294828192799,
      "rev_growth_yoy": 3.7876735147140477,
      "rev_growth_yoy_accel": -4.259041373772993,
      "op_leverage_ratio": Infinity,
      "fcf_margin_change": -1.215239097059467
    },
    {
      "date": "2025-03-31T00:00:00",
      "quarter_label": "2025-03 (Q1)",
      "revenue": 27771000,
      "gross_profit": null,
      "operating_income": -27539000,
      "net_income": -39329000,
      "opex": 55310000,
      "cogs": null,
      "rd": 41180000,
      "sga": null,
      "fcf": -10735000,
      "ocf": -10700000,
      "capex": -35000,
      "gross_margin": null,
      "op_margin": -0.9916459616146339,
      "fcf_margin": -0.38655431925389794,
      "incr_op_margin_yoy": 0.712024087024087,
      "rev_growth_yoy": 2.8683660676974507,
      "rev_growth_yoy_accel": -0.919307447016597,
      "fcf_margin_change": 1.1659936361191914
    },
    {
      "date": "2025-06-30T00:00:00",
      "quarter_label": "2025-06 (Q2)",
      "revenue": 22263000,
      "gross_profit": null,
      "operating_income": -26170000,
      "net_income": -38630000,
      "opex": 48433000,
      "cogs": null,
      "rd": 37824000,
      "sga": null,
      "fcf": -40283000,
      "ocf": -40244000,
      "capex": -39000,
      "gross_margin": null,
      "op_margin": -1.1754929703993173,
      "fcf_margin": -1.809414723981494,
      "incr_op_margin_yoy": 1.2531880977683316,
      "rev_growth_yoy": 1.0292589554279463,
      "rev_growth_yoy_accel": -1.8391071122695044,
      "fcf_margin_change": -1.422860404727596
    },
    {
      "date": "2025-09-30T00:00:00",
      "quarter_label": "2025-09 (Q3)",
      "revenue": 76320000,
      "gross_profit": null,
      "operating_income": 34704000,
      "net_income": 15113000,
      "opex": 41616000,
      "cogs": null,
      "rd": 31407000,
      "sga": null,
      "fcf": -27368000,
      "ocf": -27356000,
      "capex": -12000,
      "gross_margin": null,
      "op_margin": 0.4547169811320755,
      "fcf_margin": -0.35859538784067085,
      "incr_op_margin_yoy": 1.2409779063991535,
      "rev_growth_yoy": 1.5425592164440152,
      "rev_growth_yoy_accel": 0.5133002610160688,
      "op_leverage_ratio": Infinity,
      "fcf_margin_change": 1.450819336140823
    }
  ],
  "signals": [
    {
      "quarter": "2025-09 (Q3)",
      "signal": "FCF MARGIN EXPANSION",
      "detail": "FCF margin: -180.9% -> -35.9% (+145.1%)",
      "severity": "MEDIUM"
    },
    {
      "quarter": "2025-09 (Q3)",
      "signal": "YoY REVENUE GROWTH ACCELERATION",
      "detail": "YoY growth: +154.3% vs prior quarter YoY: +102.9% (accel: +51.3%)",
      "severity": "HIGH"
    },
    {
      "quarter": "2025-09 (Q3)",
      "signal": "OP MARGIN TURNED POSITIVE (YoY)",
      "detail": "Op margin: -75.8% (year-ago) -> +45.5%",
      "severity": "HIGH"
    },
    {
      "quarter": "2025-09 (Q3)",
      "signal": "OP MARGIN TURNED POSITIVE (QoQ)",
      "detail": "Op margin: -117.5% -> +45.5%",
      "severity": "HIGH"
    },
    {
      "quarter": "2025-06 (Q2)",
      "signal": "YoY REVENUE GROWTH DECELERATION",
      "detail": "YoY growth: +102.9% vs prior quarter YoY: +286.8% (decel: -183.9%)",
      "severity": "WARNING"
    },
    {
      "quarter": "2025-03 (Q1)",
      "signal": "FCF MARGIN EXPANSION",
      "detail": "FCF margin: -155.3% -> -38.7% (+116.6%)",
      "severity": "MEDIUM"
    },
    {
      "quarter": "2025-03 (Q1)",
      "signal": "YoY REVENUE GROWTH DECELERATION",
      "detail": "YoY growth: +286.8% vs prior quarter YoY: +378.8% (decel: -91.9%)",
      "severity": "WARNING"
    },
    {
      "quarter": "2024-12 (Q4)",
      "signal": "OPERATING LEVERAGE",
      "detail": "Rev growth +43.6% vs OpEx growth +0.0% (leverage: 2558.3x)",
      "severity": "MEDIUM"
    },
    {
      "quarter": "2024-12 (Q4)",
      "signal": "YoY REVENUE GROWTH DECELERATION",
      "detail": "YoY growth: +378.8% vs prior quarter YoY: +804.7% (decel: -425.9%)",
      "severity": "WARNING"
    },
    {
      "quarter": "2024-09 (Q3)",
      "signal": "FCF MARGIN EXPANSION",
      "detail": "FCF margin: -194.6% -> -33.7% (+160.9%)",
      "severity": "MEDIUM"
    },
    {
      "quarter": "2024-09 (Q3)",
      "signal": "OPERATING LEVERAGE",
      "detail": "Rev growth +173.6% vs OpEx growth +2.9% (leverage: 60.1x)",
      "severity": "MEDIUM"
    },
    {
      "quarter": "2024-09 (Q3)",
      "signal": "YoY REVENUE GROWTH ACCELERATION",
      "detail": "YoY growth: +804.7% vs prior quarter YoY: +217.1% (accel: +587.6%)",
      "severity": "HIGH"
    },
    {
      "quarter": "2024-06 (Q2)",
      "signal": "FCF MARGIN EXPANSION",
      "detail": "FCF margin: -519.3% -> -194.6% (+324.6%)",
      "severity": "MEDIUM"
    },
    {
      "quarter": "2024-06 (Q2)",
      "signal": "OPERATING LEVERAGE",
      "detail": "Rev growth +52.8% vs OpEx growth +3.9% (leverage: 13.6x)",
      "severity": "MEDIUM"
    },
    {
      "quarter": "2024-06 (Q2)",
      "signal": "YoY REVENUE GROWTH DECELERATION",
      "detail": "YoY growth: +217.1% vs prior quarter YoY: +422.5% (decel: -205.4%)",
      "severity": "WARNING"
    },
    {
      "quarter": "2024-03 (Q1)",
      "signal": "YoY REVENUE GROWTH ACCELERATION",
      "detail": "YoY growth: +422.5% vs prior quarter YoY: +32.3% (accel: +390.2%)",
      "severity": "HIGH"
    },
    {
      "quarter": "2023-12 (Q4)",
      "signal": "FCF MARGIN EXPANSION",
      "detail": "FCF margin: -1104.2% -> -384.6% (+719.6%)",
      "severity": "MEDIUM"
    },
    {
      "quarter": "2023-12 (Q4)",
      "signal": "OPERATING LEVERAGE",
      "detail": "Rev growth +171.4% vs OpEx growth +24.6% (leverage: 7.0x)",
      "severity": "MEDIUM"
    },
    {
      "quarter": "2023-12 (Q4)",
      "signal": "YoY REVENUE GROWTH DECELERATION",
      "detail": "YoY growth: +32.3% vs prior quarter YoY: +156.6% (decel: -124.3%)",
      "severity": "WARNING"
    },
    {
      "quarter": "2023-09 (Q3)",
      "signal": "YoY REVENUE GROWTH DECELERATION",
      "detail": "YoY growth: +156.6% vs prior quarter YoY: +184.5% (decel: -27.9%)",
      "severity": "WARNING"
    },
    {
      "quarter": "2023-06 (Q2)",
      "signal": "FCF MARGIN EXPANSION",
      "detail": "FCF margin: -1800.8% -> -739.9% (+1060.9%)",
      "severity": "MEDIUM"
    },
    {
      "quarter": "2023-06 (Q2)",
      "signal": "YoY REVENUE GROWTH ACCELERATION",
      "detail": "YoY growth: +184.5% vs prior quarter YoY: +41.6% (accel: +142.9%)",
      "severity": "HIGH"
    },
    {
      "quarter": "2023-03 (Q1)",
      "signal": "YoY REVENUE GROWTH DECELERATION",
      "detail": "YoY growth: +41.6% vs prior quarter YoY: +573.4% (decel: -531.7%)",
      "severity": "WARNING"
    },
    {
      "quarter": "2022-12 (Q4)",
      "signal": "FCF MARGIN EXPANSION",
      "detail": "FCF margin: -1376.4% -> -159.5% (+1216.9%)",
      "severity": "MEDIUM"
    },
    {
      "quarter": "2022-12 (Q4)",
      "signal": "OPERATING LEVERAGE",
      "detail": "Rev growth +426.5% vs OpEx growth +6.0% (leverage: 71.1x)",
      "severity": "MEDIUM"
    },
    {
      "quarter": "2022-12 (Q4)",
      "signal": "YoY REVENUE GROWTH ACCELERATION",
      "detail": "YoY growth: +573.4% vs prior quarter YoY: -93.8% (accel: +667.2%)",
      "severity": "HIGH"
    },
    {
      "quarter": "2022-09 (Q3)",
      "signal": "FCF MARGIN EXPANSION",
      "detail": "FCF margin: -1992.2% -> -1376.4% (+615.8%)",
      "severity": "MEDIUM"
    },
    {
      "quarter": "2022-06 (Q2)",
      "signal": "FCF MARGIN EXPANSION",
      "detail": "FCF margin: -2172.1% -> -1992.2% (+179.9%)",
      "severity": "MEDIUM"
    },
    {
      "quarter": "2022-03 (Q1)",
      "signal": "FCF MARGIN EXPANSION",
      "detail": "FCF margin: -2504.0% -> -2172.1% (+331.9%)",
      "severity": "MEDIUM"
    },
    {
      "quarter": "2022-03 (Q1)",
      "signal": "YoY REVENUE GROWTH ACCELERATION",
      "detail": "YoY growth: -91.4% vs prior quarter YoY: -98.3% (accel: +6.9%)",
      "severity": "MEDIUM"
    },
    {
      "quarter": "2021-06 (Q2)",
      "signal": "FCF TURNED POSITIVE",
      "detail": "FCF margin: -209.1% -> +29.1%",
      "severity": "HIGH"
    },
    {
      "quarter": "2021-06 (Q2)",
      "signal": "OPERATING LEVERAGE",
      "detail": "Rev growth +167.0% vs OpEx growth +3.2% (leverage: 51.9x)",
      "severity": "MEDIUM"
    }
  ],
  "data_quality": {
    "n_quarters": 20,
    "coverage": {
      "revenue": [
        20,
        20
      ],
      "gross_profit": [
        0,
        20
      ],
      "op_income": [
        20,
        20
      ],
      "fcf": [
        20,
        20
      ]
    },
    "gaps": [],
    "warnings": [
      "gross_profit: no data"
    ]
  },
  "market_cap": null,
  "source": "SEC EDGAR",
  "last_updated": "2026-02-02T21:51:10.164218",
  "sector": "Healthcare",
  "industry": "Biotechnology"
}