{
  "ticker": "ANDE",
  "name": "THE ANDERSONS, INC.",
  "sector": "Consumer Defensive",
  "industry": "Food Distribution",
  "quarters": [
    {
      "date": "2021-03-31T00:00:00",
      "quarter_label": "2021-03 (Q1)",
      "revenue": 2635729000,
      "gross_profit": 122712000,
      "operating_income": null,
      "net_income": 15107000,
      "opex": null,
      "cogs": 2513017000,
      "rd": null,
      "sga": null,
      "fcf": -462646000,
      "ocf": -445727000,
      "capex": -16919000,
      "gross_margin": 0.04655713846150344,
      "op_margin": null,
      "fcf_margin": -0.17552866778033704
    },
    {
      "date": "2021-06-30T00:00:00",
      "quarter_label": "2021-06 (Q2)",
      "revenue": 3273726000,
      "gross_profit": 174044000,
      "operating_income": null,
      "net_income": 43499000,
      "opex": null,
      "cogs": 3099682000,
      "rd": null,
      "sga": null,
      "fcf": 182888000,
      "ocf": 200233000,
      "capex": -17345000,
      "gross_margin": 0.053163887264847456,
      "op_margin": null,
      "fcf_margin": 0.055865396187707826,
      "fcf_margin_change": 0.23139406396804488
    },
    {
      "date": "2021-09-30T00:00:00",
      "quarter_label": "2021-09 (Q3)",
      "revenue": 2998824000,
      "gross_profit": 121835000,
      "operating_income": null,
      "net_income": 15738000,
      "opex": null,
      "cogs": 2876989000,
      "rd": null,
      "sga": null,
      "fcf": 346095000,
      "ocf": 364561000,
      "capex": -18466000,
      "gross_margin": 0.040627592682998405,
      "op_margin": null,
      "fcf_margin": 0.11541024081439924,
      "fcf_margin_change": 0.059544844626691414
    },
    {
      "date": "2021-12-31T00:00:00",
      "quarter_label": "2021-12 (Q4)",
      "revenue": 3782702000,
      "gross_profit": 194014000,
      "operating_income": null,
      "net_income": 29642000,
      "opex": null,
      "cogs": 3588688000,
      "rd": null,
      "sga": null,
      "fcf": -193153000,
      "ocf": -170117000,
      "capex": -23036000,
      "gross_margin": 0.05128979232305373,
      "op_margin": null,
      "fcf_margin": -0.051062177247903746,
      "fcf_margin_change": -0.16647241806230298
    },
    {
      "date": "2022-03-31T00:00:00",
      "quarter_label": "2022-03 (Q1)",
      "revenue": 3977954000,
      "gross_profit": 119535000,
      "operating_income": null,
      "net_income": 5503000,
      "opex": null,
      "cogs": 3858419000,
      "rd": null,
      "sga": null,
      "fcf": -1095720000,
      "ocf": -1074998000,
      "capex": -20722000,
      "gross_margin": 0.030049367086698336,
      "op_margin": null,
      "fcf_margin": -0.2754481323816213,
      "rev_growth_yoy": 0.5092424145274419,
      "fcf_margin_change": -0.22438595513371756
    },
    {
      "date": "2022-06-30T00:00:00",
      "quarter_label": "2022-06 (Q2)",
      "revenue": 4450617000,
      "gross_profit": 230841000,
      "operating_income": null,
      "net_income": 79805000,
      "opex": null,
      "cogs": 4219776000,
      "rd": null,
      "sga": null,
      "fcf": 330449000,
      "ocf": 353199000,
      "capex": -22750000,
      "gross_margin": 0.051867190549085666,
      "op_margin": null,
      "fcf_margin": 0.07424790764965847,
      "rev_growth_yoy": 0.35949587717481546,
      "rev_growth_yoy_accel": -0.14974653735262644,
      "fcf_margin_change": 0.34969604003127974
    },
    {
      "date": "2022-09-30T00:00:00",
      "quarter_label": "2022-09 (Q3)",
      "revenue": 4219325000,
      "gross_profit": 163765000,
      "operating_income": null,
      "net_income": 36748000,
      "opex": null,
      "cogs": 4055560000,
      "rd": null,
      "sga": null,
      "fcf": 539654000,
      "ocf": 568429000,
      "capex": -28775000,
      "gross_margin": 0.03881308029127882,
      "op_margin": null,
      "fcf_margin": 0.12790055281354246,
      "rev_growth_yoy": 0.4069932080042043,
      "rev_growth_yoy_accel": 0.04749733082938884,
      "fcf_margin_change": 0.05365264516388399
    },
    {
      "date": "2022-12-31T00:00:00",
      "quarter_label": "2022-12 (Q4)",
      "revenue": 4677488000,
      "gross_profit": 170023000,
      "operating_income": null,
      "net_income": 9024000,
      "opex": null,
      "cogs": 4507465000,
      "rd": null,
      "sga": null,
      "fcf": 404450000,
      "ocf": 440487000,
      "capex": -36037000,
      "gross_margin": 0.0363492113715738,
      "op_margin": null,
      "fcf_margin": 0.08646735170672805,
      "rev_growth_yoy": 0.23654678586893707,
      "rev_growth_yoy_accel": -0.17044642213526723,
      "fcf_margin_change": -0.04143320110681441
    },
    {
      "date": "2023-03-31T00:00:00",
      "quarter_label": "2023-03 (Q1)",
      "revenue": 3881238000,
      "gross_profit": 148011000,
      "operating_income": null,
      "net_income": -14750000,
      "opex": null,
      "cogs": 3733227000,
      "rd": null,
      "sga": null,
      "fcf": -359005000,
      "ocf": -333535000,
      "capex": -25470000,
      "gross_margin": 0.03813499713235828,
      "op_margin": null,
      "fcf_margin": -0.09249754846262971,
      "rev_growth_yoy": -0.02431300110559348,
      "rev_growth_yoy_accel": -0.26085978697453055,
      "fcf_margin_change": -0.17896490016935776
    },
    {
      "date": "2023-06-30T00:00:00",
      "quarter_label": "2023-06 (Q2)",
      "revenue": 4020183000,
      "gross_profit": 221937000,
      "operating_income": null,
      "net_income": 55046000,
      "opex": null,
      "cogs": 3798246000,
      "rd": null,
      "sga": null,
      "fcf": 491418000,
      "ocf": 540939000,
      "capex": -49521000,
      "gross_margin": 0.05520569586011383,
      "op_margin": null,
      "fcf_margin": 0.12223771902920837,
      "rev_growth_yoy": -0.09671333210653714,
      "rev_growth_yoy_accel": -0.07240033100094366,
      "fcf_margin_change": 0.21473526749183808
    },
    {
      "date": "2023-09-30T00:00:00",
      "quarter_label": "2023-09 (Q3)",
      "revenue": 3635691000,
      "gross_profit": 157701000,
      "operating_income": null,
      "net_income": 9708000,
      "opex": null,
      "cogs": 3477990000,
      "rd": null,
      "sga": null,
      "fcf": 454956000,
      "ocf": 488683000,
      "capex": -33727000,
      "gross_margin": 0.04337579843831613,
      "op_margin": null,
      "fcf_margin": 0.1251360470403013,
      "rev_growth_yoy": -0.13832402102231992,
      "rev_growth_yoy_accel": -0.041610688915782776,
      "fcf_margin_change": 0.002898328011092924
    },
    {
      "date": "2023-12-31T00:00:00",
      "quarter_label": "2023-12 (Q4)",
      "revenue": 3213000000,
      "gross_profit": 217714000,
      "operating_income": null,
      "net_income": 51186000,
      "opex": null,
      "cogs": 2995286000,
      "rd": null,
      "sga": null,
      "fcf": 208938000,
      "ocf": 250663000,
      "capex": -41725000,
      "gross_margin": 0.067760348583878,
      "op_margin": null,
      "fcf_margin": 0.06502894491129785,
      "rev_growth_yoy": -0.3130928395754302,
      "rev_growth_yoy_accel": -0.1747688185531103,
      "fcf_margin_change": -0.06010710212900344
    },
    {
      "date": "2024-03-31T00:00:00",
      "quarter_label": "2024-03 (Q1)",
      "revenue": 2718217000,
      "gross_profit": 128320000,
      "operating_income": null,
      "net_income": 5581000,
      "opex": null,
      "cogs": 2589897000,
      "rd": null,
      "sga": null,
      "fcf": -266402000,
      "ocf": -239627000,
      "capex": -26775000,
      "gross_margin": 0.04720741574348185,
      "op_margin": null,
      "fcf_margin": -0.09800615624138911,
      "rev_growth_yoy": -0.29965206977773584,
      "rev_growth_yoy_accel": 0.013440769797694374,
      "fcf_margin_change": -0.16303510115268696
    },
    {
      "date": "2024-06-30T00:00:00",
      "quarter_label": "2024-06 (Q2)",
      "revenue": 2795205000,
      "gross_profit": 175371000,
      "operating_income": null,
      "net_income": 35976000,
      "opex": null,
      "cogs": 2619834000,
      "rd": null,
      "sga": null,
      "fcf": 275820000,
      "ocf": 304434000,
      "capex": -28614000,
      "gross_margin": 0.06273994215093347,
      "op_margin": null,
      "fcf_margin": 0.09867612572244254,
      "rev_growth_yoy": -0.30470702453097287,
      "rev_growth_yoy_accel": -0.005054954753237029,
      "fcf_margin_change": 0.19668228196383164
    },
    {
      "date": "2024-09-30T00:00:00",
      "quarter_label": "2024-09 (Q3)",
      "revenue": 2620988000,
      "gross_profit": 177125000,
      "operating_income": null,
      "net_income": 27365000,
      "opex": null,
      "cogs": 2443863000,
      "rd": null,
      "sga": null,
      "fcf": -39953000,
      "ocf": -2112000,
      "capex": -37841000,
      "gross_margin": 0.06757947766262189,
      "op_margin": null,
      "fcf_margin": -0.015243488333407097,
      "rev_growth_yoy": -0.2790949505884851,
      "rev_growth_yoy_accel": 0.025612073942487767,
      "fcf_margin_change": -0.11391961405584963
    },
    {
      "date": "2024-12-31T00:00:00",
      "quarter_label": "2024-12 (Q4)",
      "revenue": 3123138000,
      "gross_profit": 213110000,
      "operating_income": null,
      "net_income": 45090000,
      "opex": null,
      "cogs": 2910028000,
      "rd": null,
      "sga": null,
      "fcf": 212854000,
      "ocf": 268811000,
      "capex": -55957000,
      "gross_margin": 0.06823585765342421,
      "op_margin": null,
      "fcf_margin": 0.06815388881311041,
      "rev_growth_yoy": -0.02796825396825397,
      "rev_growth_yoy_accel": 0.2511266966202311,
      "fcf_margin_change": 0.0833973771465175
    },
    {
      "date": "2025-03-31T00:00:00",
      "quarter_label": "2025-03 (Q1)",
      "revenue": 2659098000,
      "gross_profit": 152872000,
      "operating_income": null,
      "net_income": 284000,
      "opex": null,
      "cogs": 2506226000,
      "rd": null,
      "sga": null,
      "fcf": -396568000,
      "ocf": -350020000,
      "capex": -46548000,
      "gross_margin": 0.05749017147920084,
      "op_margin": null,
      "fcf_margin": -0.14913628606392093,
      "rev_growth_yoy": -0.021749183380134846,
      "rev_growth_yoy_accel": 0.006219070588119123,
      "fcf_margin_change": -0.21729017487703134
    },
    {
      "date": "2025-06-30T00:00:00",
      "quarter_label": "2025-06 (Q2)",
      "revenue": 3135869000,
      "gross_profit": 158416000,
      "operating_income": null,
      "net_income": 7857000,
      "opex": null,
      "cogs": 2977453000,
      "rd": null,
      "sga": null,
      "fcf": 250493000,
      "ocf": 299321000,
      "capex": -48828000,
      "gross_margin": 0.05051741638442167,
      "op_margin": null,
      "fcf_margin": 0.07987993120886108,
      "rev_growth_yoy": 0.12187442423722053,
      "rev_growth_yoy_accel": 0.14362360761735538,
      "fcf_margin_change": 0.229016217272782
    },
    {
      "date": "2025-09-30T00:00:00",
      "quarter_label": "2025-09 (Q3)",
      "revenue": 2677712000,
      "gross_profit": 170872000,
      "operating_income": null,
      "net_income": 20138000,
      "opex": null,
      "cogs": 2506840000,
      "rd": null,
      "sga": null,
      "fcf": 167048000,
      "ocf": 233882000,
      "capex": -66834000,
      "gross_margin": 0.06381268784693798,
      "op_margin": null,
      "fcf_margin": 0.0623846029744797,
      "rev_growth_yoy": 0.02164222041459175,
      "rev_growth_yoy_accel": -0.10023220382262878,
      "fcf_margin_change": -0.01749532823438138
    },
    {
      "date": "2025-12-31T00:00:00",
      "quarter_label": "2025-12 (Q4)",
      "revenue": 2536249000,
      "gross_profit": 231491000,
      "operating_income": null,
      "net_income": 67434000,
      "opex": null,
      "cogs": 2304758000,
      "rd": null,
      "sga": null,
      "fcf": -77098000,
      "ocf": -6185000,
      "capex": -70913000,
      "gross_margin": 0.09127297832350056,
      "op_margin": null,
      "fcf_margin": -0.03039843485399107,
      "rev_growth_yoy": -0.18791644813645764,
      "rev_growth_yoy_accel": -0.20955866855104938,
      "fcf_margin_change": -0.09278303782847078
    }
  ],
  "signals": [
    {
      "quarter": "2025-12 (Q4)",
      "signal": "YoY REVENUE GROWTH DECELERATION",
      "detail": "YoY growth: -18.8% vs prior quarter YoY: +2.2% (decel: -21.0%)",
      "severity": "WARNING"
    },
    {
      "quarter": "2025-09 (Q3)",
      "signal": "YoY REVENUE GROWTH DECELERATION",
      "detail": "YoY growth: +2.2% vs prior quarter YoY: +12.2% (decel: -10.0%)",
      "severity": "WARNING"
    },
    {
      "quarter": "2025-06 (Q2)",
      "signal": "FCF TURNED POSITIVE",
      "detail": "FCF margin: -14.9% -> +8.0%",
      "severity": "HIGH"
    },
    {
      "quarter": "2025-06 (Q2)",
      "signal": "YoY REVENUE GROWTH ACCELERATION",
      "detail": "YoY growth: +12.2% vs prior quarter YoY: -2.2% (accel: +14.4%)",
      "severity": "MEDIUM"
    },
    {
      "quarter": "2024-12 (Q4)",
      "signal": "FCF TURNED POSITIVE",
      "detail": "FCF margin: -1.5% -> +6.8%",
      "severity": "HIGH"
    },
    {
      "quarter": "2024-12 (Q4)",
      "signal": "YoY REVENUE GROWTH ACCELERATION",
      "detail": "YoY growth: -2.8% vs prior quarter YoY: -27.9% (accel: +25.1%)",
      "severity": "HIGH"
    },
    {
      "quarter": "2024-06 (Q2)",
      "signal": "FCF TURNED POSITIVE",
      "detail": "FCF margin: -9.8% -> +9.9%",
      "severity": "HIGH"
    },
    {
      "quarter": "2023-12 (Q4)",
      "signal": "GROSS MARGIN INFLECTION",
      "detail": "GM: +5.5% -> +4.3% -> +6.8% (reversal +2.4%)",
      "severity": "MEDIUM"
    },
    {
      "quarter": "2023-12 (Q4)",
      "signal": "YoY REVENUE GROWTH DECELERATION",
      "detail": "YoY growth: -31.3% vs prior quarter YoY: -13.8% (decel: -17.5%)",
      "severity": "WARNING"
    },
    {
      "quarter": "2023-06 (Q2)",
      "signal": "FCF TURNED POSITIVE",
      "detail": "FCF margin: -9.2% -> +12.2%",
      "severity": "HIGH"
    },
    {
      "quarter": "2023-06 (Q2)",
      "signal": "YoY REVENUE GROWTH DECELERATION",
      "detail": "YoY growth: -9.7% vs prior quarter YoY: -2.4% (decel: -7.2%)",
      "severity": "WARNING"
    },
    {
      "quarter": "2023-03 (Q1)",
      "signal": "YoY REVENUE GROWTH DECELERATION",
      "detail": "YoY growth: -2.4% vs prior quarter YoY: +23.7% (decel: -26.1%)",
      "severity": "WARNING"
    },
    {
      "quarter": "2022-12 (Q4)",
      "signal": "YoY REVENUE GROWTH DECELERATION",
      "detail": "YoY growth: +23.7% vs prior quarter YoY: +40.7% (decel: -17.0%)",
      "severity": "WARNING"
    },
    {
      "quarter": "2022-09 (Q3)",
      "signal": "FCF MARGIN EXPANSION",
      "detail": "FCF margin: +7.4% -> +12.8% (+5.4%)",
      "severity": "MEDIUM"
    },
    {
      "quarter": "2022-06 (Q2)",
      "signal": "FCF TURNED POSITIVE",
      "detail": "FCF margin: -27.5% -> +7.4%",
      "severity": "HIGH"
    },
    {
      "quarter": "2022-06 (Q2)",
      "signal": "GROSS MARGIN INFLECTION",
      "detail": "GM: +5.1% -> +3.0% -> +5.2% (reversal +2.2%)",
      "severity": "MEDIUM"
    },
    {
      "quarter": "2022-06 (Q2)",
      "signal": "YoY REVENUE GROWTH DECELERATION",
      "detail": "YoY growth: +35.9% vs prior quarter YoY: +50.9% (decel: -15.0%)",
      "severity": "WARNING"
    },
    {
      "quarter": "2021-09 (Q3)",
      "signal": "FCF MARGIN EXPANSION",
      "detail": "FCF margin: +5.6% -> +11.5% (+6.0%)",
      "severity": "MEDIUM"
    },
    {
      "quarter": "2021-06 (Q2)",
      "signal": "FCF TURNED POSITIVE",
      "detail": "FCF margin: -17.6% -> +5.6%",
      "severity": "HIGH"
    }
  ],
  "data_quality": {
    "n_quarters": 20,
    "coverage": {
      "revenue": [
        20,
        20
      ],
      "gross_profit": [
        20,
        20
      ],
      "op_income": [
        0,
        20
      ],
      "fcf": [
        20,
        20
      ]
    },
    "gaps": [],
    "warnings": [
      "op_income: no data"
    ]
  },
  "market_cap": null,
  "source": "SEC EDGAR",
  "last_updated": "2026-02-24T10:30:59.081200"
}