{
  "ticker": "ANG-PD",
  "name": "American National Group Inc.",
  "quarters": [
    {
      "date": "2020-12-31T00:00:00",
      "quarter_label": "2020-12 (Q4)",
      "revenue": 1029699000,
      "gross_profit": null,
      "operating_income": null,
      "net_income": 8742000,
      "opex": null,
      "cogs": null,
      "rd": null,
      "sga": null,
      "fcf": 948955000,
      "ocf": 949755000,
      "capex": -800000,
      "gross_margin": null,
      "op_margin": null,
      "fcf_margin": 0.921584851495437
    },
    {
      "date": "2021-03-31T00:00:00",
      "quarter_label": "2021-03 (Q1)",
      "revenue": 962207000,
      "gross_profit": null,
      "operating_income": null,
      "net_income": 282684000,
      "opex": null,
      "cogs": null,
      "rd": null,
      "sga": null,
      "fcf": 468157000,
      "ocf": 471881000,
      "capex": -3724000,
      "gross_margin": null,
      "op_margin": null,
      "fcf_margin": 0.4865449949958793,
      "fcf_margin_change": -0.43503985649955773
    },
    {
      "date": "2021-06-30T00:00:00",
      "quarter_label": "2021-06 (Q2)",
      "revenue": 1075440000,
      "gross_profit": null,
      "operating_income": null,
      "net_income": -54694000,
      "opex": null,
      "cogs": null,
      "rd": null,
      "sga": null,
      "fcf": 146299000,
      "ocf": 152363000,
      "capex": -6064000,
      "gross_margin": null,
      "op_margin": null,
      "fcf_margin": 0.13603641300304992,
      "fcf_margin_change": -0.35050858199282936
    },
    {
      "date": "2021-09-30T00:00:00",
      "quarter_label": "2021-09 (Q3)",
      "revenue": 542563000,
      "gross_profit": null,
      "operating_income": null,
      "net_income": 152865000,
      "opex": null,
      "cogs": null,
      "rd": null,
      "sga": null,
      "fcf": 7775000,
      "ocf": 13047000,
      "capex": -5272000,
      "gross_margin": null,
      "op_margin": null,
      "fcf_margin": 0.014330133090535109,
      "fcf_margin_change": -0.12170627991251481
    },
    {
      "date": "2021-12-31T00:00:00",
      "quarter_label": "2021-12 (Q4)",
      "revenue": 1109261000,
      "gross_profit": null,
      "operating_income": null,
      "net_income": 93137000,
      "opex": null,
      "cogs": null,
      "rd": null,
      "sga": null,
      "fcf": 3592824000,
      "ocf": 3595873000,
      "capex": -3049000,
      "gross_margin": null,
      "op_margin": null,
      "fcf_margin": 3.2389347502526458,
      "rev_growth_yoy": 0.07726724023233975,
      "fcf_margin_change": 3.2246046171621106
    },
    {
      "date": "2022-03-31T00:00:00",
      "quarter_label": "2022-03 (Q1)",
      "revenue": 147799000,
      "gross_profit": null,
      "operating_income": null,
      "net_income": 566223000,
      "opex": null,
      "cogs": null,
      "rd": null,
      "sga": null,
      "fcf": 97508000,
      "ocf": 99932000,
      "capex": -2424000,
      "gross_margin": null,
      "op_margin": null,
      "fcf_margin": 0.6597338276984283,
      "rev_growth_yoy": -0.8463958379018236,
      "rev_growth_yoy_accel": -0.9236630781341634,
      "fcf_margin_change": -2.5792009225542176
    },
    {
      "date": "2022-06-30T00:00:00",
      "quarter_label": "2022-06 (Q2)",
      "revenue": 121395000,
      "gross_profit": null,
      "operating_income": null,
      "net_income": 360580000,
      "opex": null,
      "cogs": null,
      "rd": null,
      "sga": null,
      "fcf": 206535000,
      "ocf": 212438000,
      "capex": -5903000,
      "gross_margin": null,
      "op_margin": null,
      "fcf_margin": 1.7013468429506982,
      "rev_growth_yoy": -0.8871206203972327,
      "rev_growth_yoy_accel": -0.04072478249540912,
      "fcf_margin_change": 1.04161301525227
    },
    {
      "date": "2022-09-30T00:00:00",
      "quarter_label": "2022-09 (Q3)",
      "revenue": 491853000,
      "gross_profit": null,
      "operating_income": null,
      "net_income": 312600000,
      "opex": null,
      "cogs": null,
      "rd": null,
      "sga": null,
      "fcf": 786837000,
      "ocf": 812725000,
      "capex": -25888000,
      "gross_margin": null,
      "op_margin": null,
      "fcf_margin": 1.5997401662691901,
      "rev_growth_yoy": -0.09346380051717497,
      "rev_growth_yoy_accel": 0.7936568198800578,
      "fcf_margin_change": -0.10160667668150802
    },
    {
      "date": "2022-12-31T00:00:00",
      "quarter_label": "2022-12 (Q4)",
      "revenue": 654454000,
      "gross_profit": null,
      "operating_income": null,
      "net_income": -18459000,
      "opex": null,
      "cogs": null,
      "rd": null,
      "sga": null,
      "fcf": 911978000,
      "ocf": 918724000,
      "capex": -6746000,
      "gross_margin": null,
      "op_margin": null,
      "fcf_margin": 1.3934944243598482,
      "rev_growth_yoy": -0.41000900599588375,
      "rev_growth_yoy_accel": -0.3165452054787088,
      "fcf_margin_change": -0.20624574190934197
    },
    {
      "date": "2023-03-31T00:00:00",
      "quarter_label": "2023-03 (Q1)",
      "revenue": 662548000,
      "gross_profit": null,
      "operating_income": null,
      "net_income": -155994000,
      "opex": null,
      "cogs": null,
      "rd": null,
      "sga": null,
      "fcf": 860851000,
      "ocf": 865043000,
      "capex": -4192000,
      "gross_margin": null,
      "op_margin": null,
      "fcf_margin": 1.2993035976261342,
      "rev_growth_yoy": 3.4827637534760045,
      "rev_growth_yoy_accel": 3.8927727594718884,
      "fcf_margin_change": -0.09419082673371393
    },
    {
      "date": "2023-06-30T00:00:00",
      "quarter_label": "2023-06 (Q2)",
      "revenue": 851639000,
      "gross_profit": null,
      "operating_income": null,
      "net_income": 355363000,
      "opex": 148000000,
      "cogs": null,
      "rd": null,
      "sga": null,
      "fcf": -274418000,
      "ocf": -265043000,
      "capex": -9375000,
      "gross_margin": null,
      "op_margin": null,
      "fcf_margin": -0.3222233833819259,
      "rev_growth_yoy": 6.015437209110754,
      "rev_growth_yoy_accel": 2.5326734556347494,
      "fcf_margin_change": -1.6215269810080601
    },
    {
      "date": "2023-09-30T00:00:00",
      "quarter_label": "2023-09 (Q3)",
      "revenue": 266652000,
      "gross_profit": null,
      "operating_income": null,
      "net_income": 476156000,
      "opex": 147000000,
      "cogs": null,
      "rd": null,
      "sga": null,
      "fcf": 53533000,
      "ocf": 76000000,
      "capex": -22467000,
      "gross_margin": null,
      "op_margin": null,
      "fcf_margin": 0.20075979178854836,
      "rev_growth_yoy": -0.45786241011033785,
      "rev_growth_yoy_accel": -6.473299619221092,
      "fcf_margin_change": 0.5229831751704743
    },
    {
      "date": "2023-12-31T00:00:00",
      "quarter_label": "2023-12 (Q4)",
      "revenue": 1055131000,
      "gross_profit": null,
      "operating_income": null,
      "net_income": -464995000,
      "opex": 151000000,
      "cogs": null,
      "rd": null,
      "sga": null,
      "fcf": 495950000,
      "ocf": 510000000,
      "capex": -14050000,
      "gross_margin": null,
      "op_margin": null,
      "fcf_margin": 0.47003642201774,
      "rev_growth_yoy": 0.6122309589367626,
      "rev_growth_yoy_accel": 1.0700933690471004,
      "op_leverage_ratio": 108.66823894064173,
      "fcf_margin_change": 0.2692766302291916
    },
    {
      "date": "2024-03-31T00:00:00",
      "quarter_label": "2024-03 (Q1)",
      "revenue": 989963000,
      "gross_profit": null,
      "operating_income": null,
      "net_income": 342998000,
      "opex": 103000000,
      "cogs": null,
      "rd": null,
      "sga": null,
      "fcf": 257369000,
      "ocf": 262000000,
      "capex": -4631000,
      "gross_margin": null,
      "op_margin": null,
      "fcf_margin": 0.25997840323325216,
      "rev_growth_yoy": 0.4941755163399482,
      "rev_growth_yoy_accel": -0.11805544259681439,
      "fcf_margin_change": -0.21005801878448782
    },
    {
      "date": "2024-06-30T00:00:00",
      "quarter_label": "2024-06 (Q2)",
      "revenue": 2115000000,
      "gross_profit": null,
      "operating_income": null,
      "net_income": 244000000,
      "opex": 335000000,
      "cogs": null,
      "rd": null,
      "sga": null,
      "fcf": 1115000000,
      "ocf": 1115000000,
      "capex": null,
      "gross_margin": null,
      "op_margin": null,
      "fcf_margin": 0.5271867612293144,
      "rev_growth_yoy": 1.4834466246848723,
      "rev_growth_yoy_accel": 0.9892711083449242,
      "op_leverage_ratio": 0.5045417188528154,
      "fcf_margin_change": 0.26720835799606224
    },
    {
      "date": "2024-09-30T00:00:00",
      "quarter_label": "2024-09 (Q3)",
      "revenue": 2004000000,
      "gross_profit": null,
      "operating_income": null,
      "net_income": -288000000,
      "opex": 228000000,
      "cogs": null,
      "rd": null,
      "sga": null,
      "fcf": 727000000,
      "ocf": 727000000,
      "capex": null,
      "gross_margin": null,
      "op_margin": null,
      "fcf_margin": 0.3627744510978044,
      "rev_growth_yoy": 6.515413347734126,
      "rev_growth_yoy_accel": 5.031966723049253,
      "fcf_margin_change": -0.16441231013151003
    },
    {
      "date": "2024-12-31T00:00:00",
      "quarter_label": "2024-12 (Q4)",
      "revenue": 3714000000,
      "gross_profit": null,
      "operating_income": null,
      "net_income": 649000000,
      "opex": 214000000,
      "cogs": null,
      "rd": null,
      "sga": null,
      "fcf": 418000000,
      "ocf": 418000000,
      "capex": null,
      "gross_margin": null,
      "op_margin": null,
      "fcf_margin": 0.11254711900915455,
      "rev_growth_yoy": 2.5199420735434748,
      "rev_growth_yoy_accel": -3.995471274190651,
      "op_leverage_ratio": Infinity,
      "fcf_margin_change": -0.25022733208864983
    },
    {
      "date": "2025-03-31T00:00:00",
      "quarter_label": "2025-03 (Q1)",
      "revenue": 2339000000,
      "gross_profit": null,
      "operating_income": null,
      "net_income": -206000000,
      "opex": 275000000,
      "cogs": null,
      "rd": null,
      "sga": null,
      "fcf": 671000000,
      "ocf": 671000000,
      "capex": null,
      "gross_margin": null,
      "op_margin": null,
      "fcf_margin": 0.2868747327917914,
      "rev_growth_yoy": 1.3627145660999451,
      "rev_growth_yoy_accel": -1.1572275074435296,
      "fcf_margin_change": 0.17432761378263684
    },
    {
      "date": "2025-06-30T00:00:00",
      "quarter_label": "2025-06 (Q2)",
      "revenue": 2186000000,
      "gross_profit": null,
      "operating_income": null,
      "net_income": 152000000,
      "opex": 216000000,
      "cogs": null,
      "rd": null,
      "sga": null,
      "fcf": 535000000,
      "ocf": 535000000,
      "capex": null,
      "gross_margin": null,
      "op_margin": null,
      "fcf_margin": 0.24473924977127173,
      "rev_growth_yoy": 0.033569739952718676,
      "rev_growth_yoy_accel": -1.3291448261472265,
      "fcf_margin_change": -0.04213548302051964
    },
    {
      "date": "2025-09-30T00:00:00",
      "quarter_label": "2025-09 (Q3)",
      "revenue": 2058000000,
      "gross_profit": null,
      "operating_income": null,
      "net_income": 219000000,
      "opex": 156000000,
      "cogs": null,
      "rd": null,
      "sga": null,
      "fcf": 430000000,
      "ocf": 430000000,
      "capex": null,
      "gross_margin": null,
      "op_margin": null,
      "fcf_margin": 0.20894071914480078,
      "rev_growth_yoy": 0.02694610778443114,
      "rev_growth_yoy_accel": -0.0066236321682875375,
      "fcf_margin_change": -0.035798530626470954
    }
  ],
  "signals": [
    {
      "quarter": "2025-06 (Q2)",
      "signal": "YoY REVENUE GROWTH DECELERATION",
      "detail": "YoY growth: +3.4% vs prior quarter YoY: +136.3% (decel: -132.9%)",
      "severity": "WARNING"
    },
    {
      "quarter": "2025-03 (Q1)",
      "signal": "FCF MARGIN EXPANSION",
      "detail": "FCF margin: +11.3% -> +28.7% (+17.4%)",
      "severity": "MEDIUM"
    },
    {
      "quarter": "2025-03 (Q1)",
      "signal": "YoY REVENUE GROWTH DECELERATION",
      "detail": "YoY growth: +136.3% vs prior quarter YoY: +252.0% (decel: -115.7%)",
      "severity": "WARNING"
    },
    {
      "quarter": "2024-12 (Q4)",
      "signal": "YoY REVENUE GROWTH DECELERATION",
      "detail": "YoY growth: +252.0% vs prior quarter YoY: +651.5% (decel: -399.5%)",
      "severity": "WARNING"
    },
    {
      "quarter": "2024-09 (Q3)",
      "signal": "YoY REVENUE GROWTH ACCELERATION",
      "detail": "YoY growth: +651.5% vs prior quarter YoY: +148.3% (accel: +503.2%)",
      "severity": "HIGH"
    },
    {
      "quarter": "2024-06 (Q2)",
      "signal": "FCF MARGIN EXPANSION",
      "detail": "FCF margin: +26.0% -> +52.7% (+26.7%)",
      "severity": "MEDIUM"
    },
    {
      "quarter": "2024-06 (Q2)",
      "signal": "YoY REVENUE GROWTH ACCELERATION",
      "detail": "YoY growth: +148.3% vs prior quarter YoY: +49.4% (accel: +98.9%)",
      "severity": "HIGH"
    },
    {
      "quarter": "2024-03 (Q1)",
      "signal": "YoY REVENUE GROWTH DECELERATION",
      "detail": "YoY growth: +49.4% vs prior quarter YoY: +61.2% (decel: -11.8%)",
      "severity": "WARNING"
    },
    {
      "quarter": "2023-12 (Q4)",
      "signal": "FCF MARGIN EXPANSION",
      "detail": "FCF margin: +20.1% -> +47.0% (+26.9%)",
      "severity": "MEDIUM"
    },
    {
      "quarter": "2023-12 (Q4)",
      "signal": "OPERATING LEVERAGE",
      "detail": "Rev growth +295.7% vs OpEx growth +2.7% (leverage: 108.7x)",
      "severity": "MEDIUM"
    },
    {
      "quarter": "2023-12 (Q4)",
      "signal": "YoY REVENUE GROWTH ACCELERATION",
      "detail": "YoY growth: +61.2% vs prior quarter YoY: -45.8% (accel: +107.0%)",
      "severity": "HIGH"
    },
    {
      "quarter": "2023-09 (Q3)",
      "signal": "FCF TURNED POSITIVE",
      "detail": "FCF margin: -32.2% -> +20.1%",
      "severity": "HIGH"
    },
    {
      "quarter": "2023-09 (Q3)",
      "signal": "YoY REVENUE GROWTH DECELERATION",
      "detail": "YoY growth: -45.8% vs prior quarter YoY: +601.5% (decel: -647.3%)",
      "severity": "WARNING"
    },
    {
      "quarter": "2023-06 (Q2)",
      "signal": "YoY REVENUE GROWTH ACCELERATION",
      "detail": "YoY growth: +601.5% vs prior quarter YoY: +348.3% (accel: +253.3%)",
      "severity": "HIGH"
    },
    {
      "quarter": "2023-03 (Q1)",
      "signal": "YoY REVENUE GROWTH ACCELERATION",
      "detail": "YoY growth: +348.3% vs prior quarter YoY: -41.0% (accel: +389.3%)",
      "severity": "HIGH"
    },
    {
      "quarter": "2022-12 (Q4)",
      "signal": "YoY REVENUE GROWTH DECELERATION",
      "detail": "YoY growth: -41.0% vs prior quarter YoY: -9.3% (decel: -31.7%)",
      "severity": "WARNING"
    },
    {
      "quarter": "2022-09 (Q3)",
      "signal": "YoY REVENUE GROWTH ACCELERATION",
      "detail": "YoY growth: -9.3% vs prior quarter YoY: -88.7% (accel: +79.4%)",
      "severity": "HIGH"
    },
    {
      "quarter": "2022-06 (Q2)",
      "signal": "FCF MARGIN EXPANSION",
      "detail": "FCF margin: +66.0% -> +170.1% (+104.2%)",
      "severity": "MEDIUM"
    },
    {
      "quarter": "2022-03 (Q1)",
      "signal": "YoY REVENUE GROWTH DECELERATION",
      "detail": "YoY growth: -84.6% vs prior quarter YoY: +7.7% (decel: -92.4%)",
      "severity": "WARNING"
    },
    {
      "quarter": "2021-12 (Q4)",
      "signal": "FCF MARGIN EXPANSION",
      "detail": "FCF margin: +1.4% -> +323.9% (+322.5%)",
      "severity": "MEDIUM"
    }
  ],
  "data_quality": {
    "n_quarters": 20,
    "coverage": {
      "revenue": [
        20,
        20
      ],
      "gross_profit": [
        0,
        20
      ],
      "op_income": [
        0,
        20
      ],
      "fcf": [
        20,
        20
      ]
    },
    "gaps": [],
    "warnings": [
      "gross_profit: no data",
      "op_income: no data"
    ]
  },
  "market_cap": null,
  "source": "SEC EDGAR",
  "last_updated": "2026-02-03T01:10:03.114694"
}