{
  "ticker": "AON",
  "name": "Aon plc",
  "quarters": [
    {
      "date": "2020-12-31T00:00:00",
      "quarter_label": "2020-12 (Q4)",
      "revenue": 2965000000,
      "gross_profit": null,
      "operating_income": 713000000,
      "net_income": null,
      "opex": 2252000000,
      "cogs": null,
      "rd": null,
      "sga": null,
      "fcf": 738000000,
      "ocf": 760000000,
      "capex": -22000000,
      "gross_margin": null,
      "op_margin": 0.24047217537942664,
      "fcf_margin": 0.24890387858347388
    },
    {
      "date": "2021-03-31T00:00:00",
      "quarter_label": "2021-03 (Q1)",
      "revenue": 3525000000,
      "gross_profit": null,
      "operating_income": 1245000000,
      "net_income": 913000000,
      "opex": 2280000000,
      "cogs": null,
      "rd": null,
      "sga": null,
      "fcf": 532000000,
      "ocf": 561000000,
      "capex": -29000000,
      "gross_margin": null,
      "op_margin": 0.35319148936170214,
      "fcf_margin": 0.15092198581560284,
      "op_leverage_ratio": 15.190556492411467,
      "fcf_margin_change": -0.09798189276787103
    },
    {
      "date": "2021-06-30T00:00:00",
      "quarter_label": "2021-06 (Q2)",
      "revenue": 2886000000,
      "gross_profit": null,
      "operating_income": 672000000,
      "net_income": 379000000,
      "opex": 2214000000,
      "cogs": null,
      "rd": null,
      "sga": null,
      "fcf": 743000000,
      "ocf": 784000000,
      "capex": -41000000,
      "gross_margin": null,
      "op_margin": 0.23284823284823286,
      "fcf_margin": 0.25744975744975745,
      "fcf_margin_change": 0.10652777163415461
    },
    {
      "date": "2021-09-30T00:00:00",
      "quarter_label": "2021-09 (Q3)",
      "revenue": 2702000000,
      "gross_profit": null,
      "operating_income": -801000000,
      "net_income": -900000000,
      "opex": 3503000000,
      "cogs": null,
      "rd": null,
      "sga": null,
      "fcf": -126000000,
      "ocf": -94000000,
      "capex": -32000000,
      "gross_margin": null,
      "op_margin": -0.29644707623982236,
      "fcf_margin": -0.046632124352331605,
      "fcf_margin_change": -0.30408188180208906
    },
    {
      "date": "2021-12-31T00:00:00",
      "quarter_label": "2021-12 (Q4)",
      "revenue": 3080000000,
      "gross_profit": null,
      "operating_income": 974000000,
      "net_income": 863000000,
      "opex": 2106000000,
      "cogs": null,
      "rd": null,
      "sga": null,
      "fcf": 896000000,
      "ocf": 931000000,
      "capex": -35000000,
      "gross_margin": null,
      "op_margin": 0.31623376623376626,
      "fcf_margin": 0.2909090909090909,
      "incr_op_margin_yoy": 2.2695652173913046,
      "rev_growth_yoy": 0.0387858347386172,
      "op_leverage_ratio": Infinity,
      "fcf_margin_change": 0.3375412152614225
    },
    {
      "date": "2022-03-31T00:00:00",
      "quarter_label": "2022-03 (Q1)",
      "revenue": 3670000000,
      "gross_profit": null,
      "operating_income": 1367000000,
      "net_income": 1023000000,
      "opex": 2303000000,
      "cogs": null,
      "rd": null,
      "sga": null,
      "fcf": 440000000,
      "ocf": 463000000,
      "capex": -23000000,
      "gross_margin": null,
      "op_margin": 0.37247956403269755,
      "fcf_margin": 0.11989100817438691,
      "incr_op_margin_yoy": 0.8413793103448276,
      "rev_growth_yoy": 0.04113475177304964,
      "rev_growth_yoy_accel": 0.002348917034432442,
      "op_leverage_ratio": 2.0478278067110556,
      "fcf_margin_change": -0.17101808273470398
    },
    {
      "date": "2022-06-30T00:00:00",
      "quarter_label": "2022-06 (Q2)",
      "revenue": 2983000000,
      "gross_profit": null,
      "operating_income": 700000000,
      "net_income": 501000000,
      "opex": 2283000000,
      "cogs": null,
      "rd": null,
      "sga": null,
      "fcf": 623000000,
      "ocf": 668000000,
      "capex": -45000000,
      "gross_margin": null,
      "op_margin": 0.23466309084813947,
      "fcf_margin": 0.20885015085484412,
      "incr_op_margin_yoy": 0.28865979381443296,
      "rev_growth_yoy": 0.03361053361053361,
      "rev_growth_yoy_accel": -0.0075242181625160345,
      "fcf_margin_change": 0.08895914268045721
    },
    {
      "date": "2022-09-30T00:00:00",
      "quarter_label": "2022-09 (Q3)",
      "revenue": 2696000000,
      "gross_profit": null,
      "operating_income": 590000000,
      "net_income": 408000000,
      "opex": 2106000000,
      "cogs": null,
      "rd": null,
      "sga": null,
      "fcf": 988000000,
      "ocf": 1046000000,
      "capex": -58000000,
      "gross_margin": null,
      "op_margin": 0.21884272997032642,
      "fcf_margin": 0.3664688427299703,
      "incr_op_margin_yoy": -231.83333333333334,
      "rev_growth_yoy": -0.0022205773501110288,
      "rev_growth_yoy_accel": -0.03583111096064464,
      "fcf_margin_change": 0.1576186918751262
    },
    {
      "date": "2022-12-31T00:00:00",
      "quarter_label": "2022-12 (Q4)",
      "revenue": 3130000000,
      "gross_profit": null,
      "operating_income": 1012000000,
      "net_income": 657000000,
      "opex": 2118000000,
      "cogs": null,
      "rd": null,
      "sga": null,
      "fcf": 972000000,
      "ocf": 1042000000,
      "capex": -70000000,
      "gross_margin": null,
      "op_margin": 0.3233226837060703,
      "fcf_margin": 0.31054313099041536,
      "incr_op_margin_yoy": 0.76,
      "rev_growth_yoy": 0.016233766233766232,
      "rev_growth_yoy_accel": 0.01845434358387726,
      "op_leverage_ratio": 28.251854599406528,
      "fcf_margin_change": -0.05592571173955496
    },
    {
      "date": "2023-03-31T00:00:00",
      "quarter_label": "2023-03 (Q1)",
      "revenue": 3871000000,
      "gross_profit": null,
      "operating_income": 1473000000,
      "net_income": 1050000000,
      "opex": 2398000000,
      "cogs": null,
      "rd": null,
      "sga": null,
      "fcf": 367000000,
      "ocf": 443000000,
      "capex": -76000000,
      "gross_margin": null,
      "op_margin": 0.38052182898475845,
      "fcf_margin": 0.09480754327047275,
      "incr_op_margin_yoy": 0.527363184079602,
      "rev_growth_yoy": 0.054768392370572204,
      "rev_growth_yoy_accel": 0.03853462613680597,
      "op_leverage_ratio": 1.7907781834778638,
      "fcf_margin_change": -0.2157355877199426
    },
    {
      "date": "2023-06-30T00:00:00",
      "quarter_label": "2023-06 (Q2)",
      "revenue": 3177000000,
      "gross_profit": null,
      "operating_income": 842000000,
      "net_income": 560000000,
      "opex": 2335000000,
      "cogs": null,
      "rd": null,
      "sga": null,
      "fcf": 619000000,
      "ocf": 688000000,
      "capex": -69000000,
      "gross_margin": null,
      "op_margin": 0.26502990242367014,
      "fcf_margin": 0.19483789738747245,
      "incr_op_margin_yoy": 0.7319587628865979,
      "rev_growth_yoy": 0.06503519946362722,
      "rev_growth_yoy_accel": 0.010266807093055018,
      "fcf_margin_change": 0.1000303541169997
    },
    {
      "date": "2023-09-30T00:00:00",
      "quarter_label": "2023-09 (Q3)",
      "revenue": 2953000000,
      "gross_profit": null,
      "operating_income": 691000000,
      "net_income": 456000000,
      "opex": 2262000000,
      "cogs": null,
      "rd": null,
      "sga": null,
      "fcf": 985000000,
      "ocf": 1043000000,
      "capex": -58000000,
      "gross_margin": null,
      "op_margin": 0.23399932272265492,
      "fcf_margin": 0.3335590924483576,
      "incr_op_margin_yoy": 0.39299610894941633,
      "rev_growth_yoy": 0.09532640949554896,
      "rev_growth_yoy_accel": 0.030291210031921742,
      "fcf_margin_change": 0.13872119506088512
    },
    {
      "date": "2023-12-31T00:00:00",
      "quarter_label": "2023-12 (Q4)",
      "revenue": 3375000000,
      "gross_profit": null,
      "operating_income": 779000000,
      "net_income": 498000000,
      "opex": 2596000000,
      "cogs": null,
      "rd": null,
      "sga": null,
      "fcf": 1212000000,
      "ocf": 1261000000,
      "capex": -49000000,
      "gross_margin": null,
      "op_margin": 0.2308148148148148,
      "fcf_margin": 0.3591111111111111,
      "incr_op_margin_yoy": -0.9510204081632653,
      "rev_growth_yoy": 0.07827476038338659,
      "rev_growth_yoy_accel": -0.01705164911216238,
      "op_leverage_ratio": 0.9678212150031126,
      "fcf_margin_change": 0.02555201866275353
    },
    {
      "date": "2024-03-31T00:00:00",
      "quarter_label": "2024-03 (Q1)",
      "revenue": 4070000000,
      "gross_profit": null,
      "operating_income": 1465000000,
      "net_income": 1071000000,
      "opex": 2605000000,
      "cogs": null,
      "rd": null,
      "sga": null,
      "fcf": 261000000,
      "ocf": 309000000,
      "capex": -48000000,
      "gross_margin": null,
      "op_margin": 0.35995085995085996,
      "fcf_margin": 0.06412776412776412,
      "incr_op_margin_yoy": -0.04020100502512563,
      "rev_growth_yoy": 0.05140790493412555,
      "rev_growth_yoy_accel": -0.026866855449261033,
      "op_leverage_ratio": 59.398189300411524,
      "fcf_margin_change": -0.294983346983347
    },
    {
      "date": "2024-06-30T00:00:00",
      "quarter_label": "2024-06 (Q2)",
      "revenue": 3760000000,
      "gross_profit": null,
      "operating_income": 656000000,
      "net_income": 524000000,
      "opex": 3104000000,
      "cogs": null,
      "rd": null,
      "sga": null,
      "fcf": 460000000,
      "ocf": 513000000,
      "capex": -53000000,
      "gross_margin": null,
      "op_margin": 0.17446808510638298,
      "fcf_margin": 0.12234042553191489,
      "incr_op_margin_yoy": -0.3190394511149228,
      "rev_growth_yoy": 0.18350645262826565,
      "rev_growth_yoy_accel": 0.1320985476941401,
      "fcf_margin_change": 0.05821266140415077
    },
    {
      "date": "2024-09-30T00:00:00",
      "quarter_label": "2024-09 (Q3)",
      "revenue": 3721000000,
      "gross_profit": null,
      "operating_income": 623000000,
      "net_income": 343000000,
      "opex": 3098000000,
      "cogs": null,
      "rd": null,
      "sga": null,
      "fcf": 951000000,
      "ocf": 1013000000,
      "capex": -62000000,
      "gross_margin": null,
      "op_margin": 0.16742811072292393,
      "fcf_margin": 0.2555764579414136,
      "incr_op_margin_yoy": -0.08854166666666667,
      "rev_growth_yoy": 0.260074500507958,
      "rev_growth_yoy_accel": 0.07656804787969235,
      "fcf_margin_change": 0.13323603240949872
    },
    {
      "date": "2024-12-31T00:00:00",
      "quarter_label": "2024-12 (Q4)",
      "revenue": 4147000000,
      "gross_profit": null,
      "operating_income": 1091000000,
      "net_income": 716000000,
      "opex": 3056000000,
      "cogs": null,
      "rd": null,
      "sga": null,
      "fcf": 1145000000,
      "ocf": 1200000000,
      "capex": -55000000,
      "gross_margin": null,
      "op_margin": 0.26308174584036653,
      "fcf_margin": 0.2761032071376899,
      "incr_op_margin_yoy": 0.40414507772020725,
      "rev_growth_yoy": 0.22874074074074074,
      "rev_growth_yoy_accel": -0.03133375976721725,
      "op_leverage_ratio": Infinity,
      "fcf_margin_change": 0.020526749196276284
    },
    {
      "date": "2025-03-31T00:00:00",
      "quarter_label": "2025-03 (Q1)",
      "revenue": 4729000000,
      "gross_profit": null,
      "operating_income": 1461000000,
      "net_income": 965000000,
      "opex": 3268000000,
      "cogs": null,
      "rd": null,
      "sga": null,
      "fcf": 84000000,
      "ocf": 140000000,
      "capex": -56000000,
      "gross_margin": null,
      "op_margin": 0.3089448086276168,
      "fcf_margin": 0.01776274053711144,
      "incr_op_margin_yoy": -0.006069802731411229,
      "rev_growth_yoy": 0.16191646191646192,
      "rev_growth_yoy_accel": -0.06682427882427883,
      "op_leverage_ratio": 2.023049169438239,
      "fcf_margin_change": -0.2583404666005784
    },
    {
      "date": "2025-06-30T00:00:00",
      "quarter_label": "2025-06 (Q2)",
      "revenue": 4155000000,
      "gross_profit": null,
      "operating_income": 859000000,
      "net_income": 579000000,
      "opex": 3296000000,
      "cogs": null,
      "rd": null,
      "sga": null,
      "fcf": 732000000,
      "ocf": 796000000,
      "capex": -64000000,
      "gross_margin": null,
      "op_margin": 0.20673886883273165,
      "fcf_margin": 0.17617328519855596,
      "incr_op_margin_yoy": 0.5139240506329114,
      "rev_growth_yoy": 0.10505319148936171,
      "rev_growth_yoy_accel": -0.05686327042710021,
      "fcf_margin_change": 0.15841054466144452
    },
    {
      "date": "2025-09-30T00:00:00",
      "quarter_label": "2025-09 (Q3)",
      "revenue": 3997000000,
      "gross_profit": null,
      "operating_income": 816000000,
      "net_income": 458000000,
      "opex": 3181000000,
      "cogs": null,
      "rd": null,
      "sga": null,
      "fcf": 1079000000,
      "ocf": 1148000000,
      "capex": -69000000,
      "gross_margin": null,
      "op_margin": 0.2041531148361271,
      "fcf_margin": 0.2699524643482612,
      "incr_op_margin_yoy": 0.6992753623188406,
      "rev_growth_yoy": 0.07417360924482666,
      "rev_growth_yoy_accel": -0.030879582244535048,
      "fcf_margin_change": 0.09377917914970524
    }
  ],
  "signals": [
    {
      "quarter": "2025-09 (Q3)",
      "signal": "FCF MARGIN EXPANSION",
      "detail": "FCF margin: +17.6% -> +27.0% (+9.4%)",
      "severity": "MEDIUM"
    },
    {
      "quarter": "2025-09 (Q3)",
      "signal": "INCREMENTAL MARGIN (YoY)",
      "detail": "YoY Incr OPM: +69.9% vs year-ago OPM: +16.7%",
      "severity": "HIGH"
    },
    {
      "quarter": "2025-06 (Q2)",
      "signal": "FCF MARGIN EXPANSION",
      "detail": "FCF margin: +1.8% -> +17.6% (+15.8%)",
      "severity": "MEDIUM"
    },
    {
      "quarter": "2025-06 (Q2)",
      "signal": "YoY REVENUE GROWTH DECELERATION",
      "detail": "YoY growth: +10.5% vs prior quarter YoY: +16.2% (decel: -5.7%)",
      "severity": "WARNING"
    },
    {
      "quarter": "2025-06 (Q2)",
      "signal": "INCREMENTAL MARGIN (YoY)",
      "detail": "YoY Incr OPM: +51.4% vs year-ago OPM: +17.4%",
      "severity": "HIGH"
    },
    {
      "quarter": "2025-03 (Q1)",
      "signal": "OPERATING LEVERAGE",
      "detail": "Rev growth +14.0% vs OpEx growth +6.9% (leverage: 2.0x)",
      "severity": "MEDIUM"
    },
    {
      "quarter": "2025-03 (Q1)",
      "signal": "YoY REVENUE GROWTH DECELERATION",
      "detail": "YoY growth: +16.2% vs prior quarter YoY: +22.9% (decel: -6.7%)",
      "severity": "WARNING"
    },
    {
      "quarter": "2024-12 (Q4)",
      "signal": "INCREMENTAL MARGIN (YoY)",
      "detail": "YoY Incr OPM: +40.4% vs year-ago OPM: +23.1%",
      "severity": "MEDIUM"
    },
    {
      "quarter": "2024-09 (Q3)",
      "signal": "FCF MARGIN EXPANSION",
      "detail": "FCF margin: +12.2% -> +25.6% (+13.3%)",
      "severity": "MEDIUM"
    },
    {
      "quarter": "2024-09 (Q3)",
      "signal": "YoY REVENUE GROWTH ACCELERATION",
      "detail": "YoY growth: +26.0% vs prior quarter YoY: +18.4% (accel: +7.7%)",
      "severity": "MEDIUM"
    },
    {
      "quarter": "2024-06 (Q2)",
      "signal": "FCF MARGIN EXPANSION",
      "detail": "FCF margin: +6.4% -> +12.2% (+5.8%)",
      "severity": "MEDIUM"
    },
    {
      "quarter": "2024-06 (Q2)",
      "signal": "YoY REVENUE GROWTH ACCELERATION",
      "detail": "YoY growth: +18.4% vs prior quarter YoY: +5.1% (accel: +13.2%)",
      "severity": "MEDIUM"
    },
    {
      "quarter": "2024-03 (Q1)",
      "signal": "OPERATING LEVERAGE",
      "detail": "Rev growth +20.6% vs OpEx growth +0.3% (leverage: 59.4x)",
      "severity": "MEDIUM"
    },
    {
      "quarter": "2023-09 (Q3)",
      "signal": "FCF MARGIN EXPANSION",
      "detail": "FCF margin: +19.5% -> +33.4% (+13.9%)",
      "severity": "MEDIUM"
    },
    {
      "quarter": "2023-09 (Q3)",
      "signal": "INCREMENTAL MARGIN (YoY)",
      "detail": "YoY Incr OPM: +39.3% vs year-ago OPM: +21.9%",
      "severity": "MEDIUM"
    },
    {
      "quarter": "2023-06 (Q2)",
      "signal": "FCF MARGIN EXPANSION",
      "detail": "FCF margin: +9.5% -> +19.5% (+10.0%)",
      "severity": "MEDIUM"
    },
    {
      "quarter": "2023-06 (Q2)",
      "signal": "INCREMENTAL MARGIN (YoY)",
      "detail": "YoY Incr OPM: +73.2% vs year-ago OPM: +23.5%",
      "severity": "HIGH"
    },
    {
      "quarter": "2023-03 (Q1)",
      "signal": "OPERATING LEVERAGE",
      "detail": "Rev growth +23.7% vs OpEx growth +13.2% (leverage: 1.8x)",
      "severity": "MEDIUM"
    },
    {
      "quarter": "2023-03 (Q1)",
      "signal": "INCREMENTAL MARGIN (YoY)",
      "detail": "YoY Incr OPM: +52.7% vs year-ago OPM: +37.2%",
      "severity": "MEDIUM"
    },
    {
      "quarter": "2022-12 (Q4)",
      "signal": "OPERATING LEVERAGE",
      "detail": "Rev growth +16.1% vs OpEx growth +0.6% (leverage: 28.3x)",
      "severity": "MEDIUM"
    },
    {
      "quarter": "2022-12 (Q4)",
      "signal": "INCREMENTAL MARGIN (YoY)",
      "detail": "YoY Incr OPM: +76.0% vs year-ago OPM: +31.6%",
      "severity": "HIGH"
    },
    {
      "quarter": "2022-09 (Q3)",
      "signal": "FCF MARGIN EXPANSION",
      "detail": "FCF margin: +20.9% -> +36.6% (+15.8%)",
      "severity": "MEDIUM"
    },
    {
      "quarter": "2022-09 (Q3)",
      "signal": "OP MARGIN TURNED POSITIVE (YoY)",
      "detail": "Op margin: -29.6% (year-ago) -> +21.9%",
      "severity": "HIGH"
    },
    {
      "quarter": "2022-06 (Q2)",
      "signal": "FCF MARGIN EXPANSION",
      "detail": "FCF margin: +12.0% -> +20.9% (+8.9%)",
      "severity": "MEDIUM"
    },
    {
      "quarter": "2022-03 (Q1)",
      "signal": "OPERATING LEVERAGE",
      "detail": "Rev growth +19.2% vs OpEx growth +9.4% (leverage: 2.0x)",
      "severity": "MEDIUM"
    },
    {
      "quarter": "2022-03 (Q1)",
      "signal": "INCREMENTAL MARGIN (YoY)",
      "detail": "YoY Incr OPM: +84.1% vs year-ago OPM: +35.3%",
      "severity": "HIGH"
    },
    {
      "quarter": "2021-12 (Q4)",
      "signal": "FCF TURNED POSITIVE",
      "detail": "FCF margin: -4.7% -> +29.1%",
      "severity": "HIGH"
    },
    {
      "quarter": "2021-12 (Q4)",
      "signal": "INCREMENTAL MARGIN (YoY)",
      "detail": "YoY Incr OPM: +227.0% vs year-ago OPM: +24.0%",
      "severity": "HIGH"
    },
    {
      "quarter": "2021-12 (Q4)",
      "signal": "OP MARGIN TURNED POSITIVE (QoQ)",
      "detail": "Op margin: -29.6% -> +31.6%",
      "severity": "HIGH"
    },
    {
      "quarter": "2021-06 (Q2)",
      "signal": "FCF MARGIN EXPANSION",
      "detail": "FCF margin: +15.1% -> +25.7% (+10.7%)",
      "severity": "MEDIUM"
    },
    {
      "quarter": "2021-03 (Q1)",
      "signal": "OPERATING LEVERAGE",
      "detail": "Rev growth +18.9% vs OpEx growth +1.2% (leverage: 15.2x)",
      "severity": "MEDIUM"
    }
  ],
  "data_quality": {
    "n_quarters": 20,
    "coverage": {
      "revenue": [
        20,
        20
      ],
      "gross_profit": [
        0,
        20
      ],
      "op_income": [
        20,
        20
      ],
      "fcf": [
        20,
        20
      ]
    },
    "gaps": [],
    "warnings": [
      "gross_profit: no data"
    ]
  },
  "market_cap": null,
  "source": "SEC EDGAR",
  "last_updated": "2026-02-02T19:54:57.367138",
  "sector": "Financial Services",
  "industry": "Insurance Brokers"
}