{
  "ticker": "APAM",
  "name": "Artisan Partners Asset Management Inc.",
  "quarters": [
    {
      "date": "2020-12-31T00:00:00",
      "quarter_label": "2020-12 (Q4)",
      "revenue": 261036000,
      "gross_profit": null,
      "operating_income": 113492000,
      "net_income": 73114000,
      "opex": 147544000,
      "cogs": null,
      "rd": null,
      "sga": null,
      "fcf": 19279000,
      "ocf": 19956000,
      "capex": -677000,
      "gross_margin": null,
      "op_margin": 0.4347752800380024,
      "fcf_margin": 0.07385571338819166
    },
    {
      "date": "2021-03-31T00:00:00",
      "quarter_label": "2021-03 (Q1)",
      "revenue": 290677000,
      "gross_profit": null,
      "operating_income": 121809000,
      "net_income": 77278000,
      "opex": 168868000,
      "cogs": null,
      "rd": null,
      "sga": null,
      "fcf": 192368000,
      "ocf": 192776000,
      "capex": -408000,
      "gross_margin": null,
      "op_margin": 0.4190527630325069,
      "fcf_margin": 0.6617929867172153,
      "op_leverage_ratio": 0.785679324910597,
      "fcf_margin_change": 0.5879372733290237
    },
    {
      "date": "2021-06-30T00:00:00",
      "quarter_label": "2021-06 (Q2)",
      "revenue": 304949000,
      "gross_profit": null,
      "operating_income": 137803000,
      "net_income": 88207000,
      "opex": 167146000,
      "cogs": null,
      "rd": null,
      "sga": null,
      "fcf": 65796000,
      "ocf": 66731000,
      "capex": -935000,
      "gross_margin": null,
      "op_margin": 0.45188867646721254,
      "fcf_margin": 0.21576066817730177,
      "op_leverage_ratio": Infinity,
      "fcf_margin_change": -0.44603231853991354
    },
    {
      "date": "2021-09-30T00:00:00",
      "quarter_label": "2021-09 (Q3)",
      "revenue": 316574000,
      "gross_profit": null,
      "operating_income": 143058000,
      "net_income": 86413000,
      "opex": 173516000,
      "cogs": null,
      "rd": null,
      "sga": null,
      "fcf": 144213000,
      "ocf": 144661000,
      "capex": -448000,
      "gross_margin": null,
      "op_margin": 0.4518943438185069,
      "fcf_margin": 0.45554277988716696,
      "op_leverage_ratio": 1.0002816540139174,
      "fcf_margin_change": 0.2397821117098652
    },
    {
      "date": "2021-12-31T00:00:00",
      "quarter_label": "2021-12 (Q4)",
      "revenue": 315036000,
      "gross_profit": null,
      "operating_income": 137821000,
      "net_income": 84618000,
      "opex": 177215000,
      "cogs": null,
      "rd": null,
      "sga": null,
      "fcf": -6261000,
      "ocf": -5617000,
      "capex": -644000,
      "gross_margin": null,
      "op_margin": 0.43747698675706903,
      "fcf_margin": -0.019873919171142347,
      "incr_op_margin_yoy": 0.450537037037037,
      "rev_growth_yoy": 0.2068680182043856,
      "fcf_margin_change": -0.4754166990583093
    },
    {
      "date": "2022-03-31T00:00:00",
      "quarter_label": "2022-03 (Q1)",
      "revenue": 281598000,
      "gross_profit": null,
      "operating_income": 106991000,
      "net_income": 65433000,
      "opex": 174607000,
      "cogs": null,
      "rd": null,
      "sga": null,
      "fcf": 190413000,
      "ocf": 191497000,
      "capex": -1084000,
      "gross_margin": null,
      "op_margin": 0.37994232913586035,
      "fcf_margin": 0.6761873308759295,
      "incr_op_margin_yoy": 1.6321180746778279,
      "rev_growth_yoy": -0.031233981360754375,
      "rev_growth_yoy_accel": -0.23810199956513997,
      "fcf_margin_change": 0.6960612500470719
    },
    {
      "date": "2022-06-30T00:00:00",
      "quarter_label": "2022-06 (Q2)",
      "revenue": 251388000,
      "gross_profit": null,
      "operating_income": 88408000,
      "net_income": 44279000,
      "opex": 162980000,
      "cogs": null,
      "rd": null,
      "sga": null,
      "fcf": 25998000,
      "ocf": 26616000,
      "capex": -618000,
      "gross_margin": null,
      "op_margin": 0.35167947555173673,
      "fcf_margin": 0.10341782423982052,
      "incr_op_margin_yoy": 0.9222195254009448,
      "rev_growth_yoy": -0.17563920524415558,
      "rev_growth_yoy_accel": -0.1444052238834012,
      "fcf_margin_change": -0.572769506636109
    },
    {
      "date": "2022-09-30T00:00:00",
      "quarter_label": "2022-09 (Q3)",
      "revenue": 234312000,
      "gross_profit": null,
      "operating_income": 78726000,
      "net_income": 44235000,
      "opex": 155586000,
      "cogs": null,
      "rd": null,
      "sga": null,
      "fcf": 84927000,
      "ocf": 88509000,
      "capex": -3582000,
      "gross_margin": null,
      "op_margin": 0.33598791355116253,
      "fcf_margin": 0.36245262726620914,
      "incr_op_margin_yoy": 0.7820378789720649,
      "rev_growth_yoy": -0.25985077738538226,
      "rev_growth_yoy_accel": -0.08421157214122668,
      "fcf_margin_change": 0.2590348030263886
    },
    {
      "date": "2022-12-31T00:00:00",
      "quarter_label": "2022-12 (Q4)",
      "revenue": 225987000,
      "gross_profit": null,
      "operating_income": 69972000,
      "net_income": 52808000,
      "opex": 156015000,
      "cogs": null,
      "rd": null,
      "sga": null,
      "fcf": 4635000,
      "ocf": 5988000,
      "capex": -1353000,
      "gross_margin": null,
      "op_margin": 0.3096284299539354,
      "fcf_margin": 0.02051002933797077,
      "incr_op_margin_yoy": 0.761928825702703,
      "rev_growth_yoy": -0.2826629337599512,
      "rev_growth_yoy_accel": -0.02281215637456896,
      "fcf_margin_change": -0.3419425979282384
    },
    {
      "date": "2023-03-31T00:00:00",
      "quarter_label": "2023-03 (Q1)",
      "revenue": 234509000,
      "gross_profit": null,
      "operating_income": 68307000,
      "net_income": 50753000,
      "opex": 166202000,
      "cogs": null,
      "rd": null,
      "sga": null,
      "fcf": 120590000,
      "ocf": 120936000,
      "capex": -346000,
      "gross_margin": null,
      "op_margin": 0.29127666742001374,
      "fcf_margin": 0.5142233347121006,
      "incr_op_margin_yoy": 0.8215082078617086,
      "rev_growth_yoy": -0.16722064787391955,
      "rev_growth_yoy_accel": 0.11544228588603167,
      "op_leverage_ratio": 0.5775347521284541,
      "fcf_margin_change": 0.49371330537412983
    },
    {
      "date": "2023-06-30T00:00:00",
      "quarter_label": "2023-06 (Q2)",
      "revenue": 242903000,
      "gross_profit": null,
      "operating_income": 76702000,
      "net_income": 53625000,
      "opex": 166201000,
      "cogs": null,
      "rd": null,
      "sga": null,
      "fcf": 62077000,
      "ocf": 62169000,
      "capex": -92000,
      "gross_margin": null,
      "op_margin": 0.3157721394960128,
      "fcf_margin": 0.25556292017801346,
      "incr_op_margin_yoy": 1.3796110783736004,
      "rev_growth_yoy": -0.03375260553407482,
      "rev_growth_yoy_accel": 0.13346804233984472,
      "op_leverage_ratio": Infinity,
      "fcf_margin_change": -0.2586604145340871
    },
    {
      "date": "2023-09-30T00:00:00",
      "quarter_label": "2023-09 (Q3)",
      "revenue": 248722000,
      "gross_profit": null,
      "operating_income": 82155000,
      "net_income": 53155000,
      "opex": 166567000,
      "cogs": null,
      "rd": null,
      "sga": null,
      "fcf": 79550000,
      "ocf": 79697000,
      "capex": -147000,
      "gross_margin": null,
      "op_margin": 0.33030853724238307,
      "fcf_margin": 0.31983499650211883,
      "incr_op_margin_yoy": 0.23795975017349064,
      "rev_growth_yoy": 0.061499197650995256,
      "rev_growth_yoy_accel": 0.09525180318507007,
      "op_leverage_ratio": 10.878475192001916,
      "fcf_margin_change": 0.06427207632410536
    },
    {
      "date": "2023-12-31T00:00:00",
      "quarter_label": "2023-12 (Q4)",
      "revenue": 248997000,
      "gross_profit": null,
      "operating_income": 76428000,
      "net_income": 64756000,
      "opex": 172569000,
      "cogs": null,
      "rd": null,
      "sga": null,
      "fcf": -11446000,
      "ocf": -9774000,
      "capex": -1672000,
      "gross_margin": null,
      "op_margin": 0.30694345715008614,
      "fcf_margin": -0.045968425322393446,
      "incr_op_margin_yoy": 0.2805736636245111,
      "rev_growth_yoy": 0.10182001619562187,
      "rev_growth_yoy_accel": 0.04032081854462661,
      "fcf_margin_change": -0.36580342182451225
    },
    {
      "date": "2024-03-31T00:00:00",
      "quarter_label": "2024-03 (Q1)",
      "revenue": 264351000,
      "gross_profit": null,
      "operating_income": 77643000,
      "net_income": 59481000,
      "opex": 186708000,
      "cogs": null,
      "rd": null,
      "sga": null,
      "fcf": 146903000,
      "ocf": 147019000,
      "capex": -116000,
      "gross_margin": null,
      "op_margin": 0.29371176957908235,
      "fcf_margin": 0.5557119133273565,
      "incr_op_margin_yoy": 0.31284766436565914,
      "rev_growth_yoy": 0.1272531118208683,
      "rev_growth_yoy_accel": 0.025433095625246427,
      "op_leverage_ratio": 0.7526126429675067,
      "fcf_margin_change": 0.6016803386497499
    },
    {
      "date": "2024-06-30T00:00:00",
      "quarter_label": "2024-06 (Q2)",
      "revenue": 270818000,
      "gross_profit": null,
      "operating_income": 86645000,
      "net_income": 57574000,
      "opex": 184173000,
      "cogs": null,
      "rd": null,
      "sga": null,
      "fcf": 75235000,
      "ocf": 75884000,
      "capex": -649000,
      "gross_margin": null,
      "op_margin": 0.31993811341934436,
      "fcf_margin": 0.2778064973524655,
      "incr_op_margin_yoy": 0.35618842915994986,
      "rev_growth_yoy": 0.11492241759056084,
      "rev_growth_yoy_accel": -0.012330694230307457,
      "op_leverage_ratio": Infinity,
      "fcf_margin_change": -0.277905415974891
    },
    {
      "date": "2024-09-30T00:00:00",
      "quarter_label": "2024-09 (Q3)",
      "revenue": 279582000,
      "gross_profit": null,
      "operating_income": 93180000,
      "net_income": 72990000,
      "opex": 186402000,
      "cogs": null,
      "rd": null,
      "sga": null,
      "fcf": 112422000,
      "ocf": 112763000,
      "capex": -341000,
      "gross_margin": null,
      "op_margin": 0.33328325857887847,
      "fcf_margin": 0.40210743180891473,
      "incr_op_margin_yoy": 0.3572585871678548,
      "rev_growth_yoy": 0.1240742676562588,
      "rev_growth_yoy_accel": 0.009151850065697964,
      "op_leverage_ratio": 2.673872756389801,
      "fcf_margin_change": 0.12430093445644924
    },
    {
      "date": "2024-12-31T00:00:00",
      "quarter_label": "2024-12 (Q4)",
      "revenue": 297051000,
      "gross_profit": null,
      "operating_income": 109161000,
      "net_income": 69703000,
      "opex": 187890000,
      "cogs": null,
      "rd": null,
      "sga": null,
      "fcf": 36708000,
      "ocf": 37172000,
      "capex": -464000,
      "gross_margin": null,
      "op_margin": 0.3674823515153963,
      "fcf_margin": 0.12357473969116414,
      "incr_op_margin_yoy": 0.6811711824197777,
      "rev_growth_yoy": 0.19299027699128904,
      "rev_growth_yoy_accel": 0.06891600933503024,
      "op_leverage_ratio": 7.827200776804819,
      "fcf_margin_change": -0.27853269211775056
    },
    {
      "date": "2025-03-31T00:00:00",
      "quarter_label": "2025-03 (Q1)",
      "revenue": 277147000,
      "gross_profit": null,
      "operating_income": 86535000,
      "net_income": 61139000,
      "opex": 190612000,
      "cogs": null,
      "rd": null,
      "sga": null,
      "fcf": 157668000,
      "ocf": 157874000,
      "capex": -206000,
      "gross_margin": null,
      "op_margin": 0.3122350232908889,
      "fcf_margin": 0.5688966505139872,
      "incr_op_margin_yoy": 0.694904657705533,
      "rev_growth_yoy": 0.04840533987009695,
      "rev_growth_yoy_accel": -0.14458493712119208,
      "fcf_margin_change": 0.445321910822823
    },
    {
      "date": "2025-06-30T00:00:00",
      "quarter_label": "2025-06 (Q2)",
      "revenue": 282749000,
      "gross_profit": null,
      "operating_income": 79772000,
      "net_income": 67555000,
      "opex": 202977000,
      "cogs": null,
      "rd": null,
      "sga": null,
      "fcf": 50879000,
      "ocf": 50942000,
      "capex": -63000,
      "gross_margin": null,
      "op_margin": 0.2821300871090614,
      "fcf_margin": 0.17994404931582428,
      "incr_op_margin_yoy": -0.5760623585617299,
      "rev_growth_yoy": 0.044055417291317414,
      "rev_growth_yoy_accel": -0.004349922578779537,
      "op_leverage_ratio": 0.3115939668034323,
      "fcf_margin_change": -0.3889526011981629
    },
    {
      "date": "2025-09-30T00:00:00",
      "quarter_label": "2025-09 (Q3)",
      "revenue": 301287000,
      "gross_profit": null,
      "operating_income": 101819000,
      "net_income": 66830000,
      "opex": 199468000,
      "cogs": null,
      "rd": null,
      "sga": null,
      "fcf": 40387000,
      "ocf": 40422000,
      "capex": -35000,
      "gross_margin": null,
      "op_margin": 0.33794687457474104,
      "fcf_margin": 0.1340482662710306,
      "incr_op_margin_yoy": 0.39801888965676113,
      "rev_growth_yoy": 0.07763375324591712,
      "rev_growth_yoy_accel": 0.033578335954599706,
      "op_leverage_ratio": Infinity,
      "fcf_margin_change": -0.045895783044793664
    }
  ],
  "signals": [
    {
      "quarter": "2025-03 (Q1)",
      "signal": "FCF MARGIN EXPANSION",
      "detail": "FCF margin: +12.4% -> +56.9% (+44.5%)",
      "severity": "MEDIUM"
    },
    {
      "quarter": "2025-03 (Q1)",
      "signal": "YoY REVENUE GROWTH DECELERATION",
      "detail": "YoY growth: +4.8% vs prior quarter YoY: +19.3% (decel: -14.5%)",
      "severity": "WARNING"
    },
    {
      "quarter": "2025-03 (Q1)",
      "signal": "INCREMENTAL MARGIN (YoY)",
      "detail": "YoY Incr OPM: +69.5% vs year-ago OPM: +29.4%",
      "severity": "HIGH"
    },
    {
      "quarter": "2024-12 (Q4)",
      "signal": "OPERATING LEVERAGE",
      "detail": "Rev growth +6.2% vs OpEx growth +0.8% (leverage: 7.8x)",
      "severity": "MEDIUM"
    },
    {
      "quarter": "2024-12 (Q4)",
      "signal": "YoY REVENUE GROWTH ACCELERATION",
      "detail": "YoY growth: +19.3% vs prior quarter YoY: +12.4% (accel: +6.9%)",
      "severity": "MEDIUM"
    },
    {
      "quarter": "2024-12 (Q4)",
      "signal": "INCREMENTAL MARGIN (YoY)",
      "detail": "YoY Incr OPM: +68.1% vs year-ago OPM: +30.7%",
      "severity": "HIGH"
    },
    {
      "quarter": "2024-09 (Q3)",
      "signal": "FCF MARGIN EXPANSION",
      "detail": "FCF margin: +27.8% -> +40.2% (+12.4%)",
      "severity": "MEDIUM"
    },
    {
      "quarter": "2024-09 (Q3)",
      "signal": "OPERATING LEVERAGE",
      "detail": "Rev growth +3.2% vs OpEx growth +1.2% (leverage: 2.7x)",
      "severity": "MEDIUM"
    },
    {
      "quarter": "2024-03 (Q1)",
      "signal": "FCF TURNED POSITIVE",
      "detail": "FCF margin: -4.6% -> +55.6%",
      "severity": "HIGH"
    },
    {
      "quarter": "2023-09 (Q3)",
      "signal": "FCF MARGIN EXPANSION",
      "detail": "FCF margin: +25.6% -> +32.0% (+6.4%)",
      "severity": "MEDIUM"
    },
    {
      "quarter": "2023-09 (Q3)",
      "signal": "OPERATING LEVERAGE",
      "detail": "Rev growth +2.4% vs OpEx growth +0.2% (leverage: 10.9x)",
      "severity": "MEDIUM"
    },
    {
      "quarter": "2023-09 (Q3)",
      "signal": "YoY REVENUE GROWTH ACCELERATION",
      "detail": "YoY growth: +6.1% vs prior quarter YoY: -3.4% (accel: +9.5%)",
      "severity": "MEDIUM"
    },
    {
      "quarter": "2023-06 (Q2)",
      "signal": "YoY REVENUE GROWTH ACCELERATION",
      "detail": "YoY growth: -3.4% vs prior quarter YoY: -16.7% (accel: +13.3%)",
      "severity": "MEDIUM"
    },
    {
      "quarter": "2023-06 (Q2)",
      "signal": "INCREMENTAL MARGIN (YoY)",
      "detail": "YoY Incr OPM: +138.0% vs year-ago OPM: +35.2%",
      "severity": "HIGH"
    },
    {
      "quarter": "2023-03 (Q1)",
      "signal": "FCF MARGIN EXPANSION",
      "detail": "FCF margin: +2.1% -> +51.4% (+49.4%)",
      "severity": "MEDIUM"
    },
    {
      "quarter": "2023-03 (Q1)",
      "signal": "YoY REVENUE GROWTH ACCELERATION",
      "detail": "YoY growth: -16.7% vs prior quarter YoY: -28.3% (accel: +11.5%)",
      "severity": "MEDIUM"
    },
    {
      "quarter": "2023-03 (Q1)",
      "signal": "INCREMENTAL MARGIN (YoY)",
      "detail": "YoY Incr OPM: +82.2% vs year-ago OPM: +38.0%",
      "severity": "HIGH"
    },
    {
      "quarter": "2022-12 (Q4)",
      "signal": "INCREMENTAL MARGIN (YoY)",
      "detail": "YoY Incr OPM: +76.2% vs year-ago OPM: +43.7%",
      "severity": "HIGH"
    },
    {
      "quarter": "2022-09 (Q3)",
      "signal": "FCF MARGIN EXPANSION",
      "detail": "FCF margin: +10.3% -> +36.2% (+25.9%)",
      "severity": "MEDIUM"
    },
    {
      "quarter": "2022-09 (Q3)",
      "signal": "YoY REVENUE GROWTH DECELERATION",
      "detail": "YoY growth: -26.0% vs prior quarter YoY: -17.6% (decel: -8.4%)",
      "severity": "WARNING"
    },
    {
      "quarter": "2022-09 (Q3)",
      "signal": "INCREMENTAL MARGIN (YoY)",
      "detail": "YoY Incr OPM: +78.2% vs year-ago OPM: +45.2%",
      "severity": "HIGH"
    },
    {
      "quarter": "2022-06 (Q2)",
      "signal": "YoY REVENUE GROWTH DECELERATION",
      "detail": "YoY growth: -17.6% vs prior quarter YoY: -3.1% (decel: -14.4%)",
      "severity": "WARNING"
    },
    {
      "quarter": "2022-06 (Q2)",
      "signal": "INCREMENTAL MARGIN (YoY)",
      "detail": "YoY Incr OPM: +92.2% vs year-ago OPM: +45.2%",
      "severity": "HIGH"
    },
    {
      "quarter": "2022-03 (Q1)",
      "signal": "FCF TURNED POSITIVE",
      "detail": "FCF margin: -2.0% -> +67.6%",
      "severity": "HIGH"
    },
    {
      "quarter": "2022-03 (Q1)",
      "signal": "YoY REVENUE GROWTH DECELERATION",
      "detail": "YoY growth: -3.1% vs prior quarter YoY: +20.7% (decel: -23.8%)",
      "severity": "WARNING"
    },
    {
      "quarter": "2022-03 (Q1)",
      "signal": "INCREMENTAL MARGIN (YoY)",
      "detail": "YoY Incr OPM: +163.2% vs year-ago OPM: +41.9%",
      "severity": "HIGH"
    },
    {
      "quarter": "2021-09 (Q3)",
      "signal": "FCF MARGIN EXPANSION",
      "detail": "FCF margin: +21.6% -> +45.6% (+24.0%)",
      "severity": "MEDIUM"
    },
    {
      "quarter": "2021-03 (Q1)",
      "signal": "FCF MARGIN EXPANSION",
      "detail": "FCF margin: +7.4% -> +66.2% (+58.8%)",
      "severity": "MEDIUM"
    }
  ],
  "data_quality": {
    "n_quarters": 20,
    "coverage": {
      "revenue": [
        20,
        20
      ],
      "gross_profit": [
        0,
        20
      ],
      "op_income": [
        20,
        20
      ],
      "fcf": [
        20,
        20
      ]
    },
    "gaps": [],
    "warnings": [
      "gross_profit: no data"
    ]
  },
  "market_cap": null,
  "source": "SEC EDGAR",
  "last_updated": "2026-02-02T21:21:39.561288",
  "sector": "Financial Services",
  "industry": "Asset Management"
}