{
  "ticker": "APD",
  "name": "AIR PRODUCTS AND CHEMICALS, INC.",
  "quarters": [
    {
      "date": "2021-03-31T00:00:00",
      "quarter_label": "2021-03 (Q1)",
      "revenue": 2502000000,
      "gross_profit": 756500000,
      "operating_income": 548500000,
      "net_income": 473100000,
      "opex": 208000000,
      "cogs": 1745500000,
      "rd": 21100000,
      "sga": 210300000,
      "fcf": null,
      "ocf": null,
      "capex": -563600000,
      "gross_margin": 0.30235811350919267,
      "op_margin": 0.219224620303757,
      "fcf_margin": null
    },
    {
      "date": "2021-06-30T00:00:00",
      "quarter_label": "2021-06 (Q2)",
      "revenue": 2604700000,
      "gross_profit": 802800000,
      "operating_income": 577100000,
      "net_income": 533600000,
      "opex": 225700000,
      "cogs": 1801900000,
      "rd": 23200000,
      "sga": 213300000,
      "fcf": null,
      "ocf": null,
      "capex": -620000000,
      "gross_margin": 0.3082120781663915,
      "op_margin": 0.2215610243022229,
      "fcf_margin": null,
      "op_leverage_ratio": 0.482362132892556
    },
    {
      "date": "2021-09-30T00:00:00",
      "quarter_label": "2021-09 (Q3)",
      "revenue": 2841100000,
      "gross_profit": 834800000,
      "operating_income": 616700000,
      "net_income": 610400000,
      "opex": 218100000,
      "cogs": 2006300000,
      "rd": 25700000,
      "sga": 202100000,
      "fcf": null,
      "ocf": null,
      "capex": -616400000,
      "gross_margin": 0.2938298546337686,
      "op_margin": 0.21706381331174546,
      "fcf_margin": null,
      "op_leverage_ratio": Infinity
    },
    {
      "date": "2021-12-31T00:00:00",
      "quarter_label": "2021-12 (Q4)",
      "revenue": 2994200000,
      "gross_profit": 770600000,
      "operating_income": 523000000,
      "net_income": 560400000,
      "opex": 247600000,
      "cogs": 2223600000,
      "rd": 23300000,
      "sga": 232800000,
      "fcf": 121400000,
      "ocf": 785200000,
      "capex": -663800000,
      "gross_margin": 0.2573642375258834,
      "op_margin": 0.17467103065927458,
      "fcf_margin": 0.0405450537706232,
      "op_leverage_ratio": 0.39840274326785574
    },
    {
      "date": "2022-03-31T00:00:00",
      "quarter_label": "2022-03 (Q1)",
      "revenue": 2945100000,
      "gross_profit": 793500000,
      "operating_income": 561900000,
      "net_income": 530500000,
      "opex": 231600000,
      "cogs": 2151600000,
      "rd": 23700000,
      "sga": 227000000,
      "fcf": -250000000,
      "ocf": 519800000,
      "capex": -769800000,
      "gross_margin": 0.2694305796068045,
      "op_margin": 0.1907914841601304,
      "fcf_margin": -0.08488676106074497,
      "incr_op_margin_yoy": 0.030241480478447304,
      "rev_growth_yoy": 0.17709832134292566,
      "fcf_margin_change": -0.12543181483136817
    },
    {
      "date": "2022-06-30T00:00:00",
      "quarter_label": "2022-06 (Q2)",
      "revenue": 3189300000,
      "gross_profit": 847200000,
      "operating_income": 627400000,
      "net_income": 582100000,
      "opex": 219800000,
      "cogs": 2342100000,
      "rd": 24800000,
      "sga": 216900000,
      "fcf": 202700000,
      "ocf": 908200000,
      "capex": -705500000,
      "gross_margin": 0.2656382278242875,
      "op_margin": 0.1967202834477785,
      "fcf_margin": 0.06355626626532468,
      "incr_op_margin_yoy": 0.08604173794047212,
      "rev_growth_yoy": 0.22444043459899413,
      "rev_growth_yoy_accel": 0.04734211325606846,
      "op_leverage_ratio": Infinity,
      "fcf_margin_change": 0.14844302732606965
    },
    {
      "date": "2022-09-30T00:00:00",
      "quarter_label": "2022-09 (Q3)",
      "revenue": 3570000000,
      "gross_profit": 948800000,
      "operating_income": 626500000,
      "net_income": 583100000,
      "opex": 322300000,
      "cogs": 2621200000,
      "rd": 31100000,
      "sga": 223900000,
      "fcf": null,
      "ocf": null,
      "capex": -787400000,
      "gross_margin": 0.2657703081232493,
      "op_margin": 0.17549019607843136,
      "fcf_margin": null,
      "incr_op_margin_yoy": 0.01344491699821649,
      "rev_growth_yoy": 0.25655555946640385,
      "rev_growth_yoy_accel": 0.03211512486740972,
      "op_leverage_ratio": 0.2559713309671898
    },
    {
      "date": "2022-12-31T00:00:00",
      "quarter_label": "2022-12 (Q4)",
      "revenue": 3174700000,
      "gross_profit": 902400000,
      "operating_income": 652000000,
      "net_income": 572200000,
      "opex": 250400000,
      "cogs": 2272300000,
      "rd": 24400000,
      "sga": 234400000,
      "fcf": -114900000,
      "ocf": 719300000,
      "capex": -834200000,
      "gross_margin": 0.2842473304564211,
      "op_margin": 0.20537373610104892,
      "fcf_margin": -0.03619239613191798,
      "incr_op_margin_yoy": 0.7146814404432132,
      "rev_growth_yoy": 0.060283214214147354,
      "rev_growth_yoy_accel": -0.1962723452522565
    },
    {
      "date": "2023-03-31T00:00:00",
      "quarter_label": "2023-03 (Q1)",
      "revenue": 3200100000,
      "gross_profit": 917300000,
      "operating_income": 459800000,
      "net_income": 439800000,
      "opex": 457500000,
      "cogs": 2282800000,
      "rd": 27200000,
      "sga": 251200000,
      "fcf": -368200000,
      "ocf": 638700000,
      "capex": -1006900000,
      "gross_margin": 0.2866472922721165,
      "op_margin": 0.14368300990594043,
      "fcf_margin": -0.11505890440923722,
      "incr_op_margin_yoy": -0.4003921568627451,
      "rev_growth_yoy": 0.08658449628195987,
      "rev_growth_yoy_accel": 0.026301282067812515,
      "fcf_margin_change": -0.07886650827731924
    },
    {
      "date": "2023-06-30T00:00:00",
      "quarter_label": "2023-06 (Q2)",
      "revenue": 3033900000,
      "gross_profit": 963200000,
      "operating_income": 644200000,
      "net_income": 595600000,
      "opex": 319000000,
      "cogs": 2070700000,
      "rd": 29300000,
      "sga": 238700000,
      "fcf": -477000000,
      "ocf": 845400000,
      "capex": -1322400000,
      "gross_margin": 0.31747915224628365,
      "op_margin": 0.2123339595899667,
      "fcf_margin": -0.15722337585286264,
      "incr_op_margin_yoy": -0.10810810810810811,
      "rev_growth_yoy": -0.04872542564199041,
      "rev_growth_yoy_accel": -0.13530992192395028,
      "fcf_margin_change": -0.04216447144362542
    },
    {
      "date": "2023-09-30T00:00:00",
      "quarter_label": "2023-09 (Q3)",
      "revenue": 3191300000,
      "gross_profit": 984100000,
      "operating_income": 738600000,
      "net_income": 692600000,
      "opex": 245500000,
      "cogs": 2207200000,
      "rd": 24700000,
      "sga": 232700000,
      "fcf": null,
      "ocf": null,
      "capex": -1462900000,
      "gross_margin": 0.30836962993137595,
      "op_margin": 0.23144173220944442,
      "fcf_margin": null,
      "incr_op_margin_yoy": -0.2960126749405862,
      "rev_growth_yoy": -0.10607843137254902,
      "rev_growth_yoy_accel": -0.05735300573055861,
      "op_leverage_ratio": Infinity
    },
    {
      "date": "2023-12-31T00:00:00",
      "quarter_label": "2023-12 (Q4)",
      "revenue": 2997400000,
      "gross_profit": 930200000,
      "operating_income": 666900000,
      "net_income": 609300000,
      "opex": 263300000,
      "cogs": 2067200000,
      "rd": 25700000,
      "sga": 238400000,
      "fcf": -818900000,
      "ocf": 626600000,
      "capex": -1445500000,
      "gross_margin": 0.31033562420764665,
      "op_margin": 0.2224928271168346,
      "fcf_margin": -0.2732034429839194,
      "incr_op_margin_yoy": -0.08403835307388607,
      "rev_growth_yoy": -0.055847796642202414,
      "rev_growth_yoy_accel": 0.050230634730346606
    },
    {
      "date": "2024-03-31T00:00:00",
      "quarter_label": "2024-03 (Q1)",
      "revenue": 2930200000,
      "gross_profit": 938700000,
      "operating_income": 637200000,
      "net_income": 572400000,
      "opex": 301500000,
      "cogs": 1991500000,
      "rd": 25400000,
      "sga": 240600000,
      "fcf": -867700000,
      "ocf": 801700000,
      "capex": -1669400000,
      "gross_margin": 0.32035355948399424,
      "op_margin": 0.2174595590744659,
      "fcf_margin": -0.2961231315268582,
      "incr_op_margin_yoy": -0.6572804742497221,
      "rev_growth_yoy": -0.08434111434017687,
      "rev_growth_yoy_accel": -0.028493317697974453,
      "fcf_margin_change": -0.0229196885429388
    },
    {
      "date": "2024-06-30T00:00:00",
      "quarter_label": "2024-06 (Q2)",
      "revenue": 2985500000,
      "gross_profit": 979900000,
      "operating_income": 737600000,
      "net_income": 696600000,
      "opex": 242300000,
      "cogs": 2005600000,
      "rd": 27000000,
      "sga": 235400000,
      "fcf": -345200000,
      "ocf": 1261400000,
      "capex": -1606600000,
      "gross_margin": 0.32821972868866184,
      "op_margin": 0.24706079383687823,
      "fcf_margin": -0.11562552336292078,
      "incr_op_margin_yoy": -1.9297520661157024,
      "rev_growth_yoy": -0.015953063713372226,
      "rev_growth_yoy_accel": 0.06838805062680464,
      "op_leverage_ratio": Infinity,
      "fcf_margin_change": 0.18049760816393742
    },
    {
      "date": "2024-09-30T00:00:00",
      "quarter_label": "2024-09 (Q3)",
      "revenue": 3187500000,
      "gross_profit": 1083100000,
      "operating_income": 2424400000,
      "net_income": 1949900000,
      "opex": -1341300000,
      "cogs": 2104400000,
      "rd": 22100000,
      "sga": 228000000,
      "fcf": null,
      "ocf": null,
      "capex": -2075200000,
      "gross_margin": 0.33979607843137255,
      "op_margin": 0.7605960784313726,
      "fcf_margin": null,
      "incr_op_margin_yoy": -443.63157894736844,
      "rev_growth_yoy": -0.0011907373170808135,
      "rev_growth_yoy_accel": 0.014762326396291412,
      "op_leverage_ratio": Infinity
    },
    {
      "date": "2024-12-31T00:00:00",
      "quarter_label": "2024-12 (Q4)",
      "revenue": 2931500000,
      "gross_profit": 915000000,
      "operating_income": 643600000,
      "net_income": 617400000,
      "opex": 271400000,
      "cogs": 2016500000,
      "rd": 22000000,
      "sga": 242400000,
      "fcf": -1305900000,
      "ocf": 811700000,
      "capex": -2117600000,
      "gross_margin": 0.31212689749275113,
      "op_margin": 0.2195463073511854,
      "fcf_margin": -0.44547160156916255,
      "incr_op_margin_yoy": 0.3535660091047041,
      "rev_growth_yoy": -0.021985720958163743,
      "rev_growth_yoy_accel": -0.02079498364108293
    },
    {
      "date": "2025-03-31T00:00:00",
      "quarter_label": "2025-03 (Q1)",
      "revenue": 2916200000,
      "gross_profit": 862300000,
      "operating_income": -2328000000,
      "net_income": -1730600000,
      "opex": 3190300000,
      "cogs": 2053900000,
      "rd": 22900000,
      "sga": 222000000,
      "fcf": -1563400000,
      "ocf": 328100000,
      "capex": -1891500000,
      "gross_margin": 0.29569302516974144,
      "op_margin": -0.7982991564364584,
      "fcf_margin": -0.5361086345243811,
      "incr_op_margin_yoy": 211.8,
      "rev_growth_yoy": -0.004777830864787387,
      "rev_growth_yoy_accel": 0.017207890093376355,
      "fcf_margin_change": -0.09063703295521852
    },
    {
      "date": "2025-06-30T00:00:00",
      "quarter_label": "2025-06 (Q2)",
      "revenue": 3022700000,
      "gross_profit": 982600000,
      "operating_income": 790600000,
      "net_income": 713800000,
      "opex": 192000000,
      "cogs": 2040100000,
      "rd": 24100000,
      "sga": 222600000,
      "fcf": -640000000,
      "ocf": 855800000,
      "capex": -1495800000,
      "gross_margin": 0.32507360968670396,
      "op_margin": 0.2615542395871241,
      "fcf_margin": -0.21173123366526617,
      "incr_op_margin_yoy": 1.424731182795699,
      "rev_growth_yoy": 0.012460224418020431,
      "rev_growth_yoy_accel": 0.017238055282807817,
      "op_leverage_ratio": Infinity,
      "fcf_margin_change": 0.32437740085911493
    },
    {
      "date": "2025-09-30T00:00:00",
      "quarter_label": "2025-09 (Q3)",
      "revenue": 3166900000,
      "gross_profit": 1021400000,
      "operating_income": 16800000,
      "net_income": 4900000,
      "opex": 1004600000,
      "cogs": 2145500000,
      "rd": 27300000,
      "sga": 219100000,
      "fcf": null,
      "ocf": null,
      "capex": -1517700000,
      "gross_margin": 0.3225236035239509,
      "op_margin": 0.005304872272569389,
      "fcf_margin": null,
      "incr_op_margin_yoy": 116.87378640776699,
      "rev_growth_yoy": -0.006462745098039215,
      "rev_growth_yoy_accel": -0.018922969516059648,
      "op_leverage_ratio": 0.011271835058281336
    },
    {
      "date": "2025-12-31T00:00:00",
      "quarter_label": "2025-12 (Q4)",
      "revenue": 3102500000,
      "gross_profit": 995000000,
      "operating_income": 734500000,
      "net_income": 678200000,
      "opex": 260500000,
      "cogs": 2107500000,
      "rd": 20400000,
      "sga": 228700000,
      "fcf": -350500000,
      "ocf": 900700000,
      "capex": -1251200000,
      "gross_margin": 0.32070910556003224,
      "op_margin": 0.23674456083803386,
      "fcf_margin": -0.11297340854149879,
      "incr_op_margin_yoy": 0.531578947368421,
      "rev_growth_yoy": 0.05833191199044858,
      "rev_growth_yoy_accel": 0.06479465708848779
    }
  ],
  "signals": [
    {
      "quarter": "2025-12 (Q4)",
      "signal": "YoY REVENUE GROWTH ACCELERATION",
      "detail": "YoY growth: +5.8% vs prior quarter YoY: -0.6% (accel: +6.5%)",
      "severity": "MEDIUM"
    },
    {
      "quarter": "2025-12 (Q4)",
      "signal": "INCREMENTAL MARGIN (YoY)",
      "detail": "YoY Incr OPM: +53.2% vs year-ago OPM: +22.0%",
      "severity": "HIGH"
    },
    {
      "quarter": "2025-09 (Q3)",
      "signal": "INCREMENTAL MARGIN (YoY)",
      "detail": "YoY Incr OPM: +11687.4% vs year-ago OPM: +76.1%",
      "severity": "HIGH"
    },
    {
      "quarter": "2025-06 (Q2)",
      "signal": "FCF MARGIN EXPANSION",
      "detail": "FCF margin: -53.6% -> -21.2% (+32.4%)",
      "severity": "MEDIUM"
    },
    {
      "quarter": "2025-06 (Q2)",
      "signal": "GROSS MARGIN INFLECTION",
      "detail": "GM: +31.2% -> +29.6% -> +32.5% (reversal +2.9%)",
      "severity": "MEDIUM"
    },
    {
      "quarter": "2025-06 (Q2)",
      "signal": "INCREMENTAL MARGIN (YoY)",
      "detail": "YoY Incr OPM: +142.5% vs year-ago OPM: +24.7%",
      "severity": "HIGH"
    },
    {
      "quarter": "2025-06 (Q2)",
      "signal": "OP MARGIN TURNED POSITIVE (QoQ)",
      "detail": "Op margin: -79.8% -> +26.2%",
      "severity": "HIGH"
    },
    {
      "quarter": "2024-12 (Q4)",
      "signal": "INCREMENTAL MARGIN (YoY)",
      "detail": "YoY Incr OPM: +35.4% vs year-ago OPM: +22.2%",
      "severity": "MEDIUM"
    },
    {
      "quarter": "2024-06 (Q2)",
      "signal": "FCF MARGIN EXPANSION",
      "detail": "FCF margin: -29.6% -> -11.6% (+18.0%)",
      "severity": "MEDIUM"
    },
    {
      "quarter": "2024-06 (Q2)",
      "signal": "YoY REVENUE GROWTH ACCELERATION",
      "detail": "YoY growth: -1.6% vs prior quarter YoY: -8.4% (accel: +6.8%)",
      "severity": "MEDIUM"
    },
    {
      "quarter": "2023-12 (Q4)",
      "signal": "YoY REVENUE GROWTH ACCELERATION",
      "detail": "YoY growth: -5.6% vs prior quarter YoY: -10.6% (accel: +5.0%)",
      "severity": "MEDIUM"
    },
    {
      "quarter": "2023-09 (Q3)",
      "signal": "YoY REVENUE GROWTH DECELERATION",
      "detail": "YoY growth: -10.6% vs prior quarter YoY: -4.9% (decel: -5.7%)",
      "severity": "WARNING"
    },
    {
      "quarter": "2023-06 (Q2)",
      "signal": "YoY REVENUE GROWTH DECELERATION",
      "detail": "YoY growth: -4.9% vs prior quarter YoY: +8.7% (decel: -13.5%)",
      "severity": "WARNING"
    },
    {
      "quarter": "2022-12 (Q4)",
      "signal": "YoY REVENUE GROWTH DECELERATION",
      "detail": "YoY growth: +6.0% vs prior quarter YoY: +25.7% (decel: -19.6%)",
      "severity": "WARNING"
    },
    {
      "quarter": "2022-12 (Q4)",
      "signal": "INCREMENTAL MARGIN (YoY)",
      "detail": "YoY Incr OPM: +71.5% vs year-ago OPM: +17.5%",
      "severity": "HIGH"
    },
    {
      "quarter": "2022-06 (Q2)",
      "signal": "FCF TURNED POSITIVE",
      "detail": "FCF margin: -8.5% -> +6.4%",
      "severity": "HIGH"
    }
  ],
  "data_quality": {
    "n_quarters": 20,
    "coverage": {
      "revenue": [
        20,
        20
      ],
      "gross_profit": [
        20,
        20
      ],
      "op_income": [
        20,
        20
      ],
      "fcf": [
        13,
        20
      ]
    },
    "gaps": [],
    "warnings": [
      "fcf: 13/20Q"
    ]
  },
  "market_cap": null,
  "source": "SEC EDGAR",
  "last_updated": "2026-02-03T16:23:16.809104"
}