{
  "ticker": "APEI",
  "name": "AMERICAN PUBLIC EDUCATION, INC.",
  "quarters": [
    {
      "date": "2020-12-31T00:00:00",
      "quarter_label": "2020-12 (Q4)",
      "revenue": 85909000,
      "gross_profit": 54806000,
      "operating_income": 9715000,
      "net_income": 7071000,
      "opex": 76194000,
      "cogs": 31103000,
      "rd": null,
      "sga": null,
      "fcf": -678000,
      "ocf": 77000,
      "capex": -755000,
      "gross_margin": 0.637954114237158,
      "op_margin": 0.11308477575108546,
      "fcf_margin": -0.007892071843462268
    },
    {
      "date": "2021-03-31T00:00:00",
      "quarter_label": "2021-03 (Q1)",
      "revenue": 88541000,
      "gross_profit": 56222000,
      "operating_income": 10637000,
      "net_income": 8107000,
      "opex": 77904000,
      "cogs": 32319000,
      "rd": null,
      "sga": null,
      "fcf": 9698000,
      "ocf": 11226000,
      "capex": -1528000,
      "gross_margin": 0.6349826633988773,
      "op_margin": 0.12013643396844399,
      "fcf_margin": 0.10953117764651404,
      "op_leverage_ratio": 1.3651233159199667,
      "fcf_margin_change": 0.11742324948997632
    },
    {
      "date": "2021-06-30T00:00:00",
      "quarter_label": "2021-06 (Q2)",
      "revenue": 78014000,
      "gross_profit": 47620000,
      "operating_income": 1975000,
      "net_income": 531000,
      "opex": 76039000,
      "cogs": 30394000,
      "rd": null,
      "sga": null,
      "fcf": -3828000,
      "ocf": -2328000,
      "capex": -1500000,
      "gross_margin": 0.6104032609531622,
      "op_margin": 0.025315968928653832,
      "fcf_margin": -0.04906811597918322,
      "fcf_margin_change": -0.15859929362569727
    },
    {
      "date": "2021-09-30T00:00:00",
      "quarter_label": "2021-09 (Q3)",
      "revenue": 98248000,
      "gross_profit": 55704000,
      "operating_income": 1262000,
      "net_income": -267000,
      "opex": 96986000,
      "cogs": 42544000,
      "rd": null,
      "sga": null,
      "fcf": -11104000,
      "ocf": -8319000,
      "capex": -2785000,
      "gross_margin": 0.5669733735037863,
      "op_margin": 0.012845045191759628,
      "fcf_margin": -0.11302011236869962,
      "op_leverage_ratio": 0.9415074561845427,
      "fcf_margin_change": -0.0639519963895164
    },
    {
      "date": "2021-12-31T00:00:00",
      "quarter_label": "2021-12 (Q4)",
      "revenue": 154000000,
      "gross_profit": 86635000,
      "operating_income": 16497000,
      "net_income": 9381000,
      "opex": 137503000,
      "cogs": 67365000,
      "rd": null,
      "sga": null,
      "fcf": 9671000,
      "ocf": 15686000,
      "capex": -6015000,
      "gross_margin": 0.5625649350649351,
      "op_margin": 0.10712337662337662,
      "fcf_margin": 0.0627987012987013,
      "incr_op_margin_yoy": 0.09960200320159786,
      "rev_growth_yoy": 0.7925944895179783,
      "op_leverage_ratio": 1.3583400311096334,
      "fcf_margin_change": 0.17581881366740093
    },
    {
      "date": "2022-03-31T00:00:00",
      "quarter_label": "2022-03 (Q1)",
      "revenue": 154747000,
      "gross_profit": 83049000,
      "operating_income": 5200000,
      "net_income": 5333000,
      "opex": 149547000,
      "cogs": 71698000,
      "rd": null,
      "sga": null,
      "fcf": 22290000,
      "ocf": 25255000,
      "capex": -2965000,
      "gross_margin": 0.5366759937187797,
      "op_margin": 0.03360323625013732,
      "fcf_margin": 0.14404156461837708,
      "incr_op_margin_yoy": -0.08212246624173036,
      "rev_growth_yoy": 0.7477439830135192,
      "rev_growth_yoy_accel": -0.0448505065044591,
      "fcf_margin_change": 0.08124286331967578
    },
    {
      "date": "2022-06-30T00:00:00",
      "quarter_label": "2022-06 (Q2)",
      "revenue": 149608000,
      "gross_profit": 77519000,
      "operating_income": -141260000,
      "net_income": -110029000,
      "opex": 290868000,
      "cogs": 72089000,
      "rd": null,
      "sga": null,
      "fcf": 15792000,
      "ocf": 20136000,
      "capex": -4344000,
      "gross_margin": 0.5181474252713759,
      "op_margin": -0.9442008448746056,
      "fcf_margin": 0.1055558526282017,
      "incr_op_margin_yoy": -2.000656479593262,
      "rev_growth_yoy": 0.9177070782167304,
      "rev_growth_yoy_accel": 0.16996309520321118,
      "fcf_margin_change": -0.03848571199017538
    },
    {
      "date": "2022-09-30T00:00:00",
      "quarter_label": "2022-09 (Q3)",
      "revenue": 149535000,
      "gross_profit": 77718000,
      "operating_income": -1026000,
      "net_income": -3762000,
      "opex": 150561000,
      "cogs": 71817000,
      "rd": null,
      "sga": null,
      "fcf": 3258000,
      "ocf": 6854000,
      "capex": -3596000,
      "gross_margin": 0.5197311666165112,
      "op_margin": -0.006861269936804092,
      "fcf_margin": 0.021787541378272646,
      "incr_op_margin_yoy": -0.04461169497143526,
      "rev_growth_yoy": 0.5220157153326276,
      "rev_growth_yoy_accel": -0.3956913628841028,
      "fcf_margin_change": -0.08376831124992906
    },
    {
      "date": "2022-12-31T00:00:00",
      "quarter_label": "2022-12 (Q4)",
      "revenue": 152438000,
      "gross_profit": 79570000,
      "operating_income": -262000,
      "net_income": -6535000,
      "opex": 152700000,
      "cogs": 72868000,
      "rd": null,
      "sga": null,
      "fcf": -28514000,
      "ocf": -23030000,
      "capex": -5484000,
      "gross_margin": 0.521982707723796,
      "op_margin": -0.0017187315498760152,
      "fcf_margin": -0.18705309699681183,
      "incr_op_margin_yoy": 10.729193341869399,
      "rev_growth_yoy": -0.010142857142857143,
      "rev_growth_yoy_accel": -0.5321585724754847,
      "op_leverage_ratio": 1.3664882031914642,
      "fcf_margin_change": -0.2088406383750845
    },
    {
      "date": "2023-03-31T00:00:00",
      "quarter_label": "2023-03 (Q1)",
      "revenue": 149689000,
      "gross_profit": 75800000,
      "operating_income": -5370000,
      "net_income": -5740000,
      "opex": 155059000,
      "cogs": 73889000,
      "rd": null,
      "sga": null,
      "fcf": 9552000,
      "ocf": 12758000,
      "capex": -3206000,
      "gross_margin": 0.5063832345730147,
      "op_margin": -0.03587437954692729,
      "fcf_margin": 0.06381230417732765,
      "incr_op_margin_yoy": 2.089758797943851,
      "rev_growth_yoy": -0.03268560941407588,
      "rev_growth_yoy_accel": -0.02254275227121874,
      "fcf_margin_change": 0.25086540117413947
    },
    {
      "date": "2023-06-30T00:00:00",
      "quarter_label": "2023-06 (Q2)",
      "revenue": 147214000,
      "gross_profit": 72216000,
      "operating_income": -65268000,
      "net_income": -51232000,
      "opex": 212482000,
      "cogs": 74998000,
      "rd": null,
      "sga": null,
      "fcf": 12394000,
      "ocf": 15741000,
      "capex": -3347000,
      "gross_margin": 0.49055117040498863,
      "op_margin": -0.4433545722553561,
      "fcf_margin": 0.08419036232966973,
      "incr_op_margin_yoy": -31.742690058479532,
      "rev_growth_yoy": -0.016001818084594405,
      "rev_growth_yoy_accel": 0.016683791329481477,
      "fcf_margin_change": 0.020378058152342074
    },
    {
      "date": "2023-09-30T00:00:00",
      "quarter_label": "2023-09 (Q3)",
      "revenue": 150838000,
      "gross_profit": 77610000,
      "operating_income": 6400000,
      "net_income": -3328000,
      "opex": 144438000,
      "cogs": 73228000,
      "rd": null,
      "sga": null,
      "fcf": 17206000,
      "ocf": 20158000,
      "capex": -2952000,
      "gross_margin": 0.5145255174425543,
      "op_margin": 0.042429626486694336,
      "fcf_margin": 0.1140693989578223,
      "incr_op_margin_yoy": 5.699155794320798,
      "rev_growth_yoy": 0.008713679071789214,
      "rev_growth_yoy_accel": 0.024715497156383617,
      "op_leverage_ratio": Infinity,
      "fcf_margin_change": 0.02987903662815257
    },
    {
      "date": "2023-12-31T00:00:00",
      "quarter_label": "2023-12 (Q4)",
      "revenue": 152804000,
      "gross_profit": 82057000,
      "operating_income": 15932000,
      "net_income": 13014000,
      "opex": 136872000,
      "cogs": 70747000,
      "rd": null,
      "sga": null,
      "fcf": -7533000,
      "ocf": -3143000,
      "capex": -4390000,
      "gross_margin": 0.5370081935027878,
      "op_margin": 0.1042642862752284,
      "fcf_margin": -0.04929844768461559,
      "rev_growth_yoy": 0.0024009761345596243,
      "rev_growth_yoy_accel": -0.006312702937229589,
      "op_leverage_ratio": Infinity,
      "fcf_margin_change": -0.1633678466424379
    },
    {
      "date": "2024-03-31T00:00:00",
      "quarter_label": "2024-03 (Q1)",
      "revenue": 154432000,
      "gross_profit": 82007000,
      "operating_income": 5182000,
      "net_income": 516000,
      "opex": 149250000,
      "cogs": 72425000,
      "rd": null,
      "sga": null,
      "fcf": 14526000,
      "ocf": 20744000,
      "capex": -6218000,
      "gross_margin": 0.5310233630335681,
      "op_margin": 0.03355522171570659,
      "fcf_margin": 0.0940608164111065,
      "incr_op_margin_yoy": 2.224752266497997,
      "rev_growth_yoy": 0.031685695007649194,
      "rev_growth_yoy_accel": 0.02928471887308957,
      "op_leverage_ratio": 0.11781044934108323,
      "fcf_margin_change": 0.14335926409572208
    },
    {
      "date": "2024-06-30T00:00:00",
      "quarter_label": "2024-06 (Q2)",
      "revenue": 152895000,
      "gross_profit": 76679000,
      "operating_income": 2220000,
      "net_income": 371000,
      "opex": 150675000,
      "cogs": 76216000,
      "rd": null,
      "sga": null,
      "fcf": 7256000,
      "ocf": 12454000,
      "capex": -5198000,
      "gross_margin": 0.5015141109912031,
      "op_margin": 0.014519768468556852,
      "fcf_margin": 0.04745740540894078,
      "incr_op_margin_yoy": 11.879598662207357,
      "rev_growth_yoy": 0.038590079747850066,
      "rev_growth_yoy_accel": 0.006904384740200872,
      "fcf_margin_change": -0.04660341100216572
    },
    {
      "date": "2024-09-30T00:00:00",
      "quarter_label": "2024-09 (Q3)",
      "revenue": 153122000,
      "gross_profit": 77721000,
      "operating_income": 4129000,
      "net_income": 2262000,
      "opex": 148993000,
      "cogs": 75401000,
      "rd": null,
      "sga": null,
      "fcf": 7763000,
      "ocf": 14075000,
      "capex": -6312000,
      "gross_margin": 0.5075756586251485,
      "op_margin": 0.02696542626141247,
      "fcf_margin": 0.0506981361267486,
      "incr_op_margin_yoy": -0.9943082311733801,
      "rev_growth_yoy": 0.01514207295243904,
      "rev_growth_yoy_accel": -0.023448006795411026,
      "fcf_margin_change": 0.0032407307178078243
    },
    {
      "date": "2024-12-31T00:00:00",
      "quarter_label": "2024-12 (Q4)",
      "revenue": 164110000,
      "gross_profit": 92449000,
      "operating_income": 21535000,
      "net_income": 12964000,
      "opex": 142575000,
      "cogs": 71661000,
      "rd": null,
      "sga": null,
      "fcf": -1755000,
      "ocf": 1599000,
      "capex": -3354000,
      "gross_margin": 0.5633355676070928,
      "op_margin": 0.1312229602096155,
      "fcf_margin": -0.010694046676009993,
      "incr_op_margin_yoy": 0.4955775694321599,
      "rev_growth_yoy": 0.07399020968037485,
      "rev_growth_yoy_accel": 0.05884813672793582,
      "op_leverage_ratio": Infinity,
      "fcf_margin_change": -0.0613921828027586
    },
    {
      "date": "2025-03-31T00:00:00",
      "quarter_label": "2025-03 (Q1)",
      "revenue": 164551000,
      "gross_profit": 89607000,
      "operating_income": 12246000,
      "net_income": 8893000,
      "opex": 152305000,
      "cogs": 74944000,
      "rd": null,
      "sga": null,
      "fcf": 33096000,
      "ocf": 36998000,
      "capex": -3902000,
      "gross_margin": 0.544554575785015,
      "op_margin": 0.07442069631907433,
      "fcf_margin": 0.20112913321705733,
      "incr_op_margin_yoy": 0.698092696906809,
      "rev_growth_yoy": 0.06552398466639038,
      "rev_growth_yoy_accel": -0.008466225013984474,
      "fcf_margin_change": 0.21182317989306731
    },
    {
      "date": "2025-06-30T00:00:00",
      "quarter_label": "2025-06 (Q2)",
      "revenue": 162766000,
      "gross_profit": 84343000,
      "operating_income": 7025000,
      "net_income": 4496000,
      "opex": 155741000,
      "cogs": 78423000,
      "rd": null,
      "sga": null,
      "fcf": 11111000,
      "ocf": 14809000,
      "capex": -3698000,
      "gross_margin": 0.5181856161606232,
      "op_margin": 0.04316011943526289,
      "fcf_margin": 0.06826364228401509,
      "incr_op_margin_yoy": 0.4867794549691014,
      "rev_growth_yoy": 0.06456064619510121,
      "rev_growth_yoy_accel": -0.0009633384712891685,
      "fcf_margin_change": -0.13286549093304223
    },
    {
      "date": "2025-09-30T00:00:00",
      "quarter_label": "2025-09 (Q3)",
      "revenue": 163215000,
      "gross_profit": 88517000,
      "operating_income": 9697000,
      "net_income": 5560000,
      "opex": 153518000,
      "cogs": 74698000,
      "rd": null,
      "sga": null,
      "fcf": 17513000,
      "ocf": 21709000,
      "capex": -4196000,
      "gross_margin": 0.5423337315810434,
      "op_margin": 0.059412431455442206,
      "fcf_margin": 0.10730018687007935,
      "incr_op_margin_yoy": 0.551669473892797,
      "rev_growth_yoy": 0.06591476077898668,
      "rev_growth_yoy_accel": 0.0013541145838854712,
      "fcf_margin_change": 0.03903654458606426
    }
  ],
  "signals": [
    {
      "quarter": "2025-09 (Q3)",
      "signal": "GROSS MARGIN INFLECTION",
      "detail": "GM: +54.5% -> +51.8% -> +54.2% (reversal +2.4%)",
      "severity": "MEDIUM"
    },
    {
      "quarter": "2025-09 (Q3)",
      "signal": "INCREMENTAL MARGIN (YoY)",
      "detail": "YoY Incr OPM: +55.2% vs year-ago OPM: +2.7%",
      "severity": "HIGH"
    },
    {
      "quarter": "2025-06 (Q2)",
      "signal": "INCREMENTAL MARGIN (YoY)",
      "detail": "YoY Incr OPM: +48.7% vs year-ago OPM: +1.5%",
      "severity": "HIGH"
    },
    {
      "quarter": "2025-03 (Q1)",
      "signal": "FCF TURNED POSITIVE",
      "detail": "FCF margin: -1.1% -> +20.1%",
      "severity": "HIGH"
    },
    {
      "quarter": "2025-03 (Q1)",
      "signal": "INCREMENTAL MARGIN (YoY)",
      "detail": "YoY Incr OPM: +69.8% vs year-ago OPM: +3.4%",
      "severity": "HIGH"
    },
    {
      "quarter": "2024-12 (Q4)",
      "signal": "YoY REVENUE GROWTH ACCELERATION",
      "detail": "YoY growth: +7.4% vs prior quarter YoY: +1.5% (accel: +5.9%)",
      "severity": "MEDIUM"
    },
    {
      "quarter": "2024-12 (Q4)",
      "signal": "INCREMENTAL MARGIN (YoY)",
      "detail": "YoY Incr OPM: +49.6% vs year-ago OPM: +10.4%",
      "severity": "HIGH"
    },
    {
      "quarter": "2024-06 (Q2)",
      "signal": "OP MARGIN TURNED POSITIVE (YoY)",
      "detail": "Op margin: -44.3% (year-ago) -> +1.5%",
      "severity": "HIGH"
    },
    {
      "quarter": "2024-03 (Q1)",
      "signal": "FCF TURNED POSITIVE",
      "detail": "FCF margin: -4.9% -> +9.4%",
      "severity": "HIGH"
    },
    {
      "quarter": "2024-03 (Q1)",
      "signal": "OP MARGIN TURNED POSITIVE (YoY)",
      "detail": "Op margin: -3.6% (year-ago) -> +3.4%",
      "severity": "HIGH"
    },
    {
      "quarter": "2023-12 (Q4)",
      "signal": "OP MARGIN TURNED POSITIVE (YoY)",
      "detail": "Op margin: -0.2% (year-ago) -> +10.4%",
      "severity": "HIGH"
    },
    {
      "quarter": "2023-09 (Q3)",
      "signal": "GROSS MARGIN INFLECTION",
      "detail": "GM: +50.6% -> +49.1% -> +51.5% (reversal +2.4%)",
      "severity": "MEDIUM"
    },
    {
      "quarter": "2023-09 (Q3)",
      "signal": "OP MARGIN TURNED POSITIVE (YoY)",
      "detail": "Op margin: -0.7% (year-ago) -> +4.2%",
      "severity": "HIGH"
    },
    {
      "quarter": "2023-09 (Q3)",
      "signal": "OP MARGIN TURNED POSITIVE (QoQ)",
      "detail": "Op margin: -44.3% -> +4.2%",
      "severity": "HIGH"
    },
    {
      "quarter": "2023-03 (Q1)",
      "signal": "FCF TURNED POSITIVE",
      "detail": "FCF margin: -18.7% -> +6.4%",
      "severity": "HIGH"
    },
    {
      "quarter": "2022-12 (Q4)",
      "signal": "YoY REVENUE GROWTH DECELERATION",
      "detail": "YoY growth: -1.0% vs prior quarter YoY: +52.2% (decel: -53.2%)",
      "severity": "WARNING"
    },
    {
      "quarter": "2022-09 (Q3)",
      "signal": "YoY REVENUE GROWTH DECELERATION",
      "detail": "YoY growth: +52.2% vs prior quarter YoY: +91.8% (decel: -39.6%)",
      "severity": "WARNING"
    },
    {
      "quarter": "2022-06 (Q2)",
      "signal": "YoY REVENUE GROWTH ACCELERATION",
      "detail": "YoY growth: +91.8% vs prior quarter YoY: +74.8% (accel: +17.0%)",
      "severity": "HIGH"
    },
    {
      "quarter": "2022-03 (Q1)",
      "signal": "FCF MARGIN EXPANSION",
      "detail": "FCF margin: +6.3% -> +14.4% (+8.1%)",
      "severity": "MEDIUM"
    },
    {
      "quarter": "2021-12 (Q4)",
      "signal": "FCF TURNED POSITIVE",
      "detail": "FCF margin: -11.3% -> +6.3%",
      "severity": "HIGH"
    },
    {
      "quarter": "2021-03 (Q1)",
      "signal": "FCF TURNED POSITIVE",
      "detail": "FCF margin: -0.8% -> +11.0%",
      "severity": "HIGH"
    }
  ],
  "data_quality": {
    "n_quarters": 20,
    "coverage": {
      "revenue": [
        20,
        20
      ],
      "gross_profit": [
        20,
        20
      ],
      "op_income": [
        20,
        20
      ],
      "fcf": [
        20,
        20
      ]
    },
    "gaps": [],
    "warnings": []
  },
  "market_cap": null,
  "source": "SEC EDGAR",
  "last_updated": "2026-02-02T22:10:55.043680"
}