{
  "ticker": "APLE",
  "name": "APPLE HOSPITALITY REIT, INC.",
  "sector": "Real Estate",
  "industry": "REIT - Hotel & Motel",
  "quarters": [
    {
      "date": "2021-03-31T00:00:00",
      "quarter_label": "2021-03 (Q1)",
      "revenue": 158713000,
      "gross_profit": 54973000,
      "operating_income": -27814000,
      "net_income": -46435000,
      "opex": 191011000,
      "cogs": 103740000,
      "rd": null,
      "sga": null,
      "fcf": -2114000,
      "ocf": -2114000,
      "capex": null,
      "gross_margin": 0.3463673423097037,
      "op_margin": -0.17524714421628979,
      "fcf_margin": -0.013319639853068117
    },
    {
      "date": "2021-06-30T00:00:00",
      "quarter_label": "2021-06 (Q2)",
      "revenue": 247404000,
      "gross_profit": 111994000,
      "operating_income": 38988000,
      "net_income": 20283000,
      "opex": 207552000,
      "cogs": 135410000,
      "rd": null,
      "sga": null,
      "fcf": 51887000,
      "ocf": 51887000,
      "capex": null,
      "gross_margin": 0.45267659374949476,
      "op_margin": 0.15758839792404328,
      "fcf_margin": 0.20972579263067695,
      "op_leverage_ratio": 6.453029752330022,
      "fcf_margin_change": 0.22304543248374506
    },
    {
      "date": "2021-09-30T00:00:00",
      "quarter_label": "2021-09 (Q3)",
      "revenue": 277164000,
      "gross_profit": 123211000,
      "operating_income": 47850000,
      "net_income": 31759000,
      "opex": 229358000,
      "cogs": 153953000,
      "rd": null,
      "sga": null,
      "fcf": 96589000,
      "ocf": 96589000,
      "capex": null,
      "gross_margin": 0.44454185969317805,
      "op_margin": 0.17264146858899423,
      "fcf_margin": 0.3484904244418467,
      "op_leverage_ratio": 1.1449252275100013,
      "fcf_margin_change": 0.13876463181116974
    },
    {
      "date": "2021-12-31T00:00:00",
      "quarter_label": "2021-12 (Q4)",
      "revenue": 250588000,
      "gross_profit": 101513000,
      "operating_income": 28020000,
      "net_income": 13221000,
      "opex": 222500000,
      "cogs": 149075000,
      "rd": null,
      "sga": null,
      "fcf": 71200000,
      "ocf": 71200000,
      "capex": null,
      "gross_margin": 0.40509920666592175,
      "op_margin": 0.11181700640094498,
      "fcf_margin": 0.2841317221894105,
      "fcf_margin_change": -0.06435870225243617
    },
    {
      "date": "2022-03-31T00:00:00",
      "quarter_label": "2022-03 (Q1)",
      "revenue": 260478000,
      "gross_profit": 106476000,
      "operating_income": 32835000,
      "net_income": 18002000,
      "opex": 227643000,
      "cogs": 154002000,
      "rd": null,
      "sga": null,
      "fcf": 39063000,
      "ocf": 39063000,
      "capex": null,
      "gross_margin": 0.4087715661207472,
      "op_margin": 0.12605671112339623,
      "fcf_margin": 0.14996659986639946,
      "incr_op_margin_yoy": 0.595971109910087,
      "rev_growth_yoy": 0.6411888125106324,
      "op_leverage_ratio": 1.7074559671235598,
      "fcf_margin_change": -0.13416512232301106
    },
    {
      "date": "2022-06-30T00:00:00",
      "quarter_label": "2022-06 (Q2)",
      "revenue": 337668000,
      "gross_profit": 155153000,
      "operating_income": 80745000,
      "net_income": 65345000,
      "opex": 256923000,
      "cogs": 182515000,
      "rd": null,
      "sga": null,
      "fcf": 113146000,
      "ocf": 113146000,
      "capex": null,
      "gross_margin": 0.4594838717319971,
      "op_margin": 0.23912541312768756,
      "fcf_margin": 0.33508061172512643,
      "incr_op_margin_yoy": 0.46260967827705396,
      "rev_growth_yoy": 0.36484454576320513,
      "rev_growth_yoy_accel": -0.2763442667474273,
      "op_leverage_ratio": 2.303950903974899,
      "fcf_margin_change": 0.18511401185872697
    },
    {
      "date": "2022-09-30T00:00:00",
      "quarter_label": "2022-09 (Q3)",
      "revenue": 341150000,
      "gross_profit": 148083000,
      "operating_income": 75410000,
      "net_income": 59146000,
      "opex": 267525000,
      "cogs": 193067000,
      "rd": null,
      "sga": null,
      "fcf": 120992000,
      "ocf": 120992000,
      "capex": null,
      "gross_margin": 0.4340700571596072,
      "op_margin": 0.2210464605012458,
      "fcf_margin": 0.35465924080316574,
      "incr_op_margin_yoy": 0.43071921982933764,
      "rev_growth_yoy": 0.2308597076099349,
      "rev_growth_yoy_accel": -0.13398483815327022,
      "op_leverage_ratio": 0.24989297410765818,
      "fcf_margin_change": 0.01957862907803931
    },
    {
      "date": "2022-12-31T00:00:00",
      "quarter_label": "2022-12 (Q4)",
      "revenue": 299121000,
      "gross_profit": 118224000,
      "operating_income": 17488000,
      "net_income": 2312000,
      "opex": 281633000,
      "cogs": 180897000,
      "rd": null,
      "sga": null,
      "fcf": 95245000,
      "ocf": 95245000,
      "capex": null,
      "gross_margin": 0.3952380474791138,
      "op_margin": 0.05846463471304255,
      "fcf_margin": 0.3184162930720344,
      "incr_op_margin_yoy": -0.21700698493808337,
      "rev_growth_yoy": 0.19367647293565535,
      "rev_growth_yoy_accel": -0.03718323467427956,
      "fcf_margin_change": -0.03624294773113135
    },
    {
      "date": "2023-03-31T00:00:00",
      "quarter_label": "2023-03 (Q1)",
      "revenue": 311454000,
      "gross_profit": 126289000,
      "operating_income": 49247000,
      "net_income": 32923000,
      "opex": 262207000,
      "cogs": 185165000,
      "rd": null,
      "sga": null,
      "fcf": 51691000,
      "ocf": 51691000,
      "capex": null,
      "gross_margin": 0.4054820294489716,
      "op_margin": 0.1581196581196581,
      "fcf_margin": 0.16596672381796349,
      "incr_op_margin_yoy": 0.32195543000627747,
      "rev_growth_yoy": 0.19570174832423468,
      "rev_growth_yoy_accel": 0.0020252753885793284,
      "op_leverage_ratio": null,
      "fcf_margin_change": -0.1524495692540709
    },
    {
      "date": "2023-06-30T00:00:00",
      "quarter_label": "2023-06 (Q2)",
      "revenue": 361630000,
      "gross_profit": 161117000,
      "operating_income": 83029000,
      "net_income": 65289000,
      "opex": 278601000,
      "cogs": 200513000,
      "rd": null,
      "sga": null,
      "fcf": 118873000,
      "ocf": 118873000,
      "capex": null,
      "gross_margin": 0.4455299615629234,
      "op_margin": 0.22959654895888063,
      "fcf_margin": 0.32871443187788624,
      "incr_op_margin_yoy": 0.09531758617811535,
      "rev_growth_yoy": 0.07096319461719795,
      "rev_growth_yoy_accel": -0.12473855370703672,
      "op_leverage_ratio": 2.5766858627661358,
      "fcf_margin_change": 0.16274770805992275
    },
    {
      "date": "2023-09-30T00:00:00",
      "quarter_label": "2023-09 (Q3)",
      "revenue": 358260000,
      "gross_profit": 154550000,
      "operating_income": 76295000,
      "net_income": 58512000,
      "opex": 281965000,
      "cogs": 203710000,
      "rd": null,
      "sga": null,
      "fcf": 131600000,
      "ocf": 131600000,
      "capex": null,
      "gross_margin": 0.4313906101713839,
      "op_margin": 0.212959861553062,
      "fcf_margin": 0.36733098866744823,
      "incr_op_margin_yoy": 0.05172413793103448,
      "rev_growth_yoy": 0.05015389125018321,
      "rev_growth_yoy_accel": -0.020809303367014746,
      "fcf_margin_change": 0.038616556789561995
    },
    {
      "date": "2023-12-31T00:00:00",
      "quarter_label": "2023-12 (Q4)",
      "revenue": 312456000,
      "gross_profit": 121119000,
      "operating_income": 38910000,
      "net_income": 20765000,
      "opex": 273546000,
      "cogs": 191337000,
      "rd": null,
      "sga": null,
      "fcf": 96880000,
      "ocf": 96880000,
      "capex": null,
      "gross_margin": 0.38763537906137185,
      "op_margin": 0.12452953375835317,
      "fcf_margin": 0.3100596563996211,
      "incr_op_margin_yoy": 1.6064491938507686,
      "rev_growth_yoy": 0.044580621220175115,
      "rev_growth_yoy_accel": -0.0055732700300080915,
      "fcf_margin_change": -0.05727133226782716
    },
    {
      "date": "2024-03-31T00:00:00",
      "quarter_label": "2024-03 (Q1)",
      "revenue": 329512000,
      "gross_profit": 132248000,
      "operating_income": 71615000,
      "net_income": 54050000,
      "opex": 275663000,
      "cogs": 197264000,
      "rd": null,
      "sga": null,
      "fcf": 54652000,
      "ocf": 54652000,
      "capex": null,
      "gross_margin": 0.40134501930126976,
      "op_margin": 0.2173365461652383,
      "fcf_margin": 0.16585738910874262,
      "incr_op_margin_yoy": 1.2386753793332594,
      "rev_growth_yoy": 0.057979669549917484,
      "rev_growth_yoy_accel": 0.013399048329742369,
      "op_leverage_ratio": 7.053388886262414,
      "fcf_margin_change": -0.14420226729087846
    },
    {
      "date": "2024-06-30T00:00:00",
      "quarter_label": "2024-06 (Q2)",
      "revenue": 390077000,
      "gross_profit": 173786000,
      "operating_income": 93515000,
      "net_income": 73931000,
      "opex": 297011000,
      "cogs": 216291000,
      "rd": null,
      "sga": null,
      "fcf": 127303000,
      "ocf": 127303000,
      "capex": null,
      "gross_margin": 0.4455171671234141,
      "op_margin": 0.23973471904265056,
      "fcf_margin": 0.3263535148188691,
      "incr_op_margin_yoy": 0.36861531971736916,
      "rev_growth_yoy": 0.07866327461770317,
      "rev_growth_yoy_accel": 0.020683605067785688,
      "op_leverage_ratio": 2.3734045494115654,
      "fcf_margin_change": 0.16049612571012647
    },
    {
      "date": "2024-09-30T00:00:00",
      "quarter_label": "2024-09 (Q3)",
      "revenue": 378843000,
      "gross_profit": 158901000,
      "operating_income": 77726000,
      "net_income": 56266000,
      "opex": 301117000,
      "cogs": 219942000,
      "rd": null,
      "sga": null,
      "fcf": 128190000,
      "ocf": 128190000,
      "capex": null,
      "gross_margin": 0.4194376034399474,
      "op_margin": 0.20516678412957345,
      "fcf_margin": 0.33837236005416493,
      "incr_op_margin_yoy": 0.0695233930913861,
      "rev_growth_yoy": 0.05745268799196115,
      "rev_growth_yoy_accel": -0.021210586625742024,
      "fcf_margin_change": 0.012018845235295839
    },
    {
      "date": "2024-12-31T00:00:00",
      "quarter_label": "2024-12 (Q4)",
      "revenue": 333036000,
      "gross_profit": 128662000,
      "operating_income": 49903000,
      "net_income": 29817000,
      "opex": 284662000,
      "cogs": 204374000,
      "rd": null,
      "sga": null,
      "fcf": 95205000,
      "ocf": 95205000,
      "capex": null,
      "gross_margin": 0.386330606901356,
      "op_margin": 0.14984265965240995,
      "fcf_margin": 0.2858699960364645,
      "incr_op_margin_yoy": 0.534159378036929,
      "rev_growth_yoy": 0.06586527383055535,
      "rev_growth_yoy_accel": 0.008412585838594201,
      "fcf_margin_change": -0.05250236401770042
    },
    {
      "date": "2025-03-31T00:00:00",
      "quarter_label": "2025-03 (Q1)",
      "revenue": 327702000,
      "gross_profit": 127832000,
      "operating_income": 50859000,
      "net_income": 31221000,
      "opex": 280400000,
      "cogs": 199870000,
      "rd": null,
      "sga": null,
      "fcf": 49139000,
      "ocf": 49139000,
      "capex": null,
      "gross_margin": 0.3900861148238339,
      "op_margin": 0.15519893073585148,
      "fcf_margin": 0.14995025968715478,
      "incr_op_margin_yoy": 11.467403314917128,
      "rev_growth_yoy": -0.00549297142440943,
      "rev_growth_yoy_accel": -0.07135824525496477,
      "fcf_margin_change": -0.13591973634930973
    },
    {
      "date": "2025-06-30T00:00:00",
      "quarter_label": "2025-06 (Q2)",
      "revenue": 384370000,
      "gross_profit": 163806000,
      "operating_income": 84851000,
      "net_income": 63648000,
      "opex": 299519000,
      "cogs": 220564000,
      "rd": null,
      "sga": null,
      "fcf": 108796000,
      "ocf": 108796000,
      "capex": null,
      "gross_margin": 0.4261674948617218,
      "op_margin": 0.2207534406951635,
      "fcf_margin": 0.28305018601867993,
      "incr_op_margin_yoy": 1.518135622919222,
      "rev_growth_yoy": -0.014630444758342584,
      "rev_growth_yoy_accel": -0.009137473333933156,
      "op_leverage_ratio": 2.536130689211731,
      "fcf_margin_change": 0.13309992633152515
    },
    {
      "date": "2025-09-30T00:00:00",
      "quarter_label": "2025-09 (Q3)",
      "revenue": 373878000,
      "gross_profit": 151918000,
      "operating_income": 72497000,
      "net_income": 50880000,
      "opex": 305761000,
      "cogs": 221960000,
      "rd": null,
      "sga": null,
      "fcf": 126444000,
      "ocf": 126444000,
      "capex": null,
      "gross_margin": 0.40633040724514413,
      "op_margin": 0.19390549858509995,
      "fcf_margin": 0.3381958820791809,
      "incr_op_margin_yoy": 1.0531722054380666,
      "rev_growth_yoy": -0.013105692859575075,
      "rev_growth_yoy_accel": 0.0015247518987675096,
      "fcf_margin_change": 0.05514569606050096
    },
    {
      "date": "2025-12-31T00:00:00",
      "quarter_label": "2025-12 (Q4)",
      "revenue": 326436000,
      "gross_profit": 121508000,
      "operating_income": 49597000,
      "net_income": 29615000,
      "opex": 282018000,
      "cogs": 204928000,
      "rd": null,
      "sga": null,
      "fcf": 85843000,
      "ocf": 85843000,
      "capex": null,
      "gross_margin": 0.3722261025132032,
      "op_margin": 0.1519348356186205,
      "fcf_margin": 0.26297038316852306,
      "incr_op_margin_yoy": 0.046363636363636364,
      "rev_growth_yoy": -0.019817677368212445,
      "rev_growth_yoy_accel": -0.006711984508637371,
      "fcf_margin_change": -0.07522549891065783
    }
  ],
  "signals": [
    {
      "quarter": "2025-09 (Q3)",
      "signal": "FCF MARGIN EXPANSION",
      "detail": "FCF margin: +28.3% -> +33.8% (+5.5%)",
      "severity": "MEDIUM"
    },
    {
      "quarter": "2025-09 (Q3)",
      "signal": "INCREMENTAL MARGIN (YoY)",
      "detail": "YoY Incr OPM: +105.3% vs year-ago OPM: +20.5%",
      "severity": "HIGH"
    },
    {
      "quarter": "2025-06 (Q2)",
      "signal": "FCF MARGIN EXPANSION",
      "detail": "FCF margin: +15.0% -> +28.3% (+13.3%)",
      "severity": "MEDIUM"
    },
    {
      "quarter": "2025-06 (Q2)",
      "signal": "OPERATING LEVERAGE",
      "detail": "Rev growth +17.3% vs OpEx growth +6.8% (leverage: 2.5x)",
      "severity": "MEDIUM"
    },
    {
      "quarter": "2025-06 (Q2)",
      "signal": "INCREMENTAL MARGIN (YoY)",
      "detail": "YoY Incr OPM: +151.8% vs year-ago OPM: +24.0%",
      "severity": "HIGH"
    },
    {
      "quarter": "2025-03 (Q1)",
      "signal": "YoY REVENUE GROWTH DECELERATION",
      "detail": "YoY growth: -0.5% vs prior quarter YoY: +6.6% (decel: -7.1%)",
      "severity": "WARNING"
    },
    {
      "quarter": "2025-03 (Q1)",
      "signal": "INCREMENTAL MARGIN (YoY)",
      "detail": "YoY Incr OPM: +1146.7% vs year-ago OPM: +21.7%",
      "severity": "HIGH"
    },
    {
      "quarter": "2024-12 (Q4)",
      "signal": "INCREMENTAL MARGIN (YoY)",
      "detail": "YoY Incr OPM: +53.4% vs year-ago OPM: +12.5%",
      "severity": "HIGH"
    },
    {
      "quarter": "2024-06 (Q2)",
      "signal": "FCF MARGIN EXPANSION",
      "detail": "FCF margin: +16.6% -> +32.6% (+16.0%)",
      "severity": "MEDIUM"
    },
    {
      "quarter": "2024-06 (Q2)",
      "signal": "OPERATING LEVERAGE",
      "detail": "Rev growth +18.4% vs OpEx growth +7.7% (leverage: 2.4x)",
      "severity": "MEDIUM"
    },
    {
      "quarter": "2024-06 (Q2)",
      "signal": "INCREMENTAL MARGIN (YoY)",
      "detail": "YoY Incr OPM: +36.9% vs year-ago OPM: +23.0%",
      "severity": "MEDIUM"
    },
    {
      "quarter": "2024-03 (Q1)",
      "signal": "OPERATING LEVERAGE",
      "detail": "Rev growth +5.5% vs OpEx growth +0.8% (leverage: 7.1x)",
      "severity": "MEDIUM"
    },
    {
      "quarter": "2024-03 (Q1)",
      "signal": "INCREMENTAL MARGIN (YoY)",
      "detail": "YoY Incr OPM: +123.9% vs year-ago OPM: +15.8%",
      "severity": "HIGH"
    },
    {
      "quarter": "2023-12 (Q4)",
      "signal": "INCREMENTAL MARGIN (YoY)",
      "detail": "YoY Incr OPM: +160.6% vs year-ago OPM: +5.8%",
      "severity": "HIGH"
    },
    {
      "quarter": "2023-06 (Q2)",
      "signal": "FCF MARGIN EXPANSION",
      "detail": "FCF margin: +16.6% -> +32.9% (+16.3%)",
      "severity": "MEDIUM"
    },
    {
      "quarter": "2023-06 (Q2)",
      "signal": "OPERATING LEVERAGE",
      "detail": "Rev growth +16.1% vs OpEx growth +6.3% (leverage: 2.6x)",
      "severity": "MEDIUM"
    },
    {
      "quarter": "2023-06 (Q2)",
      "signal": "YoY REVENUE GROWTH DECELERATION",
      "detail": "YoY growth: +7.1% vs prior quarter YoY: +19.6% (decel: -12.5%)",
      "severity": "WARNING"
    },
    {
      "quarter": "2023-03 (Q1)",
      "signal": "INCREMENTAL MARGIN (YoY)",
      "detail": "YoY Incr OPM: +32.2% vs year-ago OPM: +12.6%",
      "severity": "MEDIUM"
    },
    {
      "quarter": "2022-09 (Q3)",
      "signal": "YoY REVENUE GROWTH DECELERATION",
      "detail": "YoY growth: +23.1% vs prior quarter YoY: +36.5% (decel: -13.4%)",
      "severity": "WARNING"
    },
    {
      "quarter": "2022-09 (Q3)",
      "signal": "INCREMENTAL MARGIN (YoY)",
      "detail": "YoY Incr OPM: +43.1% vs year-ago OPM: +17.3%",
      "severity": "HIGH"
    },
    {
      "quarter": "2022-06 (Q2)",
      "signal": "FCF MARGIN EXPANSION",
      "detail": "FCF margin: +15.0% -> +33.5% (+18.5%)",
      "severity": "MEDIUM"
    },
    {
      "quarter": "2022-06 (Q2)",
      "signal": "OPERATING LEVERAGE",
      "detail": "Rev growth +29.6% vs OpEx growth +12.9% (leverage: 2.3x)",
      "severity": "MEDIUM"
    },
    {
      "quarter": "2022-06 (Q2)",
      "signal": "YoY REVENUE GROWTH DECELERATION",
      "detail": "YoY growth: +36.5% vs prior quarter YoY: +64.1% (decel: -27.6%)",
      "severity": "WARNING"
    },
    {
      "quarter": "2022-06 (Q2)",
      "signal": "INCREMENTAL MARGIN (YoY)",
      "detail": "YoY Incr OPM: +46.3% vs year-ago OPM: +15.8%",
      "severity": "HIGH"
    },
    {
      "quarter": "2022-03 (Q1)",
      "signal": "OPERATING LEVERAGE",
      "detail": "Rev growth +3.9% vs OpEx growth +2.3% (leverage: 1.7x)",
      "severity": "MEDIUM"
    },
    {
      "quarter": "2022-03 (Q1)",
      "signal": "OP MARGIN TURNED POSITIVE (YoY)",
      "detail": "Op margin: -17.5% (year-ago) -> +12.6%",
      "severity": "HIGH"
    },
    {
      "quarter": "2021-09 (Q3)",
      "signal": "FCF MARGIN EXPANSION",
      "detail": "FCF margin: +21.0% -> +34.8% (+13.9%)",
      "severity": "MEDIUM"
    },
    {
      "quarter": "2021-06 (Q2)",
      "signal": "FCF TURNED POSITIVE",
      "detail": "FCF margin: -1.3% -> +21.0%",
      "severity": "HIGH"
    },
    {
      "quarter": "2021-06 (Q2)",
      "signal": "OPERATING LEVERAGE",
      "detail": "Rev growth +55.9% vs OpEx growth +8.7% (leverage: 6.5x)",
      "severity": "MEDIUM"
    },
    {
      "quarter": "2021-06 (Q2)",
      "signal": "OP MARGIN TURNED POSITIVE (QoQ)",
      "detail": "Op margin: -17.5% -> +15.8%",
      "severity": "HIGH"
    }
  ],
  "data_quality": {
    "n_quarters": 20,
    "coverage": {
      "revenue": [
        20,
        20
      ],
      "gross_profit": [
        20,
        20
      ],
      "op_income": [
        20,
        20
      ],
      "fcf": [
        20,
        20
      ]
    },
    "gaps": [],
    "warnings": []
  },
  "market_cap": null,
  "source": "SEC EDGAR",
  "last_updated": "2026-02-24T10:06:30.587554"
}