{
  "ticker": "APLS",
  "name": "Apellis Pharmaceuticals, Inc.",
  "quarters": [
    {
      "date": "2020-09-30T00:00:00",
      "quarter_label": "2020-09 (Q3)",
      "revenue": 646000,
      "gross_profit": null,
      "operating_income": null,
      "net_income": null,
      "opex": null,
      "cogs": null,
      "rd": null,
      "sga": null,
      "fcf": null,
      "ocf": null,
      "capex": null,
      "gross_margin": null,
      "op_margin": null,
      "fcf_margin": null
    },
    {
      "date": "2020-12-31T00:00:00",
      "quarter_label": "2020-12 (Q4)",
      "revenue": 250000000,
      "gross_profit": null,
      "operating_income": 130120000,
      "net_income": 78265000,
      "opex": 119879000,
      "cogs": null,
      "rd": 50337000,
      "sga": null,
      "fcf": 141268000,
      "ocf": 141979000,
      "capex": -711000,
      "gross_margin": null,
      "op_margin": 0.52048,
      "fcf_margin": 0.565072
    },
    {
      "date": "2021-06-30T00:00:00",
      "quarter_label": "2021-06 (Q2)",
      "revenue": 623000,
      "gross_profit": null,
      "operating_income": -194287000,
      "net_income": -219191000,
      "opex": 194910000,
      "cogs": null,
      "rd": 95943000,
      "sga": null,
      "fcf": -128936000,
      "ocf": -128688000,
      "capex": -248000,
      "gross_margin": null,
      "op_margin": -311.85714285714283,
      "fcf_margin": -206.95987158908508,
      "fcf_margin_change": -207.52494358908507
    },
    {
      "date": "2021-09-30T00:00:00",
      "quarter_label": "2021-09 (Q3)",
      "revenue": 5650000,
      "gross_profit": null,
      "operating_income": -127995000,
      "net_income": -195571000,
      "opex": 133645000,
      "cogs": null,
      "rd": 87733000,
      "sga": null,
      "fcf": -168977000,
      "ocf": -168625000,
      "capex": -352000,
      "gross_margin": null,
      "op_margin": -22.653982300884955,
      "fcf_margin": -29.907433628318586,
      "rev_growth_yoy": 7.746130030959752,
      "op_leverage_ratio": Infinity,
      "fcf_margin_change": 177.0524379607665
    },
    {
      "date": "2021-12-31T00:00:00",
      "quarter_label": "2021-12 (Q4)",
      "revenue": 60290000,
      "gross_profit": null,
      "operating_income": -89404000,
      "net_income": -147933000,
      "opex": 149694000,
      "cogs": null,
      "rd": 78181000,
      "sga": null,
      "fcf": -112518000,
      "ocf": -112499000,
      "capex": -19000,
      "gross_margin": null,
      "op_margin": -1.4828993199535578,
      "fcf_margin": -1.8662796483662298,
      "incr_op_margin_yoy": 1.1571556586368668,
      "rev_growth_yoy": -0.75884,
      "rev_growth_yoy_accel": -8.504970030959752,
      "op_leverage_ratio": 80.53172116146513,
      "fcf_margin_change": 28.041153979952355
    },
    {
      "date": "2022-03-31T00:00:00",
      "quarter_label": "2022-03 (Q1)",
      "revenue": 14381000,
      "gross_profit": null,
      "operating_income": -128998000,
      "net_income": -138935000,
      "opex": 143379000,
      "cogs": null,
      "rd": 90945000,
      "sga": null,
      "fcf": -111646000,
      "ocf": -111560000,
      "capex": -86000,
      "gross_margin": null,
      "op_margin": -8.970029900563244,
      "fcf_margin": -7.763437869411028,
      "fcf_margin_change": -5.897158221044799
    },
    {
      "date": "2022-06-30T00:00:00",
      "quarter_label": "2022-06 (Q2)",
      "revenue": 16322000,
      "gross_profit": null,
      "operating_income": -148624000,
      "net_income": -155977000,
      "opex": 164946000,
      "cogs": null,
      "rd": 101661000,
      "sga": null,
      "fcf": -107415000,
      "ocf": -107024000,
      "capex": -391000,
      "gross_margin": null,
      "op_margin": -9.105746844749419,
      "fcf_margin": -6.5809949761058695,
      "incr_op_margin_yoy": 2.9086566023313587,
      "rev_growth_yoy": 25.19903691813804,
      "op_leverage_ratio": 0.8972888225990288,
      "fcf_margin_change": 1.1824428933051587
    },
    {
      "date": "2022-09-30T00:00:00",
      "quarter_label": "2022-09 (Q3)",
      "revenue": 22056000,
      "gross_profit": null,
      "operating_income": -152938000,
      "net_income": -191269000,
      "opex": 174994000,
      "cogs": null,
      "rd": 95207000,
      "sga": null,
      "fcf": -154613000,
      "ocf": -154417000,
      "capex": -196000,
      "gross_margin": null,
      "op_margin": -6.934076895175916,
      "fcf_margin": -7.010019949220167,
      "incr_op_margin_yoy": -1.5203584054614165,
      "rev_growth_yoy": 2.903716814159292,
      "rev_growth_yoy_accel": -22.29532010397875,
      "op_leverage_ratio": 5.766953862240562,
      "fcf_margin_change": -0.42902497311429766
    },
    {
      "date": "2022-12-31T00:00:00",
      "quarter_label": "2022-12 (Q4)",
      "revenue": 22663000,
      "gross_profit": null,
      "operating_income": -164053000,
      "net_income": -165991000,
      "opex": 186716000,
      "cogs": null,
      "rd": 99423000,
      "sga": null,
      "fcf": -141595000,
      "ocf": -140744000,
      "capex": -851000,
      "gross_margin": null,
      "op_margin": -7.238803335833738,
      "fcf_margin": -6.2478489167365305,
      "incr_op_margin_yoy": 1.9839211204720015,
      "rev_growth_yoy": -0.6241001824514845,
      "rev_growth_yoy_accel": -3.5278169966107766,
      "op_leverage_ratio": 0.4108500832086488,
      "fcf_margin_change": 0.7621710324836366
    },
    {
      "date": "2023-03-31T00:00:00",
      "quarter_label": "2023-03 (Q1)",
      "revenue": 44846000,
      "gross_profit": null,
      "operating_income": -175083000,
      "net_income": -177778000,
      "opex": 219929000,
      "cogs": null,
      "rd": 110027000,
      "sga": 102093000,
      "fcf": -177879000,
      "ocf": -177620000,
      "capex": -259000,
      "gross_margin": null,
      "op_margin": -3.9040940106141018,
      "fcf_margin": -3.9664407082014,
      "incr_op_margin_yoy": -1.512719514196619,
      "rev_growth_yoy": 2.1184201376816634,
      "rev_growth_yoy_accel": 2.742520320133148,
      "op_leverage_ratio": 5.5027060006262545,
      "fcf_margin_change": 2.2814082085351304
    },
    {
      "date": "2023-06-30T00:00:00",
      "quarter_label": "2023-06 (Q2)",
      "revenue": 94969000,
      "gross_profit": null,
      "operating_income": -120441000,
      "net_income": -122037000,
      "opex": 215410000,
      "cogs": null,
      "rd": 95658000,
      "sga": 111373000,
      "fcf": -150527000,
      "ocf": -150155000,
      "capex": -372000,
      "gross_margin": null,
      "op_margin": -1.2682138381998336,
      "fcf_margin": -1.5850119512683085,
      "incr_op_margin_yoy": 0.3583480615916691,
      "rev_growth_yoy": 4.818465874280113,
      "rev_growth_yoy_accel": 2.7000457365984496,
      "op_leverage_ratio": Infinity,
      "fcf_margin_change": 2.381428756933092
    },
    {
      "date": "2023-09-30T00:00:00",
      "quarter_label": "2023-09 (Q3)",
      "revenue": 110399000,
      "gross_profit": null,
      "operating_income": -137080000,
      "net_income": -140237000,
      "opex": 247479000,
      "cogs": null,
      "rd": 79421000,
      "sga": 145648000,
      "fcf": -169132000,
      "ocf": -169085000,
      "capex": -47000,
      "gross_margin": null,
      "op_margin": -1.2416779137492187,
      "fcf_margin": -1.5320066304948414,
      "incr_op_margin_yoy": 0.17950488437114429,
      "rev_growth_yoy": 4.0053953572723975,
      "rev_growth_yoy_accel": -0.8130705170077155,
      "op_leverage_ratio": 1.0913511342238122,
      "fcf_margin_change": 0.05300532077346709
    },
    {
      "date": "2023-12-31T00:00:00",
      "quarter_label": "2023-12 (Q4)",
      "revenue": 146377000,
      "gross_profit": null,
      "operating_income": -84518000,
      "net_income": -88576000,
      "opex": 230895000,
      "cogs": null,
      "rd": 69282000,
      "sga": 141701000,
      "fcf": -97970000,
      "ocf": -97875000,
      "capex": -95000,
      "gross_margin": null,
      "op_margin": -0.5773994548323849,
      "fcf_margin": -0.6692991385258613,
      "incr_op_margin_yoy": 0.6428940944436361,
      "rev_growth_yoy": 5.458853638088514,
      "rev_growth_yoy_accel": 1.4534582808161165,
      "op_leverage_ratio": Infinity,
      "fcf_margin_change": 0.8627074919689801
    },
    {
      "date": "2024-03-31T00:00:00",
      "quarter_label": "2024-03 (Q1)",
      "revenue": 172325000,
      "gross_profit": null,
      "operating_income": -62090000,
      "net_income": -66423000,
      "opex": 234415000,
      "cogs": null,
      "rd": 84701000,
      "sga": 129505000,
      "fcf": -133276000,
      "ocf": -132983000,
      "capex": -293000,
      "gross_margin": null,
      "op_margin": -0.36030755839257217,
      "fcf_margin": -0.7733991005367764,
      "incr_op_margin_yoy": 0.886365597470956,
      "rev_growth_yoy": 2.8425946572715515,
      "rev_growth_yoy_accel": -2.6162589808169625,
      "op_leverage_ratio": 11.627943481247364,
      "fcf_margin_change": -0.10409996201091509
    },
    {
      "date": "2024-06-30T00:00:00",
      "quarter_label": "2024-06 (Q2)",
      "revenue": 199685000,
      "gross_profit": null,
      "operating_income": -29443000,
      "net_income": -37657000,
      "opex": 229128000,
      "cogs": null,
      "rd": 77947000,
      "sga": 128081000,
      "fcf": -8429000,
      "ocf": -8339000,
      "capex": -90000,
      "gross_margin": null,
      "op_margin": -0.1474472293862834,
      "fcf_margin": -0.04221148308586023,
      "incr_op_margin_yoy": 0.8689980518736392,
      "rev_growth_yoy": 1.1026334909286188,
      "rev_growth_yoy_accel": -1.7399611663429326,
      "op_leverage_ratio": Infinity,
      "fcf_margin_change": 0.7311876174509162
    },
    {
      "date": "2024-09-30T00:00:00",
      "quarter_label": "2024-09 (Q3)",
      "revenue": 196830000,
      "gross_profit": null,
      "operating_income": -47280000,
      "net_income": -57445000,
      "opex": 244110000,
      "cogs": null,
      "rd": 88569000,
      "sga": 121984000,
      "fcf": 34096000,
      "ocf": 34096000,
      "capex": null,
      "gross_margin": null,
      "op_margin": -0.24020728547477518,
      "fcf_margin": 0.17322562617487172,
      "incr_op_margin_yoy": 1.038979070009603,
      "rev_growth_yoy": 0.7828965842081903,
      "rev_growth_yoy_accel": -0.31973690672042854,
      "fcf_margin_change": 0.21543710926073195
    },
    {
      "date": "2024-12-31T00:00:00",
      "quarter_label": "2024-12 (Q4)",
      "revenue": 212528000,
      "gross_profit": null,
      "operating_income": -26164000,
      "net_income": -36353000,
      "opex": 238692000,
      "cogs": null,
      "rd": 76354000,
      "sga": 121482000,
      "fcf": 19340000,
      "ocf": 19360000,
      "capex": -20000,
      "gross_margin": null,
      "op_margin": -0.12310848452909734,
      "fcf_margin": 0.09099977414740645,
      "incr_op_margin_yoy": 0.8821333010838839,
      "rev_growth_yoy": 0.4519220915854267,
      "rev_growth_yoy_accel": -0.3309744926227636,
      "op_leverage_ratio": Infinity,
      "fcf_margin_change": -0.08222585202746527
    },
    {
      "date": "2025-03-31T00:00:00",
      "quarter_label": "2025-03 (Q1)",
      "revenue": 166797000,
      "gross_profit": null,
      "operating_income": -83328000,
      "net_income": -92225000,
      "opex": 250125000,
      "cogs": null,
      "rd": 86420000,
      "sga": 129345000,
      "fcf": -53418000,
      "ocf": -53410000,
      "capex": -8000,
      "gross_margin": null,
      "op_margin": -0.49957733052752745,
      "fcf_margin": -0.32025755858918326,
      "incr_op_margin_yoy": 3.8418958031837915,
      "rev_growth_yoy": -0.03207892064413173,
      "rev_growth_yoy_accel": -0.4840010122295584,
      "fcf_margin_change": -0.4112573327365897
    },
    {
      "date": "2025-06-30T00:00:00",
      "quarter_label": "2025-06 (Q2)",
      "revenue": 178494000,
      "gross_profit": null,
      "operating_income": -33286000,
      "net_income": -42151000,
      "opex": 211780000,
      "cogs": null,
      "rd": 67015000,
      "sga": 131139000,
      "fcf": 4396000,
      "ocf": 4445000,
      "capex": -49000,
      "gross_margin": null,
      "op_margin": -0.18648245879413314,
      "fcf_margin": 0.02462827882169709,
      "incr_op_margin_yoy": 0.18135057335661367,
      "rev_growth_yoy": -0.10612214237423943,
      "rev_growth_yoy_accel": -0.0740432217301077,
      "op_leverage_ratio": Infinity,
      "fcf_margin_change": 0.34488583741088036
    },
    {
      "date": "2025-09-30T00:00:00",
      "quarter_label": "2025-09 (Q3)",
      "revenue": 458578000,
      "gross_profit": null,
      "operating_income": 223183000,
      "net_income": 215715000,
      "opex": 235395000,
      "cogs": null,
      "rd": 68186000,
      "sga": 142678000,
      "fcf": 108320000,
      "ocf": 108468000,
      "capex": -148000,
      "gross_margin": null,
      "op_margin": 0.4866849260104061,
      "fcf_margin": 0.23620845308758814,
      "incr_op_margin_yoy": 1.0332953833458136,
      "rev_growth_yoy": 1.3298176091043032,
      "rev_growth_yoy_accel": 1.4359397514785426,
      "op_leverage_ratio": 14.072189413038153,
      "fcf_margin_change": 0.21158017426589104
    }
  ],
  "signals": [
    {
      "quarter": "2025-09 (Q3)",
      "signal": "FCF MARGIN EXPANSION",
      "detail": "FCF margin: +2.5% -> +23.6% (+21.2%)",
      "severity": "MEDIUM"
    },
    {
      "quarter": "2025-09 (Q3)",
      "signal": "OPERATING LEVERAGE",
      "detail": "Rev growth +156.9% vs OpEx growth +11.2% (leverage: 14.1x)",
      "severity": "MEDIUM"
    },
    {
      "quarter": "2025-09 (Q3)",
      "signal": "YoY REVENUE GROWTH ACCELERATION",
      "detail": "YoY growth: +133.0% vs prior quarter YoY: -10.6% (accel: +143.6%)",
      "severity": "HIGH"
    },
    {
      "quarter": "2025-09 (Q3)",
      "signal": "OP MARGIN TURNED POSITIVE (YoY)",
      "detail": "Op margin: -24.0% (year-ago) -> +48.7%",
      "severity": "HIGH"
    },
    {
      "quarter": "2025-09 (Q3)",
      "signal": "OP MARGIN TURNED POSITIVE (QoQ)",
      "detail": "Op margin: -18.6% -> +48.7%",
      "severity": "HIGH"
    },
    {
      "quarter": "2025-06 (Q2)",
      "signal": "FCF TURNED POSITIVE",
      "detail": "FCF margin: -32.0% -> +2.5%",
      "severity": "HIGH"
    },
    {
      "quarter": "2025-06 (Q2)",
      "signal": "YoY REVENUE GROWTH DECELERATION",
      "detail": "YoY growth: -10.6% vs prior quarter YoY: -3.2% (decel: -7.4%)",
      "severity": "WARNING"
    },
    {
      "quarter": "2025-03 (Q1)",
      "signal": "YoY REVENUE GROWTH DECELERATION",
      "detail": "YoY growth: -3.2% vs prior quarter YoY: +45.2% (decel: -48.4%)",
      "severity": "WARNING"
    },
    {
      "quarter": "2024-12 (Q4)",
      "signal": "YoY REVENUE GROWTH DECELERATION",
      "detail": "YoY growth: +45.2% vs prior quarter YoY: +78.3% (decel: -33.1%)",
      "severity": "WARNING"
    },
    {
      "quarter": "2024-09 (Q3)",
      "signal": "FCF TURNED POSITIVE",
      "detail": "FCF margin: -4.2% -> +17.3%",
      "severity": "HIGH"
    },
    {
      "quarter": "2024-09 (Q3)",
      "signal": "YoY REVENUE GROWTH DECELERATION",
      "detail": "YoY growth: +78.3% vs prior quarter YoY: +110.3% (decel: -32.0%)",
      "severity": "WARNING"
    },
    {
      "quarter": "2024-06 (Q2)",
      "signal": "FCF MARGIN EXPANSION",
      "detail": "FCF margin: -77.3% -> -4.2% (+73.1%)",
      "severity": "MEDIUM"
    },
    {
      "quarter": "2024-06 (Q2)",
      "signal": "YoY REVENUE GROWTH DECELERATION",
      "detail": "YoY growth: +110.3% vs prior quarter YoY: +284.3% (decel: -174.0%)",
      "severity": "WARNING"
    },
    {
      "quarter": "2024-03 (Q1)",
      "signal": "OPERATING LEVERAGE",
      "detail": "Rev growth +17.7% vs OpEx growth +1.5% (leverage: 11.6x)",
      "severity": "MEDIUM"
    },
    {
      "quarter": "2024-03 (Q1)",
      "signal": "YoY REVENUE GROWTH DECELERATION",
      "detail": "YoY growth: +284.3% vs prior quarter YoY: +545.9% (decel: -261.6%)",
      "severity": "WARNING"
    },
    {
      "quarter": "2023-12 (Q4)",
      "signal": "FCF MARGIN EXPANSION",
      "detail": "FCF margin: -153.2% -> -66.9% (+86.3%)",
      "severity": "MEDIUM"
    },
    {
      "quarter": "2023-12 (Q4)",
      "signal": "YoY REVENUE GROWTH ACCELERATION",
      "detail": "YoY growth: +545.9% vs prior quarter YoY: +400.5% (accel: +145.3%)",
      "severity": "HIGH"
    },
    {
      "quarter": "2023-09 (Q3)",
      "signal": "FCF MARGIN EXPANSION",
      "detail": "FCF margin: -158.5% -> -153.2% (+5.3%)",
      "severity": "MEDIUM"
    },
    {
      "quarter": "2023-09 (Q3)",
      "signal": "YoY REVENUE GROWTH DECELERATION",
      "detail": "YoY growth: +400.5% vs prior quarter YoY: +481.8% (decel: -81.3%)",
      "severity": "WARNING"
    },
    {
      "quarter": "2023-06 (Q2)",
      "signal": "FCF MARGIN EXPANSION",
      "detail": "FCF margin: -396.6% -> -158.5% (+238.1%)",
      "severity": "MEDIUM"
    },
    {
      "quarter": "2023-06 (Q2)",
      "signal": "YoY REVENUE GROWTH ACCELERATION",
      "detail": "YoY growth: +481.8% vs prior quarter YoY: +211.8% (accel: +270.0%)",
      "severity": "HIGH"
    },
    {
      "quarter": "2023-03 (Q1)",
      "signal": "FCF MARGIN EXPANSION",
      "detail": "FCF margin: -624.8% -> -396.6% (+228.1%)",
      "severity": "MEDIUM"
    },
    {
      "quarter": "2023-03 (Q1)",
      "signal": "OPERATING LEVERAGE",
      "detail": "Rev growth +97.9% vs OpEx growth +17.8% (leverage: 5.5x)",
      "severity": "MEDIUM"
    },
    {
      "quarter": "2023-03 (Q1)",
      "signal": "YoY REVENUE GROWTH ACCELERATION",
      "detail": "YoY growth: +211.8% vs prior quarter YoY: -62.4% (accel: +274.3%)",
      "severity": "HIGH"
    },
    {
      "quarter": "2022-12 (Q4)",
      "signal": "FCF MARGIN EXPANSION",
      "detail": "FCF margin: -701.0% -> -624.8% (+76.2%)",
      "severity": "MEDIUM"
    },
    {
      "quarter": "2022-12 (Q4)",
      "signal": "YoY REVENUE GROWTH DECELERATION",
      "detail": "YoY growth: -62.4% vs prior quarter YoY: +290.4% (decel: -352.8%)",
      "severity": "WARNING"
    },
    {
      "quarter": "2022-09 (Q3)",
      "signal": "OPERATING LEVERAGE",
      "detail": "Rev growth +35.1% vs OpEx growth +6.1% (leverage: 5.8x)",
      "severity": "MEDIUM"
    },
    {
      "quarter": "2022-09 (Q3)",
      "signal": "YoY REVENUE GROWTH DECELERATION",
      "detail": "YoY growth: +290.4% vs prior quarter YoY: +2519.9% (decel: -2229.5%)",
      "severity": "WARNING"
    },
    {
      "quarter": "2022-06 (Q2)",
      "signal": "FCF MARGIN EXPANSION",
      "detail": "FCF margin: -776.3% -> -658.1% (+118.2%)",
      "severity": "MEDIUM"
    },
    {
      "quarter": "2021-12 (Q4)",
      "signal": "FCF MARGIN EXPANSION",
      "detail": "FCF margin: -2990.7% -> -186.6% (+2804.1%)",
      "severity": "MEDIUM"
    },
    {
      "quarter": "2021-12 (Q4)",
      "signal": "OPERATING LEVERAGE",
      "detail": "Rev growth +967.1% vs OpEx growth +12.0% (leverage: 80.5x)",
      "severity": "MEDIUM"
    },
    {
      "quarter": "2021-12 (Q4)",
      "signal": "YoY REVENUE GROWTH DECELERATION",
      "detail": "YoY growth: -75.9% vs prior quarter YoY: +774.6% (decel: -850.5%)",
      "severity": "WARNING"
    },
    {
      "quarter": "2021-09 (Q3)",
      "signal": "FCF MARGIN EXPANSION",
      "detail": "FCF margin: -20696.0% -> -2990.7% (+17705.2%)",
      "severity": "MEDIUM"
    }
  ],
  "data_quality": {
    "n_quarters": 20,
    "coverage": {
      "revenue": [
        20,
        20
      ],
      "gross_profit": [
        0,
        20
      ],
      "op_income": [
        19,
        20
      ],
      "fcf": [
        19,
        20
      ]
    },
    "gaps": [
      [
        "2020-12 (Q4)",
        "2021-06 (Q2)",
        181
      ]
    ],
    "warnings": [
      "gross_profit: no data",
      "gap: 1Q missing between 2020-12 (Q4) and 2021-06 (Q2)"
    ]
  },
  "market_cap": null,
  "source": "SEC EDGAR",
  "last_updated": "2026-02-02T21:25:59.323700",
  "sector": "Healthcare",
  "industry": "Biotechnology"
}