{
  "ticker": "APO-PA",
  "name": "APOLLO GLOBAL MANAGEMENT, INC.",
  "quarters": [
    {
      "date": "2021-03-31T00:00:00",
      "quarter_label": "2021-03 (Q1)",
      "revenue": 2295000000,
      "gross_profit": null,
      "operating_income": null,
      "net_income": 679000000,
      "opex": 1022000000,
      "cogs": null,
      "rd": null,
      "sga": null,
      "fcf": -229000000,
      "ocf": -229000000,
      "capex": null,
      "gross_margin": null,
      "op_margin": null,
      "fcf_margin": -0.09978213507625272
    },
    {
      "date": "2021-06-30T00:00:00",
      "quarter_label": "2021-06 (Q2)",
      "revenue": 1383000000,
      "gross_profit": null,
      "operating_income": null,
      "net_income": 658000000,
      "opex": 747000000,
      "cogs": null,
      "rd": null,
      "sga": null,
      "fcf": 1322000000,
      "ocf": 1322000000,
      "capex": null,
      "gross_margin": null,
      "op_margin": null,
      "fcf_margin": 0.9558929862617498,
      "fcf_margin_change": 1.0556751213380025
    },
    {
      "date": "2021-09-30T00:00:00",
      "quarter_label": "2021-09 (Q3)",
      "revenue": 1078000000,
      "gross_profit": null,
      "operating_income": null,
      "net_income": 258000000,
      "opex": 648000000,
      "cogs": null,
      "rd": null,
      "sga": null,
      "fcf": 1044000000,
      "ocf": 1044000000,
      "capex": null,
      "gross_margin": null,
      "op_margin": null,
      "fcf_margin": 0.9684601113172542,
      "fcf_margin_change": 0.012567125055504391
    },
    {
      "date": "2021-12-31T00:00:00",
      "quarter_label": "2021-12 (Q4)",
      "revenue": 1195000000,
      "gross_profit": null,
      "operating_income": null,
      "net_income": 244000000,
      "opex": 1696000000,
      "cogs": null,
      "rd": null,
      "sga": null,
      "fcf": -1073000000,
      "ocf": -1073000000,
      "capex": null,
      "gross_margin": null,
      "op_margin": null,
      "fcf_margin": -0.897907949790795,
      "op_leverage_ratio": 0.06710900876658783,
      "fcf_margin_change": -1.8663680611080493
    },
    {
      "date": "2022-03-31T00:00:00",
      "quarter_label": "2022-03 (Q1)",
      "revenue": 875000000,
      "gross_profit": null,
      "operating_income": null,
      "net_income": -870000000,
      "opex": 3391000000,
      "cogs": null,
      "rd": null,
      "sga": null,
      "fcf": -3993000000,
      "ocf": -3993000000,
      "capex": null,
      "gross_margin": null,
      "op_margin": null,
      "fcf_margin": -4.563428571428571,
      "rev_growth_yoy": -0.6187363834422658,
      "fcf_margin_change": -3.6655206216377763
    },
    {
      "date": "2022-06-30T00:00:00",
      "quarter_label": "2022-06 (Q2)",
      "revenue": 2272000000,
      "gross_profit": null,
      "operating_income": null,
      "net_income": -2051000000,
      "opex": 5941000000,
      "cogs": null,
      "rd": null,
      "sga": null,
      "fcf": 3973000000,
      "ocf": 3973000000,
      "capex": null,
      "gross_margin": null,
      "op_margin": null,
      "fcf_margin": 1.7486795774647887,
      "rev_growth_yoy": 0.6428054953000724,
      "rev_growth_yoy_accel": 1.2615418787423383,
      "op_leverage_ratio": 2.1231269467787115,
      "fcf_margin_change": 6.31210814889336
    },
    {
      "date": "2022-09-30T00:00:00",
      "quarter_label": "2022-09 (Q3)",
      "revenue": 2979000000,
      "gross_profit": null,
      "operating_income": null,
      "net_income": -876000000,
      "opex": 4435000000,
      "cogs": null,
      "rd": null,
      "sga": null,
      "fcf": 2344000000,
      "ocf": 2344000000,
      "capex": null,
      "gross_margin": null,
      "op_margin": null,
      "fcf_margin": 0.7868412218865392,
      "rev_growth_yoy": 1.7634508348794062,
      "rev_growth_yoy_accel": 1.1206453395793339,
      "op_leverage_ratio": Infinity,
      "fcf_margin_change": -0.9618383555782496
    },
    {
      "date": "2022-12-31T00:00:00",
      "quarter_label": "2022-12 (Q4)",
      "revenue": 4841000000,
      "gross_profit": null,
      "operating_income": null,
      "net_income": 640000000,
      "opex": 3653000000,
      "cogs": null,
      "rd": null,
      "sga": null,
      "fcf": 1465000000,
      "ocf": 1465000000,
      "capex": null,
      "gross_margin": null,
      "op_margin": null,
      "fcf_margin": 0.3026234249122082,
      "rev_growth_yoy": 3.0510460251046023,
      "rev_growth_yoy_accel": 1.287595190225196,
      "op_leverage_ratio": Infinity,
      "fcf_margin_change": -0.4842177969743309
    },
    {
      "date": "2023-03-31T00:00:00",
      "quarter_label": "2023-03 (Q1)",
      "revenue": 5301000000,
      "gross_profit": null,
      "operating_income": null,
      "net_income": 1010000000,
      "opex": 3574000000,
      "cogs": null,
      "rd": null,
      "sga": null,
      "fcf": 1071000000,
      "ocf": 1071000000,
      "capex": null,
      "gross_margin": null,
      "op_margin": null,
      "fcf_margin": 0.20203735144312393,
      "rev_growth_yoy": 5.058285714285715,
      "rev_growth_yoy_accel": 2.0072396891811124,
      "op_leverage_ratio": Infinity,
      "fcf_margin_change": -0.1005860734690843
    },
    {
      "date": "2023-06-30T00:00:00",
      "quarter_label": "2023-06 (Q2)",
      "revenue": 13702000000,
      "gross_profit": null,
      "operating_income": null,
      "net_income": 599000000,
      "opex": 12831000000,
      "cogs": null,
      "rd": null,
      "sga": null,
      "fcf": 3551000000,
      "ocf": 3551000000,
      "capex": null,
      "gross_margin": null,
      "op_margin": null,
      "fcf_margin": 0.25915924682528096,
      "rev_growth_yoy": 5.03080985915493,
      "rev_growth_yoy_accel": -0.027475855130784765,
      "op_leverage_ratio": 0.6118676114866765,
      "fcf_margin_change": 0.057121895382157034
    },
    {
      "date": "2023-09-30T00:00:00",
      "quarter_label": "2023-09 (Q3)",
      "revenue": 2595000000,
      "gross_profit": null,
      "operating_income": null,
      "net_income": 682000000,
      "opex": 1751000000,
      "cogs": null,
      "rd": null,
      "sga": null,
      "fcf": -364000000,
      "ocf": -364000000,
      "capex": null,
      "gross_margin": null,
      "op_margin": null,
      "fcf_margin": -0.14026974951830443,
      "rev_growth_yoy": -0.12890231621349446,
      "rev_growth_yoy_accel": -5.1597121753684245,
      "fcf_margin_change": -0.3994289963435854
    },
    {
      "date": "2023-12-31T00:00:00",
      "quarter_label": "2023-12 (Q4)",
      "revenue": 11046000000,
      "gross_profit": null,
      "operating_income": null,
      "net_income": 2756000000,
      "opex": 9175000000,
      "cogs": null,
      "rd": null,
      "sga": null,
      "fcf": 2064000000,
      "ocf": 2064000000,
      "capex": null,
      "gross_margin": null,
      "op_margin": null,
      "fcf_margin": 0.1868549701249321,
      "rev_growth_yoy": 1.2817599669489774,
      "rev_growth_yoy_accel": 1.410662283162472,
      "op_leverage_ratio": 0.7681020467909109,
      "fcf_margin_change": 0.32712471964323653
    },
    {
      "date": "2024-03-31T00:00:00",
      "quarter_label": "2024-03 (Q1)",
      "revenue": 7040000000,
      "gross_profit": null,
      "operating_income": null,
      "net_income": 1427000000,
      "opex": 4891000000,
      "cogs": null,
      "rd": null,
      "sga": null,
      "fcf": 70000000,
      "ocf": 70000000,
      "capex": null,
      "gross_margin": null,
      "op_margin": null,
      "fcf_margin": 0.009943181818181818,
      "rev_growth_yoy": 0.32805131107338237,
      "rev_growth_yoy_accel": -0.9537086558755951,
      "fcf_margin_change": -0.17691178830675028
    },
    {
      "date": "2024-06-30T00:00:00",
      "quarter_label": "2024-06 (Q2)",
      "revenue": 6018000000,
      "gross_profit": null,
      "operating_income": null,
      "net_income": 853000000,
      "opex": 4584000000,
      "cogs": null,
      "rd": null,
      "sga": null,
      "fcf": 1333000000,
      "ocf": 1333000000,
      "capex": null,
      "gross_margin": null,
      "op_margin": null,
      "fcf_margin": 0.22150216018610835,
      "rev_growth_yoy": -0.5607940446650124,
      "rev_growth_yoy_accel": -0.8888453557383947,
      "fcf_margin_change": 0.21155897836792653
    },
    {
      "date": "2024-09-30T00:00:00",
      "quarter_label": "2024-09 (Q3)",
      "revenue": 7773000000,
      "gross_profit": null,
      "operating_income": null,
      "net_income": 811000000,
      "opex": 5816000000,
      "cogs": null,
      "rd": null,
      "sga": null,
      "fcf": 1854000000,
      "ocf": 1854000000,
      "capex": null,
      "gross_margin": null,
      "op_margin": null,
      "fcf_margin": 0.23851794673871093,
      "rev_growth_yoy": 1.9953757225433526,
      "rev_growth_yoy_accel": 2.556169767208365,
      "op_leverage_ratio": 1.085072703966024,
      "fcf_margin_change": 0.01701578655260258
    },
    {
      "date": "2024-12-31T00:00:00",
      "quarter_label": "2024-12 (Q4)",
      "revenue": 5283000000,
      "gross_profit": null,
      "operating_income": null,
      "net_income": 1486000000,
      "opex": 3691000000,
      "cogs": null,
      "rd": null,
      "sga": null,
      "fcf": -4000000,
      "ocf": -4000000,
      "capex": null,
      "gross_margin": null,
      "op_margin": null,
      "fcf_margin": -0.0007571455612341472,
      "rev_growth_yoy": -0.5217273221075502,
      "rev_growth_yoy_accel": -2.517103044650903,
      "fcf_margin_change": -0.2392750922999451
    },
    {
      "date": "2025-03-31T00:00:00",
      "quarter_label": "2025-03 (Q1)",
      "revenue": 5548000000,
      "gross_profit": null,
      "operating_income": null,
      "net_income": 442000000,
      "opex": 4342000000,
      "cogs": null,
      "rd": null,
      "sga": null,
      "fcf": 1012000000,
      "ocf": 1012000000,
      "capex": null,
      "gross_margin": null,
      "op_margin": null,
      "fcf_margin": 0.18240807498197548,
      "rev_growth_yoy": -0.2119318181818182,
      "rev_growth_yoy_accel": 0.3097955039257321,
      "op_leverage_ratio": 0.2843991669072726,
      "fcf_margin_change": 0.18316522054320963
    },
    {
      "date": "2025-06-30T00:00:00",
      "quarter_label": "2025-06 (Q2)",
      "revenue": 6814000000,
      "gross_profit": null,
      "operating_income": null,
      "net_income": 630000000,
      "opex": 5718000000,
      "cogs": null,
      "rd": null,
      "sga": null,
      "fcf": 1262000000,
      "ocf": 1262000000,
      "capex": null,
      "gross_margin": null,
      "op_margin": null,
      "fcf_margin": 0.18520692691517465,
      "rev_growth_yoy": 0.13226985709538053,
      "rev_growth_yoy_accel": 0.3442016752771987,
      "op_leverage_ratio": 0.7200599210274811,
      "fcf_margin_change": 0.0027988519331991757
    },
    {
      "date": "2025-09-30T00:00:00",
      "quarter_label": "2025-09 (Q3)",
      "revenue": 9823000000,
      "gross_profit": null,
      "operating_income": null,
      "net_income": 1736000000,
      "opex": 7070000000,
      "cogs": null,
      "rd": null,
      "sga": null,
      "fcf": 303000000,
      "ocf": 303000000,
      "capex": null,
      "gross_margin": null,
      "op_margin": null,
      "fcf_margin": 0.030845973735111474,
      "rev_growth_yoy": 0.2637334362536987,
      "rev_growth_yoy_accel": 0.1314635791583182,
      "op_leverage_ratio": 1.8676157076537516,
      "fcf_margin_change": -0.15436095318006318
    }
  ],
  "signals": [
    {
      "quarter": "2025-09 (Q3)",
      "signal": "OPERATING LEVERAGE",
      "detail": "Rev growth +44.2% vs OpEx growth +23.6% (leverage: 1.9x)",
      "severity": "MEDIUM"
    },
    {
      "quarter": "2025-09 (Q3)",
      "signal": "YoY REVENUE GROWTH ACCELERATION",
      "detail": "YoY growth: +26.4% vs prior quarter YoY: +13.2% (accel: +13.1%)",
      "severity": "MEDIUM"
    },
    {
      "quarter": "2025-06 (Q2)",
      "signal": "YoY REVENUE GROWTH ACCELERATION",
      "detail": "YoY growth: +13.2% vs prior quarter YoY: -21.2% (accel: +34.4%)",
      "severity": "HIGH"
    },
    {
      "quarter": "2025-03 (Q1)",
      "signal": "FCF TURNED POSITIVE",
      "detail": "FCF margin: -0.1% -> +18.2%",
      "severity": "HIGH"
    },
    {
      "quarter": "2025-03 (Q1)",
      "signal": "YoY REVENUE GROWTH ACCELERATION",
      "detail": "YoY growth: -21.2% vs prior quarter YoY: -52.2% (accel: +31.0%)",
      "severity": "HIGH"
    },
    {
      "quarter": "2024-12 (Q4)",
      "signal": "YoY REVENUE GROWTH DECELERATION",
      "detail": "YoY growth: -52.2% vs prior quarter YoY: +199.5% (decel: -251.7%)",
      "severity": "WARNING"
    },
    {
      "quarter": "2024-09 (Q3)",
      "signal": "YoY REVENUE GROWTH ACCELERATION",
      "detail": "YoY growth: +199.5% vs prior quarter YoY: -56.1% (accel: +255.6%)",
      "severity": "HIGH"
    },
    {
      "quarter": "2024-06 (Q2)",
      "signal": "FCF MARGIN EXPANSION",
      "detail": "FCF margin: +1.0% -> +22.2% (+21.2%)",
      "severity": "MEDIUM"
    },
    {
      "quarter": "2024-06 (Q2)",
      "signal": "YoY REVENUE GROWTH DECELERATION",
      "detail": "YoY growth: -56.1% vs prior quarter YoY: +32.8% (decel: -88.9%)",
      "severity": "WARNING"
    },
    {
      "quarter": "2024-03 (Q1)",
      "signal": "YoY REVENUE GROWTH DECELERATION",
      "detail": "YoY growth: +32.8% vs prior quarter YoY: +128.2% (decel: -95.4%)",
      "severity": "WARNING"
    },
    {
      "quarter": "2023-12 (Q4)",
      "signal": "FCF TURNED POSITIVE",
      "detail": "FCF margin: -14.0% -> +18.7%",
      "severity": "HIGH"
    },
    {
      "quarter": "2023-12 (Q4)",
      "signal": "YoY REVENUE GROWTH ACCELERATION",
      "detail": "YoY growth: +128.2% vs prior quarter YoY: -12.9% (accel: +141.1%)",
      "severity": "HIGH"
    },
    {
      "quarter": "2023-09 (Q3)",
      "signal": "YoY REVENUE GROWTH DECELERATION",
      "detail": "YoY growth: -12.9% vs prior quarter YoY: +503.1% (decel: -516.0%)",
      "severity": "WARNING"
    },
    {
      "quarter": "2023-06 (Q2)",
      "signal": "FCF MARGIN EXPANSION",
      "detail": "FCF margin: +20.2% -> +25.9% (+5.7%)",
      "severity": "MEDIUM"
    },
    {
      "quarter": "2023-03 (Q1)",
      "signal": "YoY REVENUE GROWTH ACCELERATION",
      "detail": "YoY growth: +505.8% vs prior quarter YoY: +305.1% (accel: +200.7%)",
      "severity": "HIGH"
    },
    {
      "quarter": "2022-12 (Q4)",
      "signal": "YoY REVENUE GROWTH ACCELERATION",
      "detail": "YoY growth: +305.1% vs prior quarter YoY: +176.3% (accel: +128.8%)",
      "severity": "HIGH"
    },
    {
      "quarter": "2022-09 (Q3)",
      "signal": "YoY REVENUE GROWTH ACCELERATION",
      "detail": "YoY growth: +176.3% vs prior quarter YoY: +64.3% (accel: +112.1%)",
      "severity": "HIGH"
    },
    {
      "quarter": "2022-06 (Q2)",
      "signal": "FCF TURNED POSITIVE",
      "detail": "FCF margin: -456.3% -> +174.9%",
      "severity": "HIGH"
    },
    {
      "quarter": "2022-06 (Q2)",
      "signal": "OPERATING LEVERAGE",
      "detail": "Rev growth +159.7% vs OpEx growth +75.2% (leverage: 2.1x)",
      "severity": "MEDIUM"
    },
    {
      "quarter": "2022-06 (Q2)",
      "signal": "YoY REVENUE GROWTH ACCELERATION",
      "detail": "YoY growth: +64.3% vs prior quarter YoY: -61.9% (accel: +126.2%)",
      "severity": "HIGH"
    },
    {
      "quarter": "2021-06 (Q2)",
      "signal": "FCF TURNED POSITIVE",
      "detail": "FCF margin: -10.0% -> +95.6%",
      "severity": "HIGH"
    }
  ],
  "data_quality": {
    "n_quarters": 19,
    "coverage": {
      "revenue": [
        19,
        19
      ],
      "gross_profit": [
        0,
        19
      ],
      "op_income": [
        0,
        19
      ],
      "fcf": [
        19,
        19
      ]
    },
    "gaps": [],
    "warnings": [
      "gross_profit: no data",
      "op_income: no data"
    ]
  },
  "market_cap": null,
  "source": "SEC EDGAR",
  "last_updated": "2026-02-03T00:54:14.010540"
}