{
  "ticker": "APTV",
  "name": "APTIV PLC",
  "sector": "Consumer Cyclical",
  "industry": "Auto Parts",
  "quarters": [
    {
      "date": "2021-03-31T00:00:00",
      "quarter_label": "2021-03 (Q1)",
      "revenue": 4023000000,
      "gross_profit": 727000000,
      "operating_income": 429000000,
      "net_income": 295000000,
      "opex": 3594000000,
      "cogs": 3296000000,
      "rd": null,
      "sga": 255000000,
      "fcf": 252000000,
      "ocf": 252000000,
      "capex": null,
      "gross_margin": 0.18071091225453642,
      "op_margin": 0.10663683818046234,
      "fcf_margin": 0.06263982102908278
    },
    {
      "date": "2021-06-30T00:00:00",
      "quarter_label": "2021-06 (Q2)",
      "revenue": 3807000000,
      "gross_profit": 602000000,
      "operating_income": 285000000,
      "net_income": 163000000,
      "opex": 3522000000,
      "cogs": 3205000000,
      "rd": null,
      "sga": 266000000,
      "fcf": 297000000,
      "ocf": 297000000,
      "capex": null,
      "gross_margin": 0.1581297609666404,
      "op_margin": 0.07486209613869188,
      "fcf_margin": 0.07801418439716312,
      "fcf_margin_change": 0.015374363368080346
    },
    {
      "date": "2021-09-30T00:00:00",
      "quarter_label": "2021-09 (Q3)",
      "revenue": 3654000000,
      "gross_profit": 516000000,
      "operating_income": 215000000,
      "net_income": 101000000,
      "opex": 3439000000,
      "cogs": 3138000000,
      "rd": null,
      "sga": 263000000,
      "fcf": 4000000,
      "ocf": 4000000,
      "capex": null,
      "gross_margin": 0.1412151067323481,
      "op_margin": 0.058839627805145046,
      "fcf_margin": 0.0010946907498631637,
      "fcf_margin_change": -0.07691949364729996
    },
    {
      "date": "2021-12-31T00:00:00",
      "quarter_label": "2021-12 (Q4)",
      "revenue": 4134000000,
      "gross_profit": 591000000,
      "operating_income": 260000000,
      "net_income": 31000000,
      "opex": 3874000000,
      "cogs": 3543000000,
      "rd": null,
      "sga": 291000000,
      "fcf": 669000000,
      "ocf": 669000000,
      "capex": null,
      "gross_margin": 0.14296081277213352,
      "op_margin": 0.06289308176100629,
      "fcf_margin": 0.16182873730043543,
      "op_leverage_ratio": 1.0385217900081158,
      "fcf_margin_change": 0.16073404655057227
    },
    {
      "date": "2022-03-31T00:00:00",
      "quarter_label": "2022-03 (Q1)",
      "revenue": 4178000000,
      "gross_profit": 589000000,
      "operating_income": 256000000,
      "net_income": 89000000,
      "opex": 3922000000,
      "cogs": 3589000000,
      "rd": null,
      "sga": 274000000,
      "fcf": -202000000,
      "ocf": -202000000,
      "capex": null,
      "gross_margin": 0.14097654380086166,
      "op_margin": 0.061273336524652944,
      "fcf_margin": -0.04834849210148397,
      "incr_op_margin_yoy": -1.1161290322580646,
      "rev_growth_yoy": 0.038528461347253296,
      "op_leverage_ratio": 0.8590146750524109,
      "fcf_margin_change": -0.2101772294019194
    },
    {
      "date": "2022-06-30T00:00:00",
      "quarter_label": "2022-06 (Q2)",
      "revenue": 4057000000,
      "gross_profit": 440000000,
      "operating_income": 97000000,
      "net_income": -45000000,
      "opex": 3960000000,
      "cogs": 3617000000,
      "rd": null,
      "sga": 286000000,
      "fcf": 95000000,
      "ocf": 95000000,
      "capex": null,
      "gross_margin": 0.10845452304658615,
      "op_margin": 0.023909292580724672,
      "fcf_margin": 0.023416317475967462,
      "incr_op_margin_yoy": -0.752,
      "rev_growth_yoy": 0.06566850538481744,
      "rev_growth_yoy_accel": 0.02714004403756415,
      "fcf_margin_change": 0.07176480957745143
    },
    {
      "date": "2022-09-30T00:00:00",
      "quarter_label": "2022-09 (Q3)",
      "revenue": 4614000000,
      "gross_profit": 793000000,
      "operating_income": 470000000,
      "net_income": 301000000,
      "opex": 4144000000,
      "cogs": 3821000000,
      "rd": null,
      "sga": 275000000,
      "fcf": 437000000,
      "ocf": 437000000,
      "capex": null,
      "gross_margin": 0.17186822713480712,
      "op_margin": 0.10186389250108366,
      "fcf_margin": 0.09471174685739055,
      "incr_op_margin_yoy": 0.265625,
      "rev_growth_yoy": 0.2627257799671593,
      "rev_growth_yoy_accel": 0.19705727458234185,
      "op_leverage_ratio": 2.9547963262637844,
      "fcf_margin_change": 0.07129542938142308
    },
    {
      "date": "2022-12-31T00:00:00",
      "quarter_label": "2022-12 (Q4)",
      "revenue": 4640000000,
      "gross_profit": 813000000,
      "operating_income": 440000000,
      "net_income": 249000000,
      "opex": 4200000000,
      "cogs": 3827000000,
      "rd": null,
      "sga": 303000000,
      "fcf": 933000000,
      "ocf": 933000000,
      "capex": null,
      "gross_margin": 0.17521551724137932,
      "op_margin": 0.09482758620689655,
      "fcf_margin": 0.20107758620689656,
      "incr_op_margin_yoy": 0.3557312252964427,
      "rev_growth_yoy": 0.1223996129656507,
      "rev_growth_yoy_accel": -0.14032616700150857,
      "fcf_margin_change": 0.10636583934950601
    },
    {
      "date": "2023-03-31T00:00:00",
      "quarter_label": "2023-03 (Q1)",
      "revenue": 4818000000,
      "gross_profit": 760000000,
      "operating_income": 348000000,
      "net_income": 162000000,
      "opex": 4470000000,
      "cogs": 4058000000,
      "rd": null,
      "sga": 342000000,
      "fcf": -9000000,
      "ocf": -9000000,
      "capex": null,
      "gross_margin": 0.15774180157741802,
      "op_margin": 0.0722291407222914,
      "fcf_margin": -0.0018679950186799503,
      "incr_op_margin_yoy": 0.14375,
      "rev_growth_yoy": 0.15318334131163236,
      "rev_growth_yoy_accel": 0.030783728345981656,
      "op_leverage_ratio": 0.5967432950191571,
      "fcf_margin_change": -0.20294558122557652
    },
    {
      "date": "2023-06-30T00:00:00",
      "quarter_label": "2023-06 (Q2)",
      "revenue": 5200000000,
      "gross_profit": 864000000,
      "operating_income": 410000000,
      "net_income": 242000000,
      "opex": 4790000000,
      "cogs": 4336000000,
      "rd": null,
      "sga": 353000000,
      "fcf": 535000000,
      "ocf": 535000000,
      "capex": null,
      "gross_margin": 0.16615384615384615,
      "op_margin": 0.07884615384615384,
      "fcf_margin": 0.10288461538461538,
      "incr_op_margin_yoy": 0.27384076990376205,
      "rev_growth_yoy": 0.2817352723687454,
      "rev_growth_yoy_accel": 0.12855193105711304,
      "op_leverage_ratio": 1.1075264632627646,
      "fcf_margin_change": 0.10475261040329532
    },
    {
      "date": "2023-09-30T00:00:00",
      "quarter_label": "2023-09 (Q3)",
      "revenue": 5114000000,
      "gross_profit": 893000000,
      "operating_income": 446000000,
      "net_income": 1629000000,
      "opex": 4668000000,
      "cogs": 4221000000,
      "rd": null,
      "sga": 360000000,
      "fcf": 746000000,
      "ocf": 746000000,
      "capex": null,
      "gross_margin": 0.17461869378177552,
      "op_margin": 0.087211576065702,
      "fcf_margin": 0.14587407117716072,
      "incr_op_margin_yoy": -0.048,
      "rev_growth_yoy": 0.10836584308625921,
      "rev_growth_yoy_accel": -0.1733694292824862,
      "fcf_margin_change": 0.042989455792545345
    },
    {
      "date": "2023-12-31T00:00:00",
      "quarter_label": "2023-12 (Q4)",
      "revenue": 4919000000,
      "gross_profit": 922000000,
      "operating_income": 355000000,
      "net_income": 905000000,
      "opex": 4564000000,
      "cogs": 3997000000,
      "rd": null,
      "sga": 381000000,
      "fcf": 624000000,
      "ocf": 624000000,
      "capex": null,
      "gross_margin": 0.18743647082740394,
      "op_margin": 0.07216914006911974,
      "fcf_margin": 0.12685505183980483,
      "incr_op_margin_yoy": -0.3046594982078853,
      "rev_growth_yoy": 0.06012931034482759,
      "rev_growth_yoy_accel": -0.04823653274143162,
      "fcf_margin_change": -0.01901901933735589
    },
    {
      "date": "2024-03-31T00:00:00",
      "quarter_label": "2024-03 (Q1)",
      "revenue": 4901000000,
      "gross_profit": 878000000,
      "operating_income": 419000000,
      "net_income": 218000000,
      "opex": 4482000000,
      "cogs": 4023000000,
      "rd": null,
      "sga": 366000000,
      "fcf": 244000000,
      "ocf": 244000000,
      "capex": null,
      "gross_margin": 0.1791471128341155,
      "op_margin": 0.08549275658028974,
      "fcf_margin": 0.04978575800856968,
      "incr_op_margin_yoy": 0.8554216867469879,
      "rev_growth_yoy": 0.017227065172270652,
      "rev_growth_yoy_accel": -0.04290224517255693,
      "fcf_margin_change": -0.07706929383123515
    },
    {
      "date": "2024-06-30T00:00:00",
      "quarter_label": "2024-06 (Q2)",
      "revenue": 5051000000,
      "gross_profit": 968000000,
      "operating_income": 441000000,
      "net_income": 938000000,
      "opex": 4610000000,
      "cogs": 4083000000,
      "rd": null,
      "sga": 405000000,
      "fcf": 643000000,
      "ocf": 643000000,
      "capex": null,
      "gross_margin": 0.1916452187685607,
      "op_margin": 0.0873094436745199,
      "fcf_margin": 0.12730152445060383,
      "incr_op_margin_yoy": -0.2080536912751678,
      "rev_growth_yoy": -0.028653846153846155,
      "rev_growth_yoy_accel": -0.04588091132611681,
      "op_leverage_ratio": 1.071688175882473,
      "fcf_margin_change": 0.07751576644203415
    },
    {
      "date": "2024-09-30T00:00:00",
      "quarter_label": "2024-09 (Q3)",
      "revenue": 4854000000,
      "gross_profit": 903000000,
      "operating_income": 503000000,
      "net_income": 363000000,
      "opex": 4351000000,
      "cogs": 3951000000,
      "rd": null,
      "sga": 331000000,
      "fcf": 499000000,
      "ocf": 499000000,
      "capex": null,
      "gross_margin": 0.18603213844252164,
      "op_margin": 0.10362587556654305,
      "fcf_margin": 0.10280181293778327,
      "incr_op_margin_yoy": -0.21923076923076923,
      "rev_growth_yoy": -0.050840829096597574,
      "rev_growth_yoy_accel": -0.02218698294275142,
      "fcf_margin_change": -0.024499711512820557
    },
    {
      "date": "2024-12-31T00:00:00",
      "quarter_label": "2024-12 (Q4)",
      "revenue": 4907000000,
      "gross_profit": 962000000,
      "operating_income": 479000000,
      "net_income": 268000000,
      "opex": 4428000000,
      "cogs": 3945000000,
      "rd": null,
      "sga": 363000000,
      "fcf": 1060000000,
      "ocf": 1060000000,
      "capex": null,
      "gross_margin": 0.19604646423476665,
      "op_margin": 0.09761565111065824,
      "fcf_margin": 0.2160179335642959,
      "incr_op_margin_yoy": -10.333333333333334,
      "rev_growth_yoy": -0.002439520227688555,
      "rev_growth_yoy_accel": 0.04840130886890902,
      "op_leverage_ratio": 0.6169847869477042,
      "fcf_margin_change": 0.11321612062651264
    },
    {
      "date": "2025-03-31T00:00:00",
      "quarter_label": "2025-03 (Q1)",
      "revenue": 4825000000,
      "gross_profit": 920000000,
      "operating_income": 448000000,
      "net_income": -11000000,
      "opex": 4377000000,
      "cogs": 3905000000,
      "rd": null,
      "sga": 384000000,
      "fcf": 273000000,
      "ocf": 273000000,
      "capex": null,
      "gross_margin": 0.19067357512953367,
      "op_margin": 0.09284974093264249,
      "fcf_margin": 0.056580310880829016,
      "incr_op_margin_yoy": -0.3815789473684211,
      "rev_growth_yoy": -0.015507039379718425,
      "rev_growth_yoy_accel": -0.013067519152029871,
      "fcf_margin_change": -0.1594376226834669
    },
    {
      "date": "2025-06-30T00:00:00",
      "quarter_label": "2025-06 (Q2)",
      "revenue": 5208000000,
      "gross_profit": 997000000,
      "operating_income": 486000000,
      "net_income": 393000000,
      "opex": 4722000000,
      "cogs": 4211000000,
      "rd": null,
      "sga": 406000000,
      "fcf": 510000000,
      "ocf": 510000000,
      "capex": null,
      "gross_margin": 0.1914362519201229,
      "op_margin": 0.09331797235023041,
      "fcf_margin": 0.097926267281106,
      "incr_op_margin_yoy": 0.28662420382165604,
      "rev_growth_yoy": 0.03108295387052069,
      "rev_growth_yoy_accel": 0.04658999325023912,
      "op_leverage_ratio": 1.0070682586168056,
      "fcf_margin_change": 0.04134595640027698
    },
    {
      "date": "2025-09-30T00:00:00",
      "quarter_label": "2025-09 (Q3)",
      "revenue": 5212000000,
      "gross_profit": 1018000000,
      "operating_income": -175000000,
      "net_income": -355000000,
      "opex": 5387000000,
      "cogs": 4194000000,
      "rd": null,
      "sga": 433000000,
      "fcf": 584000000,
      "ocf": 584000000,
      "capex": null,
      "gross_margin": 0.1953184957789716,
      "op_margin": -0.03357636224098235,
      "fcf_margin": 0.11204911742133537,
      "incr_op_margin_yoy": -1.893854748603352,
      "rev_growth_yoy": 0.07375360527400082,
      "rev_growth_yoy_accel": 0.04267065140348013,
      "fcf_margin_change": 0.014122850140229376
    },
    {
      "date": "2025-12-31T00:00:00",
      "quarter_label": "2025-12 (Q4)",
      "revenue": 5153000000,
      "gross_profit": 963000000,
      "operating_income": 425000000,
      "net_income": 138000000,
      "opex": 4728000000,
      "cogs": 4190000000,
      "rd": null,
      "sga": 450000000,
      "fcf": 818000000,
      "ocf": 818000000,
      "capex": null,
      "gross_margin": 0.18688142829419754,
      "op_margin": 0.08247622744032602,
      "fcf_margin": 0.15874248010867456,
      "incr_op_margin_yoy": -0.21951219512195122,
      "rev_growth_yoy": 0.050132463827185655,
      "rev_growth_yoy_accel": -0.023621141446815166,
      "fcf_margin_change": 0.04669336268733919
    }
  ],
  "signals": [
    {
      "quarter": "2025-12 (Q4)",
      "signal": "OP MARGIN TURNED POSITIVE (QoQ)",
      "detail": "Op margin: -3.4% -> +8.2%",
      "severity": "HIGH"
    },
    {
      "quarter": "2025-06 (Q2)",
      "signal": "INCREMENTAL MARGIN (YoY)",
      "detail": "YoY Incr OPM: +28.7% vs year-ago OPM: +8.7%",
      "severity": "MEDIUM"
    },
    {
      "quarter": "2024-12 (Q4)",
      "signal": "FCF MARGIN EXPANSION",
      "detail": "FCF margin: +10.3% -> +21.6% (+11.3%)",
      "severity": "MEDIUM"
    },
    {
      "quarter": "2024-06 (Q2)",
      "signal": "FCF MARGIN EXPANSION",
      "detail": "FCF margin: +5.0% -> +12.7% (+7.8%)",
      "severity": "MEDIUM"
    },
    {
      "quarter": "2024-03 (Q1)",
      "signal": "INCREMENTAL MARGIN (YoY)",
      "detail": "YoY Incr OPM: +85.5% vs year-ago OPM: +7.2%",
      "severity": "HIGH"
    },
    {
      "quarter": "2023-09 (Q3)",
      "signal": "YoY REVENUE GROWTH DECELERATION",
      "detail": "YoY growth: +10.8% vs prior quarter YoY: +28.2% (decel: -17.3%)",
      "severity": "WARNING"
    },
    {
      "quarter": "2023-06 (Q2)",
      "signal": "FCF TURNED POSITIVE",
      "detail": "FCF margin: -0.2% -> +10.3%",
      "severity": "HIGH"
    },
    {
      "quarter": "2023-06 (Q2)",
      "signal": "YoY REVENUE GROWTH ACCELERATION",
      "detail": "YoY growth: +28.2% vs prior quarter YoY: +15.3% (accel: +12.9%)",
      "severity": "MEDIUM"
    },
    {
      "quarter": "2023-06 (Q2)",
      "signal": "INCREMENTAL MARGIN (YoY)",
      "detail": "YoY Incr OPM: +27.4% vs year-ago OPM: +2.4%",
      "severity": "HIGH"
    },
    {
      "quarter": "2022-12 (Q4)",
      "signal": "FCF MARGIN EXPANSION",
      "detail": "FCF margin: +9.5% -> +20.1% (+10.6%)",
      "severity": "MEDIUM"
    },
    {
      "quarter": "2022-12 (Q4)",
      "signal": "YoY REVENUE GROWTH DECELERATION",
      "detail": "YoY growth: +12.2% vs prior quarter YoY: +26.3% (decel: -14.0%)",
      "severity": "WARNING"
    },
    {
      "quarter": "2022-12 (Q4)",
      "signal": "INCREMENTAL MARGIN (YoY)",
      "detail": "YoY Incr OPM: +35.6% vs year-ago OPM: +6.3%",
      "severity": "HIGH"
    },
    {
      "quarter": "2022-09 (Q3)",
      "signal": "FCF MARGIN EXPANSION",
      "detail": "FCF margin: +2.3% -> +9.5% (+7.1%)",
      "severity": "MEDIUM"
    },
    {
      "quarter": "2022-09 (Q3)",
      "signal": "OPERATING LEVERAGE",
      "detail": "Rev growth +13.7% vs OpEx growth +4.6% (leverage: 3.0x)",
      "severity": "MEDIUM"
    },
    {
      "quarter": "2022-09 (Q3)",
      "signal": "GROSS MARGIN INFLECTION",
      "detail": "GM: +14.1% -> +10.8% -> +17.2% (reversal +6.3%)",
      "severity": "HIGH"
    },
    {
      "quarter": "2022-09 (Q3)",
      "signal": "YoY REVENUE GROWTH ACCELERATION",
      "detail": "YoY growth: +26.3% vs prior quarter YoY: +6.6% (accel: +19.7%)",
      "severity": "HIGH"
    },
    {
      "quarter": "2022-09 (Q3)",
      "signal": "INCREMENTAL MARGIN (YoY)",
      "detail": "YoY Incr OPM: +26.6% vs year-ago OPM: +5.9%",
      "severity": "HIGH"
    },
    {
      "quarter": "2022-06 (Q2)",
      "signal": "FCF TURNED POSITIVE",
      "detail": "FCF margin: -4.8% -> +2.3%",
      "severity": "HIGH"
    },
    {
      "quarter": "2021-12 (Q4)",
      "signal": "FCF MARGIN EXPANSION",
      "detail": "FCF margin: +0.1% -> +16.2% (+16.1%)",
      "severity": "MEDIUM"
    }
  ],
  "data_quality": {
    "n_quarters": 20,
    "coverage": {
      "revenue": [
        20,
        20
      ],
      "gross_profit": [
        20,
        20
      ],
      "op_income": [
        20,
        20
      ],
      "fcf": [
        20,
        20
      ]
    },
    "gaps": [],
    "warnings": []
  },
  "market_cap": null,
  "source": "SEC EDGAR",
  "last_updated": "2026-02-09T19:07:00.675504"
}