{
  "ticker": "ARCB",
  "name": "ARCBEST CORPORATION",
  "quarters": [
    {
      "date": "2020-12-31T00:00:00",
      "quarter_label": "2020-12 (Q4)",
      "revenue": 816414000,
      "gross_profit": null,
      "operating_income": 30252000,
      "net_income": 23914000,
      "opex": 786162000,
      "cogs": null,
      "rd": null,
      "sga": null,
      "fcf": 31621000,
      "ocf": 54723000,
      "capex": -23102000,
      "gross_margin": null,
      "op_margin": 0.03705472958572489,
      "fcf_margin": 0.03873157491174821
    },
    {
      "date": "2021-03-31T00:00:00",
      "quarter_label": "2021-03 (Q1)",
      "revenue": 829213000,
      "gross_profit": null,
      "operating_income": 32191000,
      "net_income": 23361000,
      "opex": 797022000,
      "cogs": null,
      "rd": null,
      "sga": null,
      "fcf": 12946000,
      "ocf": 22534000,
      "capex": -9588000,
      "gross_margin": null,
      "op_margin": 0.03882114728061427,
      "fcf_margin": 0.015612393920500523,
      "op_leverage_ratio": 1.1348744489900835,
      "fcf_margin_change": -0.023119180991247684
    },
    {
      "date": "2021-06-30T00:00:00",
      "quarter_label": "2021-06 (Q2)",
      "revenue": 948973000,
      "gross_profit": null,
      "operating_income": 74299000,
      "net_income": 60981000,
      "opex": 874674000,
      "cogs": null,
      "rd": null,
      "sga": null,
      "fcf": 107559000,
      "ocf": 123366000,
      "capex": -15807000,
      "gross_margin": null,
      "op_margin": 0.07829411374190835,
      "fcf_margin": 0.11334252923950418,
      "op_leverage_ratio": 1.4823929763776031,
      "fcf_margin_change": 0.09773013531900365
    },
    {
      "date": "2021-09-30T00:00:00",
      "quarter_label": "2021-09 (Q3)",
      "revenue": 1016657000,
      "gross_profit": null,
      "operating_income": 87561000,
      "net_income": 63691000,
      "opex": 929096000,
      "cogs": null,
      "rd": null,
      "sga": null,
      "fcf": 74331000,
      "ocf": 92442000,
      "capex": -18111000,
      "gross_margin": null,
      "op_margin": 0.08612639267717627,
      "fcf_margin": 0.0731131541906464,
      "op_leverage_ratio": 1.1463147478132496,
      "fcf_margin_change": -0.04022937504885778
    },
    {
      "date": "2021-12-31T00:00:00",
      "quarter_label": "2021-12 (Q4)",
      "revenue": 1185224000,
      "gross_profit": null,
      "operating_income": 86935000,
      "net_income": 65488000,
      "opex": 1098289000,
      "cogs": null,
      "rd": null,
      "sga": null,
      "fcf": 70267000,
      "ocf": 85173000,
      "capex": -14906000,
      "gross_margin": null,
      "op_margin": 0.0733490040701167,
      "fcf_margin": 0.05928583963875183,
      "incr_op_margin_yoy": 0.15369160272226892,
      "rev_growth_yoy": 0.4517438456469389,
      "op_leverage_ratio": 0.910492351135014,
      "fcf_margin_change": -0.013827314551894572
    },
    {
      "date": "2022-03-31T00:00:00",
      "quarter_label": "2022-03 (Q1)",
      "revenue": 1335074000,
      "gross_profit": null,
      "operating_income": 94928000,
      "net_income": 69569000,
      "opex": 1240146000,
      "cogs": null,
      "rd": null,
      "sga": null,
      "fcf": -30724000,
      "ocf": -11253000,
      "capex": -19471000,
      "gross_margin": null,
      "op_margin": 0.07110317480529169,
      "fcf_margin": -0.02301295658517805,
      "incr_op_margin_yoy": 0.12402023480758548,
      "rev_growth_yoy": 0.6100495288906469,
      "rev_growth_yoy_accel": 0.15830568324370797,
      "op_leverage_ratio": 0.9788635861472682,
      "fcf_margin_change": -0.08229879622392988
    },
    {
      "date": "2022-06-30T00:00:00",
      "quarter_label": "2022-06 (Q2)",
      "revenue": 1392929000,
      "gross_profit": null,
      "operating_income": 137346000,
      "net_income": 102461000,
      "opex": 1255583000,
      "cogs": null,
      "rd": null,
      "sga": null,
      "fcf": 165665000,
      "ocf": 195876000,
      "capex": -30211000,
      "gross_margin": null,
      "op_margin": 0.09860229774812643,
      "fcf_margin": 0.1189328386443243,
      "incr_op_margin_yoy": 0.1420118209912694,
      "rev_growth_yoy": 0.46782785179346514,
      "rev_growth_yoy_accel": -0.14222167709718175,
      "op_leverage_ratio": 3.4813322421221637,
      "fcf_margin_change": 0.14194579522950235
    },
    {
      "date": "2022-09-30T00:00:00",
      "quarter_label": "2022-09 (Q3)",
      "revenue": 1351831000,
      "gross_profit": null,
      "operating_income": 115761000,
      "net_income": 88842000,
      "opex": 1236070000,
      "cogs": null,
      "rd": null,
      "sga": null,
      "fcf": 139440000,
      "ocf": 165826000,
      "capex": -26386000,
      "gross_margin": null,
      "op_margin": 0.0856327455133075,
      "fcf_margin": 0.10314898829809348,
      "incr_op_margin_yoy": 0.08413540429746938,
      "rev_growth_yoy": 0.3296824789481605,
      "rev_growth_yoy_accel": -0.13814537284530465,
      "fcf_margin_change": -0.015783850346230824
    },
    {
      "date": "2022-12-31T00:00:00",
      "quarter_label": "2022-12 (Q4)",
      "revenue": 1244218000,
      "gross_profit": null,
      "operating_income": 51234000,
      "net_income": 37337000,
      "opex": 1192984000,
      "cogs": null,
      "rd": null,
      "sga": null,
      "fcf": 48215000,
      "ocf": 120370000,
      "capex": -72155000,
      "gross_margin": null,
      "op_margin": 0.041177671436998985,
      "fcf_margin": 0.03875124777169274,
      "incr_op_margin_yoy": -0.6051632369393498,
      "rev_growth_yoy": 0.049774557383245696,
      "rev_growth_yoy_accel": -0.2799079215649148,
      "fcf_margin_change": -0.06439774052640074
    },
    {
      "date": "2023-03-31T00:00:00",
      "quarter_label": "2023-03 (Q1)",
      "revenue": 1106094000,
      "gross_profit": null,
      "operating_income": 21159000,
      "net_income": 71283000,
      "opex": 1084935000,
      "cogs": null,
      "rd": null,
      "sga": null,
      "fcf": -13994000,
      "ocf": 20663000,
      "capex": -34657000,
      "gross_margin": null,
      "op_margin": 0.019129477241536432,
      "fcf_margin": -0.012651727610854051,
      "incr_op_margin_yoy": 0.32216350772993274,
      "rev_growth_yoy": -0.17151109226904276,
      "rev_growth_yoy_accel": -0.22128564965228847,
      "fcf_margin_change": -0.05140297538254679
    },
    {
      "date": "2023-06-30T00:00:00",
      "quarter_label": "2023-06 (Q2)",
      "revenue": 1103464000,
      "gross_profit": null,
      "operating_income": 42116000,
      "net_income": 40443000,
      "opex": 1061348000,
      "cogs": null,
      "rd": null,
      "sga": null,
      "fcf": 34580000,
      "ocf": 83094000,
      "capex": -48514000,
      "gross_margin": null,
      "op_margin": 0.03816708111909405,
      "fcf_margin": 0.03133767843808226,
      "incr_op_margin_yoy": 0.32898623322336035,
      "rev_growth_yoy": -0.20781030476068774,
      "rev_growth_yoy_accel": -0.03629921249164497,
      "fcf_margin_change": 0.04398940604893631
    },
    {
      "date": "2023-09-30T00:00:00",
      "quarter_label": "2023-09 (Q3)",
      "revenue": 1128350000,
      "gross_profit": null,
      "operating_income": 45091000,
      "net_income": 34917000,
      "opex": 1083259000,
      "cogs": null,
      "rd": null,
      "sga": null,
      "fcf": 44390000,
      "ocf": 90998000,
      "capex": -46608000,
      "gross_margin": null,
      "op_margin": 0.03996189125714539,
      "fcf_margin": 0.03934063012363185,
      "incr_op_margin_yoy": 0.31622375056492497,
      "rev_growth_yoy": -0.16531726229092247,
      "rev_growth_yoy_accel": 0.04249304246976526,
      "op_leverage_ratio": 1.092427274851455,
      "fcf_margin_change": 0.00800295168554959
    },
    {
      "date": "2023-12-31T00:00:00",
      "quarter_label": "2023-12 (Q4)",
      "revenue": 1089535000,
      "gross_profit": null,
      "operating_income": 64253000,
      "net_income": 48790000,
      "opex": 1025282000,
      "cogs": null,
      "rd": null,
      "sga": null,
      "fcf": 38170000,
      "ocf": 127412000,
      "capex": -89242000,
      "gross_margin": null,
      "op_margin": 0.058972864570665466,
      "fcf_margin": 0.03503329401992593,
      "incr_op_margin_yoy": -0.08416568077940045,
      "rev_growth_yoy": -0.1243214613516281,
      "rev_growth_yoy_accel": 0.04099580093929438,
      "fcf_margin_change": -0.004307336103705921
    },
    {
      "date": "2024-03-31T00:00:00",
      "quarter_label": "2024-03 (Q1)",
      "revenue": 1036419000,
      "gross_profit": null,
      "operating_income": 22435000,
      "net_income": -2312000,
      "opex": 1013984000,
      "cogs": null,
      "rd": null,
      "sga": null,
      "fcf": -48582000,
      "ocf": 6467000,
      "capex": -55049000,
      "gross_margin": null,
      "op_margin": 0.02164665063068122,
      "fcf_margin": -0.04687486431645888,
      "incr_op_margin_yoy": -0.018313598851811986,
      "rev_growth_yoy": -0.06299193377778019,
      "rev_growth_yoy_accel": 0.06132952757384791,
      "fcf_margin_change": -0.08190815833638482
    },
    {
      "date": "2024-06-30T00:00:00",
      "quarter_label": "2024-06 (Q2)",
      "revenue": 1077831000,
      "gross_profit": null,
      "operating_income": 48845000,
      "net_income": 46924000,
      "opex": 1028986000,
      "cogs": null,
      "rd": null,
      "sga": null,
      "fcf": 83875000,
      "ocf": 133735000,
      "capex": -49860000,
      "gross_margin": null,
      "op_margin": 0.04531786523119116,
      "fcf_margin": 0.07781832216738988,
      "incr_op_margin_yoy": -0.2625131666211524,
      "rev_growth_yoy": -0.023229575228552995,
      "rev_growth_yoy_accel": 0.03976235854922719,
      "op_leverage_ratio": 2.7006778365606072,
      "fcf_margin_change": 0.12469318648384875
    },
    {
      "date": "2024-09-30T00:00:00",
      "quarter_label": "2024-09 (Q3)",
      "revenue": 1063124000,
      "gross_profit": null,
      "operating_income": 134993000,
      "net_income": 100314000,
      "opex": 928131000,
      "cogs": null,
      "rd": null,
      "sga": null,
      "fcf": 23916000,
      "ocf": 88846000,
      "capex": -64930000,
      "gross_margin": null,
      "op_margin": 0.12697766206011715,
      "fcf_margin": 0.02249596472283572,
      "incr_op_margin_yoy": -1.3783153957011007,
      "rev_growth_yoy": -0.057806531661275314,
      "rev_growth_yoy_accel": -0.03457695643272232,
      "fcf_margin_change": -0.05532235744455416
    },
    {
      "date": "2024-12-31T00:00:00",
      "quarter_label": "2024-12 (Q4)",
      "revenue": 1001645000,
      "gross_profit": null,
      "operating_income": 38161000,
      "net_income": 29035000,
      "opex": 963484000,
      "cogs": null,
      "rd": null,
      "sga": null,
      "fcf": 3534000,
      "ocf": 56798000,
      "capex": -53264000,
      "gross_margin": null,
      "op_margin": 0.0380983282500287,
      "fcf_margin": 0.0035281961173868987,
      "incr_op_margin_yoy": 0.2968710888610763,
      "rev_growth_yoy": -0.08066744069717816,
      "rev_growth_yoy_accel": -0.022860909035902842,
      "fcf_margin_change": -0.01896776860544882
    },
    {
      "date": "2025-03-31T00:00:00",
      "quarter_label": "2025-03 (Q1)",
      "revenue": 967077000,
      "gross_profit": null,
      "operating_income": 6630000,
      "net_income": 3131000,
      "opex": 960447000,
      "cogs": null,
      "rd": null,
      "sga": null,
      "fcf": -36844000,
      "ocf": -22321000,
      "capex": -14523000,
      "gross_margin": null,
      "op_margin": 0.0068557105587249,
      "fcf_margin": -0.03809831068260335,
      "incr_op_margin_yoy": 0.22792823973926335,
      "rev_growth_yoy": -0.06690537321295731,
      "rev_growth_yoy_accel": 0.013762067484220847,
      "fcf_margin_change": -0.04162650679999025
    },
    {
      "date": "2025-06-30T00:00:00",
      "quarter_label": "2025-06 (Q2)",
      "revenue": 1022256000,
      "gross_profit": null,
      "operating_income": 37309000,
      "net_income": 25809000,
      "opex": 984947000,
      "cogs": null,
      "rd": null,
      "sga": null,
      "fcf": 80948000,
      "ocf": 108432000,
      "capex": -27484000,
      "gross_margin": null,
      "op_margin": 0.036496728803743876,
      "fcf_margin": 0.0791856443004492,
      "incr_op_margin_yoy": 0.20757534862798022,
      "rev_growth_yoy": -0.05156188678930185,
      "rev_growth_yoy_accel": 0.015343486423655461,
      "op_leverage_ratio": 2.236763622329801,
      "fcf_margin_change": 0.11728395498305255
    },
    {
      "date": "2025-09-30T00:00:00",
      "quarter_label": "2025-09 (Q3)",
      "revenue": 1048137000,
      "gross_profit": null,
      "operating_income": 54627000,
      "net_income": 39274000,
      "opex": 993510000,
      "cogs": null,
      "rd": null,
      "sga": null,
      "fcf": 33182000,
      "ocf": 98180000,
      "capex": -64998000,
      "gross_margin": null,
      "op_margin": 0.052118186840079114,
      "fcf_margin": 0.03165807523253163,
      "incr_op_margin_yoy": 5.36238072996597,
      "rev_growth_yoy": -0.014097132601653241,
      "rev_growth_yoy_accel": 0.03746475418764861,
      "op_leverage_ratio": 2.9121135305185457,
      "fcf_margin_change": -0.04752756906791758
    }
  ],
  "signals": [
    {
      "quarter": "2025-09 (Q3)",
      "signal": "OPERATING LEVERAGE",
      "detail": "Rev growth +2.5% vs OpEx growth +0.9% (leverage: 2.9x)",
      "severity": "MEDIUM"
    },
    {
      "quarter": "2025-09 (Q3)",
      "signal": "INCREMENTAL MARGIN (YoY)",
      "detail": "YoY Incr OPM: +536.2% vs year-ago OPM: +12.7%",
      "severity": "HIGH"
    },
    {
      "quarter": "2025-06 (Q2)",
      "signal": "FCF TURNED POSITIVE",
      "detail": "FCF margin: -3.8% -> +7.9%",
      "severity": "HIGH"
    },
    {
      "quarter": "2025-06 (Q2)",
      "signal": "OPERATING LEVERAGE",
      "detail": "Rev growth +5.7% vs OpEx growth +2.6% (leverage: 2.2x)",
      "severity": "MEDIUM"
    },
    {
      "quarter": "2025-06 (Q2)",
      "signal": "INCREMENTAL MARGIN (YoY)",
      "detail": "YoY Incr OPM: +20.8% vs year-ago OPM: +4.5%",
      "severity": "MEDIUM"
    },
    {
      "quarter": "2025-03 (Q1)",
      "signal": "INCREMENTAL MARGIN (YoY)",
      "detail": "YoY Incr OPM: +22.8% vs year-ago OPM: +2.2%",
      "severity": "HIGH"
    },
    {
      "quarter": "2024-12 (Q4)",
      "signal": "INCREMENTAL MARGIN (YoY)",
      "detail": "YoY Incr OPM: +29.7% vs year-ago OPM: +5.9%",
      "severity": "HIGH"
    },
    {
      "quarter": "2024-06 (Q2)",
      "signal": "FCF TURNED POSITIVE",
      "detail": "FCF margin: -4.7% -> +7.8%",
      "severity": "HIGH"
    },
    {
      "quarter": "2024-06 (Q2)",
      "signal": "OPERATING LEVERAGE",
      "detail": "Rev growth +4.0% vs OpEx growth +1.5% (leverage: 2.7x)",
      "severity": "MEDIUM"
    },
    {
      "quarter": "2024-03 (Q1)",
      "signal": "YoY REVENUE GROWTH ACCELERATION",
      "detail": "YoY growth: -6.3% vs prior quarter YoY: -12.4% (accel: +6.1%)",
      "severity": "MEDIUM"
    },
    {
      "quarter": "2023-09 (Q3)",
      "signal": "INCREMENTAL MARGIN (YoY)",
      "detail": "YoY Incr OPM: +31.6% vs year-ago OPM: +8.6%",
      "severity": "HIGH"
    },
    {
      "quarter": "2023-06 (Q2)",
      "signal": "FCF TURNED POSITIVE",
      "detail": "FCF margin: -1.3% -> +3.1%",
      "severity": "HIGH"
    },
    {
      "quarter": "2023-06 (Q2)",
      "signal": "INCREMENTAL MARGIN (YoY)",
      "detail": "YoY Incr OPM: +32.9% vs year-ago OPM: +9.9%",
      "severity": "HIGH"
    },
    {
      "quarter": "2023-03 (Q1)",
      "signal": "YoY REVENUE GROWTH DECELERATION",
      "detail": "YoY growth: -17.2% vs prior quarter YoY: +5.0% (decel: -22.1%)",
      "severity": "WARNING"
    },
    {
      "quarter": "2023-03 (Q1)",
      "signal": "INCREMENTAL MARGIN (YoY)",
      "detail": "YoY Incr OPM: +32.2% vs year-ago OPM: +7.1%",
      "severity": "HIGH"
    },
    {
      "quarter": "2022-12 (Q4)",
      "signal": "YoY REVENUE GROWTH DECELERATION",
      "detail": "YoY growth: +5.0% vs prior quarter YoY: +33.0% (decel: -28.0%)",
      "severity": "WARNING"
    },
    {
      "quarter": "2022-09 (Q3)",
      "signal": "YoY REVENUE GROWTH DECELERATION",
      "detail": "YoY growth: +33.0% vs prior quarter YoY: +46.8% (decel: -13.8%)",
      "severity": "WARNING"
    },
    {
      "quarter": "2022-06 (Q2)",
      "signal": "FCF TURNED POSITIVE",
      "detail": "FCF margin: -2.3% -> +11.9%",
      "severity": "HIGH"
    },
    {
      "quarter": "2022-06 (Q2)",
      "signal": "OPERATING LEVERAGE",
      "detail": "Rev growth +4.3% vs OpEx growth +1.2% (leverage: 3.5x)",
      "severity": "MEDIUM"
    },
    {
      "quarter": "2022-06 (Q2)",
      "signal": "YoY REVENUE GROWTH DECELERATION",
      "detail": "YoY growth: +46.8% vs prior quarter YoY: +61.0% (decel: -14.2%)",
      "severity": "WARNING"
    },
    {
      "quarter": "2022-03 (Q1)",
      "signal": "YoY REVENUE GROWTH ACCELERATION",
      "detail": "YoY growth: +61.0% vs prior quarter YoY: +45.2% (accel: +15.8%)",
      "severity": "HIGH"
    },
    {
      "quarter": "2021-12 (Q4)",
      "signal": "INCREMENTAL MARGIN (YoY)",
      "detail": "YoY Incr OPM: +15.4% vs year-ago OPM: +3.7%",
      "severity": "MEDIUM"
    },
    {
      "quarter": "2021-06 (Q2)",
      "signal": "FCF MARGIN EXPANSION",
      "detail": "FCF margin: +1.6% -> +11.3% (+9.8%)",
      "severity": "MEDIUM"
    }
  ],
  "data_quality": {
    "n_quarters": 20,
    "coverage": {
      "revenue": [
        20,
        20
      ],
      "gross_profit": [
        0,
        20
      ],
      "op_income": [
        20,
        20
      ],
      "fcf": [
        20,
        20
      ]
    },
    "gaps": [],
    "warnings": [
      "gross_profit: no data"
    ]
  },
  "market_cap": null,
  "source": "SEC EDGAR",
  "last_updated": "2026-02-02T21:37:42.814160"
}