{
  "ticker": "ARCT",
  "name": "ARCTURUS THERAPEUTICS HOLDINGS INC.",
  "quarters": [
    {
      "date": "2020-12-31T00:00:00",
      "quarter_label": "2020-12 (Q4)",
      "revenue": 2238000,
      "gross_profit": null,
      "operating_income": -31082000,
      "net_income": -31104000,
      "opex": 33320000,
      "cogs": null,
      "rd": 24286000,
      "sga": null,
      "fcf": -7329000,
      "ocf": -6632000,
      "capex": -697000,
      "gross_margin": null,
      "op_margin": -13.888293118856122,
      "fcf_margin": -3.274798927613941
    },
    {
      "date": "2021-03-31T00:00:00",
      "quarter_label": "2021-03 (Q1)",
      "revenue": 2127000,
      "gross_profit": null,
      "operating_income": -57666000,
      "net_income": -56346000,
      "opex": 59793000,
      "cogs": null,
      "rd": 50050000,
      "sga": null,
      "fcf": -43068000,
      "ocf": -42950000,
      "capex": -118000,
      "gross_margin": null,
      "op_margin": -27.1114245416079,
      "fcf_margin": -20.24823695345557,
      "fcf_margin_change": -16.97343802584163
    },
    {
      "date": "2021-06-30T00:00:00",
      "quarter_label": "2021-06 (Q2)",
      "revenue": 2001000,
      "gross_profit": null,
      "operating_income": -53720000,
      "net_income": -54581000,
      "opex": 55721000,
      "cogs": null,
      "rd": 45679000,
      "sga": null,
      "fcf": -33347000,
      "ocf": -32943000,
      "capex": -404000,
      "gross_margin": null,
      "op_margin": -26.84657671164418,
      "fcf_margin": -16.665167416291855,
      "fcf_margin_change": 3.5830695371637162
    },
    {
      "date": "2021-09-30T00:00:00",
      "quarter_label": "2021-09 (Q3)",
      "revenue": 2437000,
      "gross_profit": null,
      "operating_income": -53821000,
      "net_income": -54084000,
      "opex": 56258000,
      "cogs": null,
      "rd": 45398000,
      "sga": null,
      "fcf": -18419000,
      "ocf": -16653000,
      "capex": -1766000,
      "gross_margin": null,
      "op_margin": -22.08494050061551,
      "fcf_margin": -7.558063192449733,
      "op_leverage_ratio": 22.60913863366268,
      "fcf_margin_change": 9.107104223842121
    },
    {
      "date": "2021-12-31T00:00:00",
      "quarter_label": "2021-12 (Q4)",
      "revenue": 5794000,
      "gross_profit": null,
      "operating_income": -37645000,
      "net_income": -38663000,
      "opex": 43439000,
      "cogs": null,
      "rd": 32633000,
      "sga": null,
      "fcf": -43615000,
      "ocf": -42497000,
      "capex": -1118000,
      "gross_margin": null,
      "op_margin": -6.497238522609596,
      "fcf_margin": -7.527614773904038,
      "incr_op_margin_yoy": -1.845613048368954,
      "rev_growth_yoy": 1.5889186773905273,
      "op_leverage_ratio": Infinity,
      "fcf_margin_change": 0.0304484185456948
    },
    {
      "date": "2022-03-31T00:00:00",
      "quarter_label": "2022-03 (Q1)",
      "revenue": 5244000,
      "gross_profit": null,
      "operating_income": -50379000,
      "net_income": -51169000,
      "opex": 55623000,
      "cogs": null,
      "rd": 44893000,
      "sga": null,
      "fcf": -51150000,
      "ocf": -49039000,
      "capex": -2111000,
      "gross_margin": null,
      "op_margin": -9.606979405034325,
      "fcf_margin": -9.754004576659039,
      "incr_op_margin_yoy": 2.3378248315688164,
      "rev_growth_yoy": 1.465444287729196,
      "rev_growth_yoy_accel": -0.12347438966133129,
      "fcf_margin_change": -2.2263898027550004
    },
    {
      "date": "2022-06-30T00:00:00",
      "quarter_label": "2022-06 (Q2)",
      "revenue": 27093000,
      "gross_profit": null,
      "operating_income": -22089000,
      "net_income": -21563000,
      "opex": 49182000,
      "cogs": null,
      "rd": 38189000,
      "sga": null,
      "fcf": -36443000,
      "ocf": -36821000,
      "capex": 378000,
      "gross_margin": null,
      "op_margin": -0.8153028457535156,
      "fcf_margin": -1.3451075923670321,
      "incr_op_margin_yoy": 1.2606009883628249,
      "rev_growth_yoy": 12.539730134932533,
      "rev_growth_yoy_accel": 11.074285847203337,
      "op_leverage_ratio": Infinity,
      "fcf_margin_change": 8.408896984292006
    },
    {
      "date": "2022-09-30T00:00:00",
      "quarter_label": "2022-09 (Q3)",
      "revenue": 13369000,
      "gross_profit": null,
      "operating_income": -36807000,
      "net_income": -35266000,
      "opex": 50176000,
      "cogs": null,
      "rd": 37688000,
      "sga": null,
      "fcf": -44592000,
      "ocf": -42406000,
      "capex": -2186000,
      "gross_margin": null,
      "op_margin": -2.7531602962076445,
      "fcf_margin": -3.335477597426883,
      "incr_op_margin_yoy": 1.5563483351628247,
      "rev_growth_yoy": 4.485843249897415,
      "rev_growth_yoy_accel": -8.05388688503512,
      "fcf_margin_change": -1.990370005059851
    },
    {
      "date": "2022-12-31T00:00:00",
      "quarter_label": "2022-12 (Q4)",
      "revenue": 160293000,
      "gross_profit": null,
      "operating_income": 121452000,
      "net_income": 117347000,
      "opex": 38841000,
      "cogs": null,
      "rd": 26981000,
      "sga": null,
      "fcf": 156452000,
      "ocf": 160259000,
      "capex": -3807000,
      "gross_margin": null,
      "op_margin": 0.7576874847934719,
      "fcf_margin": 0.97603763108807,
      "incr_op_margin_yoy": 1.0297607104253101,
      "rev_growth_yoy": 26.66534345875043,
      "rev_growth_yoy_accel": 22.179500208853018,
      "op_leverage_ratio": Infinity,
      "fcf_margin_change": 4.311515228514953
    },
    {
      "date": "2023-03-31T00:00:00",
      "quarter_label": "2023-03 (Q1)",
      "revenue": 80285000,
      "gross_profit": null,
      "operating_income": 14755000,
      "net_income": 50754000,
      "opex": 65530000,
      "cogs": null,
      "rd": 51768000,
      "sga": null,
      "fcf": -36562000,
      "ocf": -35871000,
      "capex": -691000,
      "gross_margin": null,
      "op_margin": 0.1837827738680949,
      "fcf_margin": -0.455402628137261,
      "incr_op_margin_yoy": 0.8679788382350981,
      "rev_growth_yoy": 14.309877955758962,
      "rev_growth_yoy_accel": -12.35546550299147,
      "fcf_margin_change": -1.431440259225331
    },
    {
      "date": "2023-06-30T00:00:00",
      "quarter_label": "2023-06 (Q2)",
      "revenue": 10519000,
      "gross_profit": null,
      "operating_income": -55374000,
      "net_income": -52550000,
      "opex": 65893000,
      "cogs": null,
      "rd": 52668000,
      "sga": null,
      "fcf": 50453000,
      "ocf": 50807000,
      "capex": -354000,
      "gross_margin": null,
      "op_margin": -5.264188611084704,
      "fcf_margin": 4.796368476090883,
      "incr_op_margin_yoy": 2.008265958730542,
      "rev_growth_yoy": -0.6117447311113572,
      "rev_growth_yoy_accel": -14.92162268687032,
      "fcf_margin_change": 5.251771104228144
    },
    {
      "date": "2023-09-30T00:00:00",
      "quarter_label": "2023-09 (Q3)",
      "revenue": 45140000,
      "gross_profit": null,
      "operating_income": -19314000,
      "net_income": -16222000,
      "opex": 64454000,
      "cogs": null,
      "rd": 51077000,
      "sga": null,
      "fcf": -33387000,
      "ocf": -32406000,
      "capex": -981000,
      "gross_margin": null,
      "op_margin": -0.4278688524590164,
      "fcf_margin": -0.7396322552060257,
      "incr_op_margin_yoy": 0.5505964558874445,
      "rev_growth_yoy": 2.3764679482384623,
      "rev_growth_yoy_accel": 2.9882126793498194,
      "op_leverage_ratio": Infinity,
      "fcf_margin_change": -5.536000731296909
    },
    {
      "date": "2023-12-31T00:00:00",
      "quarter_label": "2023-12 (Q4)",
      "revenue": 30855000,
      "gross_profit": null,
      "operating_income": -18272000,
      "net_income": -11707000,
      "opex": 49127000,
      "cogs": null,
      "rd": 36620000,
      "sga": null,
      "fcf": -1504000,
      "ocf": -629000,
      "capex": -875000,
      "gross_margin": null,
      "op_margin": -0.5921892724031761,
      "fcf_margin": -0.048744125749473344,
      "incr_op_margin_yoy": 1.079466617222145,
      "rev_growth_yoy": -0.8075087496022908,
      "rev_growth_yoy_accel": -3.183976697840753,
      "fcf_margin_change": 0.6908881294565523
    },
    {
      "date": "2024-03-31T00:00:00",
      "quarter_label": "2024-03 (Q1)",
      "revenue": 38012000,
      "gross_profit": null,
      "operating_income": -30412000,
      "net_income": -26817000,
      "opex": 68424000,
      "cogs": null,
      "rd": 53573000,
      "sga": null,
      "fcf": -5797000,
      "ocf": -5557000,
      "capex": -240000,
      "gross_margin": null,
      "op_margin": -0.8000631379564348,
      "fcf_margin": -0.15250447227191413,
      "incr_op_margin_yoy": 1.068459773377806,
      "rev_growth_yoy": -0.5265367129600798,
      "rev_growth_yoy_accel": 0.28097203664221104,
      "op_leverage_ratio": 0.5905217713939748,
      "fcf_margin_change": -0.10376034652244079
    },
    {
      "date": "2024-06-30T00:00:00",
      "quarter_label": "2024-06 (Q2)",
      "revenue": 49859000,
      "gross_profit": null,
      "operating_income": -21126000,
      "net_income": -17216000,
      "opex": 70985000,
      "cogs": null,
      "rd": 58669000,
      "sga": null,
      "fcf": -30470000,
      "ocf": -30142000,
      "capex": -328000,
      "gross_margin": null,
      "op_margin": -0.4237148759501795,
      "fcf_margin": -0.6111233678974709,
      "incr_op_margin_yoy": 0.8705643111337061,
      "rev_growth_yoy": 3.7398992299648257,
      "rev_growth_yoy_accel": 4.266435942924906,
      "op_leverage_ratio": 8.32696134141737,
      "fcf_margin_change": -0.4586188956255568
    },
    {
      "date": "2024-09-30T00:00:00",
      "quarter_label": "2024-09 (Q3)",
      "revenue": 41673000,
      "gross_profit": null,
      "operating_income": -10737000,
      "net_income": -6903000,
      "opex": 52410000,
      "cogs": null,
      "rd": 39134000,
      "sga": null,
      "fcf": -23844000,
      "ocf": -23764000,
      "capex": -80000,
      "gross_margin": null,
      "op_margin": -0.25764883737671873,
      "fcf_margin": -0.5721690303073933,
      "incr_op_margin_yoy": -2.47389674069801,
      "rev_growth_yoy": -0.07680549401860877,
      "rev_growth_yoy_accel": -3.8167047239834346,
      "fcf_margin_change": 0.0389543375900776
    },
    {
      "date": "2024-12-31T00:00:00",
      "quarter_label": "2024-12 (Q4)",
      "revenue": 22766000,
      "gross_profit": null,
      "operating_income": -33394000,
      "net_income": -30005000,
      "opex": 56160000,
      "cogs": null,
      "rd": 43780000,
      "sga": null,
      "fcf": -284000,
      "ocf": -284000,
      "capex": null,
      "gross_margin": null,
      "op_margin": -1.4668365105859615,
      "fcf_margin": -0.012474743037863481,
      "incr_op_margin_yoy": 1.8694523426876004,
      "rev_growth_yoy": -0.26216172419380973,
      "rev_growth_yoy_accel": -0.18535623017520098,
      "fcf_margin_change": 0.5596942872695299
    },
    {
      "date": "2025-03-31T00:00:00",
      "quarter_label": "2025-03 (Q1)",
      "revenue": 29382000,
      "gross_profit": null,
      "operating_income": -16826000,
      "net_income": -14076000,
      "opex": 46208000,
      "cogs": null,
      "rd": 34893000,
      "sga": null,
      "fcf": -35275000,
      "ocf": -35138000,
      "capex": -137000,
      "gross_margin": null,
      "op_margin": -0.5726635354979239,
      "fcf_margin": -1.2005649717514124,
      "incr_op_margin_yoy": -1.5742757821552722,
      "rev_growth_yoy": -0.22703356834683783,
      "rev_growth_yoy_accel": 0.035128155846971904,
      "op_leverage_ratio": Infinity,
      "fcf_margin_change": -1.1880902287135489
    },
    {
      "date": "2025-06-30T00:00:00",
      "quarter_label": "2025-06 (Q2)",
      "revenue": 28301000,
      "gross_profit": null,
      "operating_income": -11616000,
      "net_income": -9180000,
      "opex": 39917000,
      "cogs": null,
      "rd": 29579000,
      "sga": null,
      "fcf": -5755000,
      "ocf": -5755000,
      "capex": null,
      "gross_margin": null,
      "op_margin": -0.4104448606056323,
      "fcf_margin": -0.203349704957422,
      "incr_op_margin_yoy": -0.4411355413303646,
      "rev_growth_yoy": -0.4323793096532221,
      "rev_growth_yoy_accel": -0.20534574130638425,
      "fcf_margin_change": 0.9972152667939904
    },
    {
      "date": "2025-09-30T00:00:00",
      "quarter_label": "2025-09 (Q3)",
      "revenue": 17151000,
      "gross_profit": null,
      "operating_income": -16512000,
      "net_income": -13448000,
      "opex": 33663000,
      "cogs": null,
      "rd": 23265000,
      "sga": null,
      "fcf": -17332000,
      "ocf": -17151000,
      "capex": -181000,
      "gross_margin": null,
      "op_margin": -0.9627426972188211,
      "fcf_margin": -1.010553320506093,
      "incr_op_margin_yoy": 0.2355028137998532,
      "rev_growth_yoy": -0.5884385573392844,
      "rev_growth_yoy_accel": -0.15605924768606233,
      "fcf_margin_change": -0.807203615548671
    }
  ],
  "signals": [
    {
      "quarter": "2025-09 (Q3)",
      "signal": "YoY REVENUE GROWTH DECELERATION",
      "detail": "YoY growth: -58.8% vs prior quarter YoY: -43.2% (decel: -15.6%)",
      "severity": "WARNING"
    },
    {
      "quarter": "2025-06 (Q2)",
      "signal": "FCF MARGIN EXPANSION",
      "detail": "FCF margin: -120.1% -> -20.3% (+99.7%)",
      "severity": "MEDIUM"
    },
    {
      "quarter": "2025-06 (Q2)",
      "signal": "YoY REVENUE GROWTH DECELERATION",
      "detail": "YoY growth: -43.2% vs prior quarter YoY: -22.7% (decel: -20.5%)",
      "severity": "WARNING"
    },
    {
      "quarter": "2024-12 (Q4)",
      "signal": "FCF MARGIN EXPANSION",
      "detail": "FCF margin: -57.2% -> -1.2% (+56.0%)",
      "severity": "MEDIUM"
    },
    {
      "quarter": "2024-12 (Q4)",
      "signal": "YoY REVENUE GROWTH DECELERATION",
      "detail": "YoY growth: -26.2% vs prior quarter YoY: -7.7% (decel: -18.5%)",
      "severity": "WARNING"
    },
    {
      "quarter": "2024-09 (Q3)",
      "signal": "YoY REVENUE GROWTH DECELERATION",
      "detail": "YoY growth: -7.7% vs prior quarter YoY: +374.0% (decel: -381.7%)",
      "severity": "WARNING"
    },
    {
      "quarter": "2024-06 (Q2)",
      "signal": "OPERATING LEVERAGE",
      "detail": "Rev growth +31.2% vs OpEx growth +3.7% (leverage: 8.3x)",
      "severity": "MEDIUM"
    },
    {
      "quarter": "2024-06 (Q2)",
      "signal": "YoY REVENUE GROWTH ACCELERATION",
      "detail": "YoY growth: +374.0% vs prior quarter YoY: -52.7% (accel: +426.6%)",
      "severity": "HIGH"
    },
    {
      "quarter": "2024-03 (Q1)",
      "signal": "YoY REVENUE GROWTH ACCELERATION",
      "detail": "YoY growth: -52.7% vs prior quarter YoY: -80.8% (accel: +28.1%)",
      "severity": "HIGH"
    },
    {
      "quarter": "2023-12 (Q4)",
      "signal": "FCF MARGIN EXPANSION",
      "detail": "FCF margin: -74.0% -> -4.9% (+69.1%)",
      "severity": "MEDIUM"
    },
    {
      "quarter": "2023-12 (Q4)",
      "signal": "YoY REVENUE GROWTH DECELERATION",
      "detail": "YoY growth: -80.8% vs prior quarter YoY: +237.6% (decel: -318.4%)",
      "severity": "WARNING"
    },
    {
      "quarter": "2023-09 (Q3)",
      "signal": "YoY REVENUE GROWTH ACCELERATION",
      "detail": "YoY growth: +237.6% vs prior quarter YoY: -61.2% (accel: +298.8%)",
      "severity": "HIGH"
    },
    {
      "quarter": "2023-06 (Q2)",
      "signal": "FCF TURNED POSITIVE",
      "detail": "FCF margin: -45.5% -> +479.6%",
      "severity": "HIGH"
    },
    {
      "quarter": "2023-06 (Q2)",
      "signal": "YoY REVENUE GROWTH DECELERATION",
      "detail": "YoY growth: -61.2% vs prior quarter YoY: +1431.0% (decel: -1492.2%)",
      "severity": "WARNING"
    },
    {
      "quarter": "2023-03 (Q1)",
      "signal": "YoY REVENUE GROWTH DECELERATION",
      "detail": "YoY growth: +1431.0% vs prior quarter YoY: +2666.5% (decel: -1235.5%)",
      "severity": "WARNING"
    },
    {
      "quarter": "2023-03 (Q1)",
      "signal": "OP MARGIN TURNED POSITIVE (YoY)",
      "detail": "Op margin: -960.7% (year-ago) -> +18.4%",
      "severity": "HIGH"
    },
    {
      "quarter": "2022-12 (Q4)",
      "signal": "FCF TURNED POSITIVE",
      "detail": "FCF margin: -333.5% -> +97.6%",
      "severity": "HIGH"
    },
    {
      "quarter": "2022-12 (Q4)",
      "signal": "YoY REVENUE GROWTH ACCELERATION",
      "detail": "YoY growth: +2666.5% vs prior quarter YoY: +448.6% (accel: +2218.0%)",
      "severity": "HIGH"
    },
    {
      "quarter": "2022-12 (Q4)",
      "signal": "OP MARGIN TURNED POSITIVE (YoY)",
      "detail": "Op margin: -649.7% (year-ago) -> +75.8%",
      "severity": "HIGH"
    },
    {
      "quarter": "2022-12 (Q4)",
      "signal": "OP MARGIN TURNED POSITIVE (QoQ)",
      "detail": "Op margin: -275.3% -> +75.8%",
      "severity": "HIGH"
    },
    {
      "quarter": "2022-09 (Q3)",
      "signal": "YoY REVENUE GROWTH DECELERATION",
      "detail": "YoY growth: +448.6% vs prior quarter YoY: +1254.0% (decel: -805.4%)",
      "severity": "WARNING"
    },
    {
      "quarter": "2022-06 (Q2)",
      "signal": "FCF MARGIN EXPANSION",
      "detail": "FCF margin: -975.4% -> -134.5% (+840.9%)",
      "severity": "MEDIUM"
    },
    {
      "quarter": "2022-06 (Q2)",
      "signal": "YoY REVENUE GROWTH ACCELERATION",
      "detail": "YoY growth: +1254.0% vs prior quarter YoY: +146.5% (accel: +1107.4%)",
      "severity": "HIGH"
    },
    {
      "quarter": "2022-03 (Q1)",
      "signal": "YoY REVENUE GROWTH DECELERATION",
      "detail": "YoY growth: +146.5% vs prior quarter YoY: +158.9% (decel: -12.3%)",
      "severity": "WARNING"
    },
    {
      "quarter": "2021-09 (Q3)",
      "signal": "FCF MARGIN EXPANSION",
      "detail": "FCF margin: -1666.5% -> -755.8% (+910.7%)",
      "severity": "MEDIUM"
    },
    {
      "quarter": "2021-09 (Q3)",
      "signal": "OPERATING LEVERAGE",
      "detail": "Rev growth +21.8% vs OpEx growth +1.0% (leverage: 22.6x)",
      "severity": "MEDIUM"
    },
    {
      "quarter": "2021-06 (Q2)",
      "signal": "FCF MARGIN EXPANSION",
      "detail": "FCF margin: -2024.8% -> -1666.5% (+358.3%)",
      "severity": "MEDIUM"
    }
  ],
  "data_quality": {
    "n_quarters": 20,
    "coverage": {
      "revenue": [
        20,
        20
      ],
      "gross_profit": [
        0,
        20
      ],
      "op_income": [
        20,
        20
      ],
      "fcf": [
        20,
        20
      ]
    },
    "gaps": [],
    "warnings": [
      "gross_profit: no data"
    ]
  },
  "market_cap": null,
  "source": "SEC EDGAR",
  "last_updated": "2026-02-02T22:59:24.504510",
  "sector": "Healthcare",
  "industry": "Biotechnology"
}