{
  "ticker": "ARDS",
  "name": "Aridis Pharmaceuticals, Inc.",
  "quarters": [
    {
      "date": "2017-12-31T00:00:00",
      "quarter_label": "2017-12 (Q4)",
      "revenue": 793000,
      "gross_profit": null,
      "operating_income": null,
      "net_income": null,
      "opex": null,
      "cogs": null,
      "rd": null,
      "sga": null,
      "fcf": null,
      "ocf": null,
      "capex": null,
      "gross_margin": null,
      "op_margin": null,
      "fcf_margin": null
    },
    {
      "date": "2018-03-31T00:00:00",
      "quarter_label": "2018-03 (Q1)",
      "revenue": 322000,
      "gross_profit": null,
      "operating_income": null,
      "net_income": null,
      "opex": null,
      "cogs": null,
      "rd": null,
      "sga": null,
      "fcf": null,
      "ocf": null,
      "capex": -272000,
      "gross_margin": null,
      "op_margin": null,
      "fcf_margin": null
    },
    {
      "date": "2018-06-30T00:00:00",
      "quarter_label": "2018-06 (Q2)",
      "revenue": 22000,
      "gross_profit": null,
      "operating_income": null,
      "net_income": null,
      "opex": null,
      "cogs": null,
      "rd": null,
      "sga": null,
      "fcf": null,
      "ocf": null,
      "capex": -647000,
      "gross_margin": null,
      "op_margin": null,
      "fcf_margin": null
    },
    {
      "date": "2018-09-30T00:00:00",
      "quarter_label": "2018-09 (Q3)",
      "revenue": 1022000,
      "gross_profit": null,
      "operating_income": null,
      "net_income": null,
      "opex": null,
      "cogs": null,
      "rd": null,
      "sga": null,
      "fcf": null,
      "ocf": null,
      "capex": 242000,
      "gross_margin": null,
      "op_margin": null,
      "fcf_margin": null
    },
    {
      "date": "2018-12-31T00:00:00",
      "quarter_label": "2018-12 (Q4)",
      "revenue": 1390000,
      "gross_profit": null,
      "operating_income": -5577000,
      "net_income": -5439000,
      "opex": 6967000,
      "cogs": null,
      "rd": 5582000,
      "sga": null,
      "fcf": -9173000,
      "ocf": -8850000,
      "capex": -323000,
      "gross_margin": null,
      "op_margin": -4.012230215827338,
      "fcf_margin": -6.599280575539568,
      "rev_growth_yoy": 0.7528373266078184
    },
    {
      "date": "2019-03-31T00:00:00",
      "quarter_label": "2019-03 (Q1)",
      "revenue": 1022000,
      "gross_profit": null,
      "operating_income": -7737000,
      "net_income": -8063000,
      "opex": 8759000,
      "cogs": null,
      "rd": 7118000,
      "sga": null,
      "fcf": -7934000,
      "ocf": -7814000,
      "capex": -120000,
      "gross_margin": null,
      "op_margin": -7.570450097847358,
      "fcf_margin": -7.763209393346379,
      "rev_growth_yoy": 2.1739130434782608,
      "rev_growth_yoy_accel": 1.4210757168704422,
      "fcf_margin_change": -1.163928817806811
    },
    {
      "date": "2019-12-31T00:00:00",
      "quarter_label": "2019-12 (Q4)",
      "revenue": 0,
      "gross_profit": null,
      "operating_income": -5689000,
      "net_income": -5648000,
      "opex": 5689000,
      "cogs": null,
      "rd": 4301000,
      "sga": null,
      "fcf": 3549000,
      "ocf": 3670000,
      "capex": -121000,
      "gross_margin": null,
      "op_margin": null,
      "fcf_margin": null,
      "incr_op_margin_yoy": 0.08057553956834532,
      "rev_growth_yoy": -1.0,
      "rev_growth_yoy_accel": -3.1739130434782608
    },
    {
      "date": "2020-06-30T00:00:00",
      "quarter_label": "2020-06 (Q2)",
      "revenue": 1000000,
      "gross_profit": null,
      "operating_income": -4230000,
      "net_income": -4220000,
      "opex": 5230000,
      "cogs": null,
      "rd": 3647000,
      "sga": null,
      "fcf": -5227000,
      "ocf": -5223000,
      "capex": -4000,
      "gross_margin": null,
      "op_margin": -4.23,
      "fcf_margin": -5.227
    },
    {
      "date": "2020-12-31T00:00:00",
      "quarter_label": "2020-12 (Q4)",
      "revenue": 0,
      "gross_profit": null,
      "operating_income": -5823000,
      "net_income": -5823000,
      "opex": 5823000,
      "cogs": null,
      "rd": 4231000,
      "sga": null,
      "fcf": -5429000,
      "ocf": -5095000,
      "capex": -334000,
      "gross_margin": null,
      "op_margin": null,
      "fcf_margin": null
    },
    {
      "date": "2021-03-31T00:00:00",
      "quarter_label": "2021-03 (Q1)",
      "revenue": 0,
      "gross_profit": null,
      "operating_income": -6899000,
      "net_income": -6891000,
      "opex": 6899000,
      "cogs": null,
      "rd": 4955000,
      "sga": null,
      "fcf": -4342000,
      "ocf": -4007000,
      "capex": -335000,
      "gross_margin": null,
      "op_margin": null,
      "fcf_margin": null
    },
    {
      "date": "2021-06-30T00:00:00",
      "quarter_label": "2021-06 (Q2)",
      "revenue": 33000,
      "gross_profit": null,
      "operating_income": -6234000,
      "net_income": -5490000,
      "opex": 6267000,
      "cogs": null,
      "rd": 4573000,
      "sga": null,
      "fcf": -6731000,
      "ocf": -6607000,
      "capex": -124000,
      "gross_margin": null,
      "op_margin": -188.9090909090909,
      "fcf_margin": -203.96969696969697,
      "rev_growth_yoy": -0.967
    },
    {
      "date": "2021-09-30T00:00:00",
      "quarter_label": "2021-09 (Q3)",
      "revenue": 515000,
      "gross_profit": null,
      "operating_income": -21026000,
      "net_income": -21002000,
      "opex": 21541000,
      "cogs": null,
      "rd": 19842000,
      "sga": null,
      "fcf": -8707000,
      "ocf": -8593000,
      "capex": -114000,
      "gross_margin": null,
      "op_margin": -40.82718446601942,
      "fcf_margin": -16.906796116504854,
      "op_leverage_ratio": 5.992941064435107,
      "fcf_margin_change": 187.0629008531921
    },
    {
      "date": "2021-12-31T00:00:00",
      "quarter_label": "2021-12 (Q4)",
      "revenue": 987000,
      "gross_profit": null,
      "operating_income": -8552000,
      "net_income": -8810000,
      "opex": 9539000,
      "cogs": null,
      "rd": 7566000,
      "sga": null,
      "fcf": -3686000,
      "ocf": -3729000,
      "capex": 43000,
      "gross_margin": null,
      "op_margin": -8.664640324214792,
      "fcf_margin": -3.734549138804458,
      "op_leverage_ratio": Infinity,
      "fcf_margin_change": 13.172246977700397
    },
    {
      "date": "2022-03-31T00:00:00",
      "quarter_label": "2022-03 (Q1)",
      "revenue": 1187000,
      "gross_profit": null,
      "operating_income": -7424000,
      "net_income": -7766000,
      "opex": 8611000,
      "cogs": null,
      "rd": 6450000,
      "sga": null,
      "fcf": -10187000,
      "ocf": -10166000,
      "capex": -21000,
      "gross_margin": null,
      "op_margin": -6.254422914911542,
      "fcf_margin": -8.582139848357203,
      "incr_op_margin_yoy": -0.44229149115417016,
      "op_leverage_ratio": Infinity,
      "fcf_margin_change": -4.847590709552745
    },
    {
      "date": "2022-06-30T00:00:00",
      "quarter_label": "2022-06 (Q2)",
      "revenue": 292000,
      "gross_profit": null,
      "operating_income": -7737000,
      "net_income": -7979000,
      "opex": 8029000,
      "cogs": null,
      "rd": 6348000,
      "sga": null,
      "fcf": -6151000,
      "ocf": -6139000,
      "capex": -12000,
      "gross_margin": null,
      "op_margin": -26.496575342465754,
      "fcf_margin": -21.065068493150687,
      "rev_growth_yoy": 7.848484848484849,
      "fcf_margin_change": -12.482928644793484
    },
    {
      "date": "2022-09-30T00:00:00",
      "quarter_label": "2022-09 (Q3)",
      "revenue": 399000,
      "gross_profit": null,
      "operating_income": -7412000,
      "net_income": -8239000,
      "opex": 7811000,
      "cogs": null,
      "rd": 6118000,
      "sga": null,
      "fcf": -4265000,
      "ocf": -4265000,
      "capex": null,
      "gross_margin": null,
      "op_margin": -18.576441102756892,
      "fcf_margin": -10.68922305764411,
      "rev_growth_yoy": -0.22524271844660193,
      "rev_growth_yoy_accel": -8.073727566931451,
      "op_leverage_ratio": Infinity,
      "fcf_margin_change": 10.375845435506577
    },
    {
      "date": "2022-12-31T00:00:00",
      "quarter_label": "2022-12 (Q4)",
      "revenue": 1213000,
      "gross_profit": null,
      "operating_income": -7420000,
      "net_income": -6387000,
      "opex": 8633000,
      "cogs": null,
      "rd": 7007000,
      "sga": null,
      "fcf": -8606000,
      "ocf": -8557000,
      "capex": -49000,
      "gross_margin": null,
      "op_margin": -6.117065127782358,
      "fcf_margin": -7.094806265457543,
      "rev_growth_yoy": 0.22897669706180346,
      "rev_growth_yoy_accel": 0.4542194155084054,
      "op_leverage_ratio": 19.385916128520815,
      "fcf_margin_change": 3.594416792186567
    },
    {
      "date": "2023-03-31T00:00:00",
      "quarter_label": "2023-03 (Q1)",
      "revenue": 1082000,
      "gross_profit": null,
      "operating_income": -6263000,
      "net_income": -6816000,
      "opex": 7345000,
      "cogs": null,
      "rd": 5531000,
      "sga": null,
      "fcf": -4002000,
      "ocf": -4002000,
      "capex": null,
      "gross_margin": null,
      "op_margin": -5.788354898336414,
      "fcf_margin": -3.698706099815157,
      "rev_growth_yoy": -0.08845829823083404,
      "rev_growth_yoy_accel": -0.3174349952926375,
      "fcf_margin_change": 3.396100165642386
    },
    {
      "date": "2023-06-30T00:00:00",
      "quarter_label": "2023-06 (Q2)",
      "revenue": 19647000,
      "gross_profit": null,
      "operating_income": 13669000,
      "net_income": 12144000,
      "opex": 5978000,
      "cogs": null,
      "rd": 4668000,
      "sga": null,
      "fcf": -4343000,
      "ocf": -4343000,
      "capex": null,
      "gross_margin": null,
      "op_margin": 0.6957296279330177,
      "fcf_margin": -0.22105156003461088,
      "incr_op_margin_yoy": 1.1059674502712478,
      "rev_growth_yoy": 66.28424657534246,
      "rev_growth_yoy_accel": 66.3727048735733,
      "op_leverage_ratio": Infinity,
      "fcf_margin_change": 3.4776545397805463
    },
    {
      "date": "2023-09-30T00:00:00",
      "quarter_label": "2023-09 (Q3)",
      "revenue": 417000,
      "gross_profit": null,
      "operating_income": -869000,
      "net_income": -83000,
      "opex": 1286000,
      "cogs": null,
      "rd": 175000,
      "sga": null,
      "fcf": -983000,
      "ocf": -983000,
      "capex": null,
      "gross_margin": null,
      "op_margin": -2.0839328537170263,
      "fcf_margin": -2.357314148681055,
      "rev_growth_yoy": 0.045112781954887216,
      "rev_growth_yoy_accel": -66.23913379338758,
      "fcf_margin_change": -2.1362625886464444
    }
  ],
  "signals": [
    {
      "quarter": "2023-09 (Q3)",
      "signal": "YoY REVENUE GROWTH DECELERATION",
      "detail": "YoY growth: +4.5% vs prior quarter YoY: +6628.4% (decel: -6623.9%)",
      "severity": "WARNING"
    },
    {
      "quarter": "2023-06 (Q2)",
      "signal": "FCF MARGIN EXPANSION",
      "detail": "FCF margin: -369.9% -> -22.1% (+347.8%)",
      "severity": "MEDIUM"
    },
    {
      "quarter": "2023-06 (Q2)",
      "signal": "YoY REVENUE GROWTH ACCELERATION",
      "detail": "YoY growth: +6628.4% vs prior quarter YoY: -8.8% (accel: +6637.3%)",
      "severity": "HIGH"
    },
    {
      "quarter": "2023-06 (Q2)",
      "signal": "OP MARGIN TURNED POSITIVE (YoY)",
      "detail": "Op margin: -2649.7% (year-ago) -> +69.6%",
      "severity": "HIGH"
    },
    {
      "quarter": "2023-06 (Q2)",
      "signal": "OP MARGIN TURNED POSITIVE (QoQ)",
      "detail": "Op margin: -578.8% -> +69.6%",
      "severity": "HIGH"
    },
    {
      "quarter": "2023-03 (Q1)",
      "signal": "FCF MARGIN EXPANSION",
      "detail": "FCF margin: -709.5% -> -369.9% (+339.6%)",
      "severity": "MEDIUM"
    },
    {
      "quarter": "2023-03 (Q1)",
      "signal": "YoY REVENUE GROWTH DECELERATION",
      "detail": "YoY growth: -8.8% vs prior quarter YoY: +22.9% (decel: -31.7%)",
      "severity": "WARNING"
    },
    {
      "quarter": "2022-12 (Q4)",
      "signal": "FCF MARGIN EXPANSION",
      "detail": "FCF margin: -1068.9% -> -709.5% (+359.4%)",
      "severity": "MEDIUM"
    },
    {
      "quarter": "2022-12 (Q4)",
      "signal": "OPERATING LEVERAGE",
      "detail": "Rev growth +204.0% vs OpEx growth +10.5% (leverage: 19.4x)",
      "severity": "MEDIUM"
    },
    {
      "quarter": "2022-12 (Q4)",
      "signal": "YoY REVENUE GROWTH ACCELERATION",
      "detail": "YoY growth: +22.9% vs prior quarter YoY: -22.5% (accel: +45.4%)",
      "severity": "HIGH"
    },
    {
      "quarter": "2022-09 (Q3)",
      "signal": "FCF MARGIN EXPANSION",
      "detail": "FCF margin: -2106.5% -> -1068.9% (+1037.6%)",
      "severity": "MEDIUM"
    },
    {
      "quarter": "2022-09 (Q3)",
      "signal": "YoY REVENUE GROWTH DECELERATION",
      "detail": "YoY growth: -22.5% vs prior quarter YoY: +784.8% (decel: -807.4%)",
      "severity": "WARNING"
    },
    {
      "quarter": "2021-12 (Q4)",
      "signal": "FCF MARGIN EXPANSION",
      "detail": "FCF margin: -1690.7% -> -373.5% (+1317.2%)",
      "severity": "MEDIUM"
    },
    {
      "quarter": "2021-09 (Q3)",
      "signal": "FCF MARGIN EXPANSION",
      "detail": "FCF margin: -20397.0% -> -1690.7% (+18706.3%)",
      "severity": "MEDIUM"
    },
    {
      "quarter": "2021-09 (Q3)",
      "signal": "OPERATING LEVERAGE",
      "detail": "Rev growth +1460.6% vs OpEx growth +243.7% (leverage: 6.0x)",
      "severity": "MEDIUM"
    },
    {
      "quarter": "2019-12 (Q4)",
      "signal": "YoY REVENUE GROWTH DECELERATION",
      "detail": "YoY growth: -100.0% vs prior quarter YoY: +217.4% (decel: -317.4%)",
      "severity": "WARNING"
    },
    {
      "quarter": "2019-03 (Q1)",
      "signal": "YoY REVENUE GROWTH ACCELERATION",
      "detail": "YoY growth: +217.4% vs prior quarter YoY: +75.3% (accel: +142.1%)",
      "severity": "HIGH"
    }
  ],
  "data_quality": {
    "n_quarters": 20,
    "coverage": {
      "revenue": [
        20,
        20
      ],
      "gross_profit": [
        0,
        20
      ],
      "op_income": [
        16,
        20
      ],
      "fcf": [
        16,
        20
      ]
    },
    "gaps": [
      [
        "2019-03 (Q1)",
        "2019-12 (Q4)",
        275
      ],
      [
        "2019-12 (Q4)",
        "2020-06 (Q2)",
        182
      ],
      [
        "2020-06 (Q2)",
        "2020-12 (Q4)",
        184
      ]
    ],
    "warnings": [
      "gross_profit: no data",
      "gap: 2Q missing between 2019-03 (Q1) and 2019-12 (Q4)",
      "gap: 1Q missing between 2019-12 (Q4) and 2020-06 (Q2)",
      "gap: 1Q missing between 2020-06 (Q2) and 2020-12 (Q4)"
    ]
  },
  "market_cap": null,
  "source": "SEC EDGAR",
  "last_updated": "2026-02-03T01:07:09.024259",
  "sector": "Healthcare",
  "industry": "Biotechnology"
}