{
  "ticker": "ARDT",
  "name": "Ardent Health, Inc.",
  "quarters": [
    {
      "date": "2023-06-30T00:00:00",
      "quarter_label": "2023-06 (Q2)",
      "revenue": 1368734000,
      "gross_profit": null,
      "operating_income": null,
      "net_income": 33076000,
      "opex": 1300917000,
      "cogs": null,
      "rd": null,
      "sga": null,
      "fcf": null,
      "ocf": null,
      "capex": null,
      "gross_margin": null,
      "op_margin": null,
      "fcf_margin": null
    },
    {
      "date": "2023-09-30T00:00:00",
      "quarter_label": "2023-09 (Q3)",
      "revenue": 1377727000,
      "gross_profit": null,
      "operating_income": null,
      "net_income": 20838000,
      "opex": 1331758000,
      "cogs": null,
      "rd": null,
      "sga": null,
      "fcf": 88653000,
      "ocf": 88653000,
      "capex": null,
      "gross_margin": null,
      "op_margin": null,
      "fcf_margin": 0.0643472908638649
    },
    {
      "date": "2023-12-31T00:00:00",
      "quarter_label": "2023-12 (Q4)",
      "revenue": 1346034000,
      "gross_profit": null,
      "operating_income": null,
      "net_income": -4153000,
      "opex": 1337207000,
      "cogs": null,
      "rd": null,
      "sga": null,
      "fcf": 67499000,
      "ocf": 67499000,
      "capex": null,
      "gross_margin": null,
      "op_margin": null,
      "fcf_margin": 0.05014657876398367,
      "fcf_margin_change": -0.014200712099881226
    },
    {
      "date": "2024-03-31T00:00:00",
      "quarter_label": "2024-03 (Q1)",
      "revenue": 1439046000,
      "gross_profit": null,
      "operating_income": null,
      "net_income": 27047000,
      "opex": 1382482000,
      "cogs": null,
      "rd": null,
      "sga": null,
      "fcf": -14689000,
      "ocf": -14689000,
      "capex": null,
      "gross_margin": null,
      "op_margin": null,
      "fcf_margin": -0.010207456884630511,
      "op_leverage_ratio": 2.0409066241941978,
      "fcf_margin_change": -0.060354035648614184
    },
    {
      "date": "2024-06-30T00:00:00",
      "quarter_label": "2024-06 (Q2)",
      "revenue": 1470920000,
      "gross_profit": null,
      "operating_income": null,
      "net_income": 42770000,
      "opex": 1388737000,
      "cogs": null,
      "rd": null,
      "sga": null,
      "fcf": 120438000,
      "ocf": 120438000,
      "capex": null,
      "gross_margin": null,
      "op_margin": null,
      "fcf_margin": 0.08187936801457592,
      "rev_growth_yoy": 0.0746573110626316,
      "op_leverage_ratio": 4.895466275539795,
      "fcf_margin_change": 0.09208682489920643
    },
    {
      "date": "2024-09-30T00:00:00",
      "quarter_label": "2024-09 (Q3)",
      "revenue": 1449817000,
      "gross_profit": null,
      "operating_income": null,
      "net_income": 26322000,
      "opex": 1392750000,
      "cogs": null,
      "rd": null,
      "sga": null,
      "fcf": 89708000,
      "ocf": 89708000,
      "capex": null,
      "gross_margin": null,
      "op_margin": null,
      "fcf_margin": 0.06187539530851135,
      "rev_growth_yoy": 0.05232531553783877,
      "rev_growth_yoy_accel": -0.022331995524792828,
      "fcf_margin_change": -0.02000397270606457
    },
    {
      "date": "2024-12-31T00:00:00",
      "quarter_label": "2024-12 (Q4)",
      "revenue": 1606289000,
      "gross_profit": null,
      "operating_income": null,
      "net_income": 114204000,
      "opex": 1439043000,
      "cogs": null,
      "rd": null,
      "sga": null,
      "fcf": 119569000,
      "ocf": 119569000,
      "capex": null,
      "gross_margin": null,
      "op_margin": null,
      "fcf_margin": 0.07443803699085283,
      "rev_growth_yoy": 0.19334949934399873,
      "rev_growth_yoy_accel": 0.14102418380615994,
      "op_leverage_ratio": 3.246992511468599,
      "fcf_margin_change": 0.012562641682341481
    },
    {
      "date": "2025-03-31T00:00:00",
      "quarter_label": "2025-03 (Q1)",
      "revenue": 1497234000,
      "gross_profit": null,
      "operating_income": null,
      "net_income": 41383000,
      "opex": 1423036000,
      "cogs": null,
      "rd": null,
      "sga": null,
      "fcf": -24787000,
      "ocf": -24787000,
      "capex": null,
      "gross_margin": null,
      "op_margin": null,
      "fcf_margin": -0.01655519444522366,
      "rev_growth_yoy": 0.04043512160139426,
      "rev_growth_yoy_accel": -0.15291437774260447,
      "fcf_margin_change": -0.09099323143607649
    },
    {
      "date": "2025-06-30T00:00:00",
      "quarter_label": "2025-06 (Q2)",
      "revenue": 1645280000,
      "gross_profit": null,
      "operating_income": null,
      "net_income": 72950000,
      "opex": 1523288000,
      "cogs": null,
      "rd": null,
      "sga": null,
      "fcf": 117490000,
      "ocf": 117490000,
      "capex": null,
      "gross_margin": null,
      "op_margin": null,
      "fcf_margin": 0.07141033745016045,
      "rev_growth_yoy": 0.11853805781415713,
      "rev_growth_yoy_accel": 0.07810293621276287,
      "op_leverage_ratio": 1.4035563024705742,
      "fcf_margin_change": 0.08796553189538411
    },
    {
      "date": "2025-09-30T00:00:00",
      "quarter_label": "2025-09 (Q3)",
      "revenue": 1576746000,
      "gross_profit": null,
      "operating_income": null,
      "net_income": -23478000,
      "opex": 1578949000,
      "cogs": null,
      "rd": null,
      "sga": null,
      "fcf": 154372000,
      "ocf": 154372000,
      "capex": null,
      "gross_margin": null,
      "op_margin": null,
      "fcf_margin": 0.09790543308814482,
      "rev_growth_yoy": 0.08754829057736252,
      "rev_growth_yoy_accel": -0.030989767236794613,
      "fcf_margin_change": 0.02649509563798437
    }
  ],
  "signals": [
    {
      "quarter": "2025-06 (Q2)",
      "signal": "FCF TURNED POSITIVE",
      "detail": "FCF margin: -1.7% -> +7.1%",
      "severity": "HIGH"
    },
    {
      "quarter": "2025-06 (Q2)",
      "signal": "YoY REVENUE GROWTH ACCELERATION",
      "detail": "YoY growth: +11.9% vs prior quarter YoY: +4.0% (accel: +7.8%)",
      "severity": "MEDIUM"
    },
    {
      "quarter": "2025-03 (Q1)",
      "signal": "YoY REVENUE GROWTH DECELERATION",
      "detail": "YoY growth: +4.0% vs prior quarter YoY: +19.3% (decel: -15.3%)",
      "severity": "WARNING"
    },
    {
      "quarter": "2024-12 (Q4)",
      "signal": "OPERATING LEVERAGE",
      "detail": "Rev growth +10.8% vs OpEx growth +3.3% (leverage: 3.2x)",
      "severity": "MEDIUM"
    },
    {
      "quarter": "2024-12 (Q4)",
      "signal": "YoY REVENUE GROWTH ACCELERATION",
      "detail": "YoY growth: +19.3% vs prior quarter YoY: +5.2% (accel: +14.1%)",
      "severity": "MEDIUM"
    },
    {
      "quarter": "2024-06 (Q2)",
      "signal": "FCF TURNED POSITIVE",
      "detail": "FCF margin: -1.0% -> +8.2%",
      "severity": "HIGH"
    },
    {
      "quarter": "2024-06 (Q2)",
      "signal": "OPERATING LEVERAGE",
      "detail": "Rev growth +2.2% vs OpEx growth +0.5% (leverage: 4.9x)",
      "severity": "MEDIUM"
    },
    {
      "quarter": "2024-03 (Q1)",
      "signal": "OPERATING LEVERAGE",
      "detail": "Rev growth +6.9% vs OpEx growth +3.4% (leverage: 2.0x)",
      "severity": "MEDIUM"
    }
  ],
  "data_quality": {
    "n_quarters": 10,
    "coverage": {
      "revenue": [
        10,
        10
      ],
      "gross_profit": [
        0,
        10
      ],
      "op_income": [
        0,
        10
      ],
      "fcf": [
        9,
        10
      ]
    },
    "gaps": [],
    "warnings": [
      "gross_profit: no data",
      "op_income: no data"
    ]
  },
  "market_cap": null,
  "source": "SEC EDGAR",
  "last_updated": "2026-02-02T21:56:01.857280",
  "sector": "Healthcare",
  "industry": "Medical Care Facilities"
}