{
  "ticker": "ARE",
  "name": "ALEXANDRIA REAL ESTATE EQUITIES,\u00a0INC.",
  "quarters": [
    {
      "date": "2021-03-31T00:00:00",
      "quarter_label": "2021-03 (Q1)",
      "revenue": 479849000,
      "gross_profit": null,
      "operating_income": null,
      "net_income": 8121000,
      "opex": 461646000,
      "cogs": null,
      "rd": null,
      "sga": null,
      "fcf": 212053000,
      "ocf": 212053000,
      "capex": null,
      "gross_margin": null,
      "op_margin": null,
      "fcf_margin": 0.4419161027739977
    },
    {
      "date": "2021-06-30T00:00:00",
      "quarter_label": "2021-06 (Q2)",
      "revenue": 509619000,
      "gross_profit": null,
      "operating_income": null,
      "net_income": 385084000,
      "opex": 411971000,
      "cogs": null,
      "rd": null,
      "sga": null,
      "fcf": 239761000,
      "ocf": 239761000,
      "capex": null,
      "gross_margin": null,
      "op_margin": null,
      "fcf_margin": 0.4704710774127338,
      "op_leverage_ratio": Infinity,
      "fcf_margin_change": 0.02855497463873613
    },
    {
      "date": "2021-09-30T00:00:00",
      "quarter_label": "2021-09 (Q3)",
      "revenue": 547759000,
      "gross_profit": null,
      "operating_income": null,
      "net_income": 103147000,
      "opex": 493066000,
      "cogs": null,
      "rd": null,
      "sga": null,
      "fcf": 308823000,
      "ocf": 308823000,
      "capex": null,
      "gross_margin": null,
      "op_margin": null,
      "fcf_margin": 0.5637935661486164,
      "op_leverage_ratio": 0.3801960888934856,
      "fcf_margin_change": 0.09332248873588261
    },
    {
      "date": "2021-12-31T00:00:00",
      "quarter_label": "2021-12 (Q4)",
      "revenue": 576923000,
      "gross_profit": null,
      "operating_income": null,
      "net_income": 74895000,
      "opex": 491487000,
      "cogs": null,
      "rd": null,
      "sga": null,
      "fcf": 249560000,
      "ocf": 249560000,
      "capex": null,
      "gross_margin": null,
      "op_margin": null,
      "fcf_margin": 0.4325707243427632,
      "op_leverage_ratio": Infinity,
      "fcf_margin_change": -0.1312228418058532
    },
    {
      "date": "2022-03-31T00:00:00",
      "quarter_label": "2022-03 (Q1)",
      "revenue": 615065000,
      "gross_profit": null,
      "operating_income": null,
      "net_income": -149569000,
      "opex": 492358000,
      "cogs": null,
      "rd": null,
      "sga": null,
      "fcf": 191086000,
      "ocf": 191086000,
      "capex": null,
      "gross_margin": null,
      "op_margin": null,
      "fcf_margin": 0.31067610740328255,
      "rev_growth_yoy": 0.2817886460115578,
      "op_leverage_ratio": 37.306068962202225,
      "fcf_margin_change": -0.12189461693948067
    },
    {
      "date": "2022-06-30T00:00:00",
      "quarter_label": "2022-06 (Q2)",
      "revenue": 643764000,
      "gross_profit": null,
      "operating_income": null,
      "net_income": 272214000,
      "opex": 509333000,
      "cogs": null,
      "rd": null,
      "sga": null,
      "fcf": 339034000,
      "ocf": 339034000,
      "capex": null,
      "gross_margin": null,
      "op_margin": null,
      "fcf_margin": 0.5266433040679503,
      "rev_growth_yoy": 0.2632260571132552,
      "rev_growth_yoy_accel": -0.01856258889830259,
      "op_leverage_ratio": 1.353371310361285,
      "fcf_margin_change": 0.2159671966646678
    },
    {
      "date": "2022-09-30T00:00:00",
      "quarter_label": "2022-09 (Q3)",
      "revenue": 659852000,
      "gross_profit": null,
      "operating_income": null,
      "net_income": 344696000,
      "opex": 567843000,
      "cogs": null,
      "rd": null,
      "sga": null,
      "fcf": 363038000,
      "ocf": 363038000,
      "capex": null,
      "gross_margin": null,
      "op_margin": null,
      "fcf_margin": 0.5501809496675012,
      "rev_growth_yoy": 0.20463926653875153,
      "rev_growth_yoy_accel": -0.05858679057450367,
      "op_leverage_ratio": 0.21754398912851663,
      "fcf_margin_change": 0.02353764559955085
    },
    {
      "date": "2022-12-31T00:00:00",
      "quarter_label": "2022-12 (Q4)",
      "revenue": 670281000,
      "gross_profit": null,
      "operating_income": null,
      "net_income": 54319000,
      "opex": 555532000,
      "cogs": null,
      "rd": null,
      "sga": null,
      "fcf": 401163000,
      "ocf": 401163000,
      "capex": null,
      "gross_margin": null,
      "op_margin": null,
      "fcf_margin": 0.5984997336937792,
      "rev_growth_yoy": 0.16182055490940733,
      "rev_growth_yoy_accel": -0.0428187116293442,
      "op_leverage_ratio": Infinity,
      "fcf_margin_change": 0.04831878402627798
    },
    {
      "date": "2023-03-31T00:00:00",
      "quarter_label": "2023-03 (Q1)",
      "revenue": 700795000,
      "gross_profit": null,
      "operating_income": null,
      "net_income": 77862000,
      "opex": 534185000,
      "cogs": null,
      "rd": null,
      "sga": null,
      "fcf": 305570000,
      "ocf": 305570000,
      "capex": null,
      "gross_margin": null,
      "op_margin": null,
      "fcf_margin": 0.43603336211017485,
      "rev_growth_yoy": 0.13938364237926074,
      "rev_growth_yoy_accel": -0.022436912530146597,
      "op_leverage_ratio": Infinity,
      "fcf_margin_change": -0.16246637158360433
    },
    {
      "date": "2023-06-30T00:00:00",
      "quarter_label": "2023-06 (Q2)",
      "revenue": 713900000,
      "gross_profit": null,
      "operating_income": null,
      "net_income": 89937000,
      "opex": 716918000,
      "cogs": null,
      "rd": null,
      "sga": null,
      "fcf": 478473000,
      "ocf": 478473000,
      "capex": null,
      "gross_margin": null,
      "op_margin": null,
      "fcf_margin": 0.6702241210253537,
      "rev_growth_yoy": 0.10894675688606384,
      "rev_growth_yoy_accel": -0.030436885493196897,
      "op_leverage_ratio": 0.05466643277973401,
      "fcf_margin_change": 0.23419075891517882
    },
    {
      "date": "2023-09-30T00:00:00",
      "quarter_label": "2023-09 (Q3)",
      "revenue": 713788000,
      "gross_profit": null,
      "operating_income": null,
      "net_income": 24269000,
      "opex": 565104000,
      "cogs": null,
      "rd": null,
      "sga": null,
      "fcf": 417890000,
      "ocf": 417890000,
      "capex": null,
      "gross_margin": null,
      "op_margin": null,
      "fcf_margin": 0.585453944308394,
      "rev_growth_yoy": 0.08173954159417567,
      "rev_growth_yoy_accel": -0.027207215291888173,
      "fcf_margin_change": -0.08477017671695963
    },
    {
      "date": "2023-12-31T00:00:00",
      "quarter_label": "2023-12 (Q4)",
      "revenue": 757216000,
      "gross_profit": null,
      "operating_income": null,
      "net_income": -88429000,
      "opex": 871118000,
      "cogs": null,
      "rd": null,
      "sga": null,
      "fcf": 428617000,
      "ocf": 428617000,
      "capex": null,
      "gross_margin": null,
      "op_margin": null,
      "fcf_margin": 0.566043242615053,
      "rev_growth_yoy": 0.1296993350549993,
      "rev_growth_yoy_accel": 0.047959793460823644,
      "op_leverage_ratio": 0.11235377588872264,
      "fcf_margin_change": -0.019410701693341026
    },
    {
      "date": "2024-03-31T00:00:00",
      "quarter_label": "2024-03 (Q1)",
      "revenue": 769108000,
      "gross_profit": null,
      "operating_income": null,
      "net_income": 170545000,
      "opex": 593763000,
      "cogs": null,
      "rd": null,
      "sga": null,
      "fcf": 341157000,
      "ocf": 341157000,
      "capex": null,
      "gross_margin": null,
      "op_margin": null,
      "fcf_margin": 0.4435748945531707,
      "rev_growth_yoy": 0.09747929137622272,
      "rev_growth_yoy_accel": -0.032220043678776594,
      "op_leverage_ratio": Infinity,
      "fcf_margin_change": -0.12246834806188234
    },
    {
      "date": "2024-06-30T00:00:00",
      "quarter_label": "2024-06 (Q2)",
      "revenue": 766734000,
      "gross_profit": null,
      "operating_income": null,
      "net_income": 46702000,
      "opex": 629155000,
      "cogs": null,
      "rd": null,
      "sga": null,
      "fcf": 411797000,
      "ocf": 411797000,
      "capex": null,
      "gross_margin": null,
      "op_margin": null,
      "fcf_margin": 0.5370793521612449,
      "rev_growth_yoy": 0.07400756408460568,
      "rev_growth_yoy_accel": -0.023471727291617034,
      "fcf_margin_change": 0.09350445760807424
    },
    {
      "date": "2024-09-30T00:00:00",
      "quarter_label": "2024-09 (Q3)",
      "revenue": 791607000,
      "gross_profit": null,
      "operating_income": null,
      "net_income": 167947000,
      "opex": 620499000,
      "cogs": null,
      "rd": null,
      "sga": null,
      "fcf": 477392000,
      "ocf": 477392000,
      "capex": null,
      "gross_margin": null,
      "op_margin": null,
      "fcf_margin": 0.6030669258862036,
      "rev_growth_yoy": 0.10902256692463308,
      "rev_growth_yoy_accel": 0.0350150028400274,
      "op_leverage_ratio": Infinity,
      "fcf_margin_change": 0.06598757372495867
    },
    {
      "date": "2024-12-31T00:00:00",
      "quarter_label": "2024-12 (Q4)",
      "revenue": 788945000,
      "gross_profit": null,
      "operating_income": null,
      "net_income": -62245000,
      "opex": 845493000,
      "cogs": null,
      "rd": null,
      "sga": null,
      "fcf": 274178000,
      "ocf": 274178000,
      "capex": null,
      "gross_margin": null,
      "op_margin": null,
      "fcf_margin": 0.3475248591473423,
      "rev_growth_yoy": 0.04190217850652918,
      "rev_growth_yoy_accel": -0.0671203884181039,
      "fcf_margin_change": -0.25554206673886126
    },
    {
      "date": "2025-03-31T00:00:00",
      "quarter_label": "2025-03 (Q1)",
      "revenue": 758158000,
      "gross_profit": null,
      "operating_income": null,
      "net_income": -8939000,
      "opex": 682162000,
      "cogs": null,
      "rd": null,
      "sga": null,
      "fcf": 207949000,
      "ocf": 207949000,
      "capex": null,
      "gross_margin": null,
      "op_margin": null,
      "fcf_margin": 0.2742818779199059,
      "rev_growth_yoy": -0.014237272268654077,
      "rev_growth_yoy_accel": -0.05613945077518326,
      "fcf_margin_change": -0.07324298122743644
    },
    {
      "date": "2025-06-30T00:00:00",
      "quarter_label": "2025-06 (Q2)",
      "revenue": 762040000,
      "gross_profit": null,
      "operating_income": null,
      "net_income": -107002000,
      "opex": 784586000,
      "cogs": null,
      "rd": null,
      "sga": null,
      "fcf": 460241000,
      "ocf": 460241000,
      "capex": null,
      "gross_margin": null,
      "op_margin": null,
      "fcf_margin": 0.6039591097580179,
      "rev_growth_yoy": -0.006122071018110583,
      "rev_growth_yoy_accel": 0.008115201250543495,
      "fcf_margin_change": 0.32967723183811204
    },
    {
      "date": "2025-09-30T00:00:00",
      "quarter_label": "2025-09 (Q3)",
      "revenue": 751944000,
      "gross_profit": null,
      "operating_income": null,
      "net_income": -232754000,
      "opex": 987517000,
      "cogs": null,
      "rd": null,
      "sga": null,
      "fcf": 433478000,
      "ocf": 433478000,
      "capex": null,
      "gross_margin": null,
      "op_margin": null,
      "fcf_margin": 0.5764764397348738,
      "rev_growth_yoy": -0.05010440786905623,
      "rev_growth_yoy_accel": -0.04398233685094565,
      "fcf_margin_change": -0.027482670023144085
    },
    {
      "date": "2025-12-31T00:00:00",
      "quarter_label": "2025-12 (Q4)",
      "revenue": 754414000,
      "gross_profit": null,
      "operating_income": null,
      "net_income": -1080875000,
      "opex": 2365488000,
      "cogs": null,
      "rd": null,
      "sga": null,
      "fcf": 312378000,
      "ocf": 312378000,
      "capex": null,
      "gross_margin": null,
      "op_margin": null,
      "fcf_margin": 0.4140670772281532,
      "rev_growth_yoy": -0.0437685770237469,
      "rev_growth_yoy_accel": 0.00633583084530933,
      "fcf_margin_change": -0.1624093625067206
    }
  ],
  "signals": [
    {
      "quarter": "2025-06 (Q2)",
      "signal": "FCF MARGIN EXPANSION",
      "detail": "FCF margin: +27.4% -> +60.4% (+33.0%)",
      "severity": "MEDIUM"
    },
    {
      "quarter": "2025-03 (Q1)",
      "signal": "YoY REVENUE GROWTH DECELERATION",
      "detail": "YoY growth: -1.4% vs prior quarter YoY: +4.2% (decel: -5.6%)",
      "severity": "WARNING"
    },
    {
      "quarter": "2024-12 (Q4)",
      "signal": "YoY REVENUE GROWTH DECELERATION",
      "detail": "YoY growth: +4.2% vs prior quarter YoY: +10.9% (decel: -6.7%)",
      "severity": "WARNING"
    },
    {
      "quarter": "2024-09 (Q3)",
      "signal": "FCF MARGIN EXPANSION",
      "detail": "FCF margin: +53.7% -> +60.3% (+6.6%)",
      "severity": "MEDIUM"
    },
    {
      "quarter": "2024-06 (Q2)",
      "signal": "FCF MARGIN EXPANSION",
      "detail": "FCF margin: +44.4% -> +53.7% (+9.4%)",
      "severity": "MEDIUM"
    },
    {
      "quarter": "2023-06 (Q2)",
      "signal": "FCF MARGIN EXPANSION",
      "detail": "FCF margin: +43.6% -> +67.0% (+23.4%)",
      "severity": "MEDIUM"
    },
    {
      "quarter": "2022-09 (Q3)",
      "signal": "YoY REVENUE GROWTH DECELERATION",
      "detail": "YoY growth: +20.5% vs prior quarter YoY: +26.3% (decel: -5.9%)",
      "severity": "WARNING"
    },
    {
      "quarter": "2022-06 (Q2)",
      "signal": "FCF MARGIN EXPANSION",
      "detail": "FCF margin: +31.1% -> +52.7% (+21.6%)",
      "severity": "MEDIUM"
    },
    {
      "quarter": "2022-03 (Q1)",
      "signal": "OPERATING LEVERAGE",
      "detail": "Rev growth +6.6% vs OpEx growth +0.2% (leverage: 37.3x)",
      "severity": "MEDIUM"
    },
    {
      "quarter": "2021-09 (Q3)",
      "signal": "FCF MARGIN EXPANSION",
      "detail": "FCF margin: +47.0% -> +56.4% (+9.3%)",
      "severity": "MEDIUM"
    }
  ],
  "data_quality": {
    "n_quarters": 20,
    "coverage": {
      "revenue": [
        20,
        20
      ],
      "gross_profit": [
        0,
        20
      ],
      "op_income": [
        0,
        20
      ],
      "fcf": [
        20,
        20
      ]
    },
    "gaps": [],
    "warnings": [
      "gross_profit: no data",
      "op_income: no data"
    ]
  },
  "market_cap": null,
  "source": "SEC EDGAR",
  "last_updated": "2026-02-02T20:38:39.016224"
}