{
  "ticker": "ARES",
  "name": "ARES MANAGEMENT CORPORATION",
  "quarters": [
    {
      "date": "2020-12-31T00:00:00",
      "quarter_label": "2020-12 (Q4)",
      "revenue": 569567000,
      "gross_profit": null,
      "operating_income": null,
      "net_income": 79262000,
      "opex": 492380000,
      "cogs": null,
      "rd": null,
      "sga": null,
      "fcf": -438121000,
      "ocf": -438121000,
      "capex": null,
      "gross_margin": null,
      "op_margin": null,
      "fcf_margin": -0.7692176688607311
    },
    {
      "date": "2021-03-31T00:00:00",
      "quarter_label": "2021-03 (Q1)",
      "revenue": 411248000,
      "gross_profit": null,
      "operating_income": null,
      "net_income": 58378000,
      "opex": 525109000,
      "cogs": null,
      "rd": null,
      "sga": null,
      "fcf": -741118000,
      "ocf": -741118000,
      "capex": null,
      "gross_margin": null,
      "op_margin": null,
      "fcf_margin": -1.8021194024043885,
      "fcf_margin_change": -1.0329017335436574
    },
    {
      "date": "2021-06-30T00:00:00",
      "quarter_label": "2021-06 (Q2)",
      "revenue": 507753000,
      "gross_profit": null,
      "operating_income": null,
      "net_income": 141644000,
      "opex": 1024732000,
      "cogs": null,
      "rd": null,
      "sga": 83362000,
      "fcf": -327925000,
      "ocf": -327925000,
      "capex": null,
      "gross_margin": null,
      "op_margin": null,
      "fcf_margin": -0.6458356720688997,
      "op_leverage_ratio": 0.2466340617450465,
      "fcf_margin_change": 1.1562837303354887
    },
    {
      "date": "2021-09-30T00:00:00",
      "quarter_label": "2021-09 (Q3)",
      "revenue": 509142000,
      "gross_profit": null,
      "operating_income": null,
      "net_income": 84726000,
      "opex": 813267000,
      "cogs": null,
      "rd": null,
      "sga": 134453000,
      "fcf": -774708000,
      "ocf": -774708000,
      "capex": null,
      "gross_margin": null,
      "op_margin": null,
      "fcf_margin": -1.5215951542005963,
      "fcf_margin_change": -0.8757594821316966
    },
    {
      "date": "2021-12-31T00:00:00",
      "quarter_label": "2021-12 (Q4)",
      "revenue": 860733000,
      "gross_profit": null,
      "operating_income": null,
      "net_income": 124089000,
      "opex": 1046975000,
      "cogs": null,
      "rd": null,
      "sga": 158707000,
      "fcf": -752294000,
      "ocf": -752294000,
      "capex": null,
      "gross_margin": null,
      "op_margin": null,
      "fcf_margin": -0.874015519330617,
      "rev_growth_yoy": 0.5112058809586932,
      "op_leverage_ratio": 2.4030255956021174,
      "fcf_margin_change": 0.6475796348699793
    },
    {
      "date": "2022-03-31T00:00:00",
      "quarter_label": "2022-03 (Q1)",
      "revenue": 553479000,
      "gross_profit": null,
      "operating_income": null,
      "net_income": 45863000,
      "opex": 611684000,
      "cogs": null,
      "rd": null,
      "sga": 120523000,
      "fcf": 224150000,
      "ocf": 224150000,
      "capex": null,
      "gross_margin": null,
      "op_margin": null,
      "fcf_margin": 0.4049837482542246,
      "rev_growth_yoy": 0.34585213788273744,
      "rev_growth_yoy_accel": -0.1653537430759558,
      "fcf_margin_change": 1.2789992675848416
    },
    {
      "date": "2022-06-30T00:00:00",
      "quarter_label": "2022-06 (Q2)",
      "revenue": 611871000,
      "gross_profit": null,
      "operating_income": null,
      "net_income": 39731000,
      "opex": 552868000,
      "cogs": null,
      "rd": null,
      "sga": 122566000,
      "fcf": -792348000,
      "ocf": -792348000,
      "capex": null,
      "gross_margin": null,
      "op_margin": null,
      "fcf_margin": -1.2949592316027398,
      "rev_growth_yoy": 0.20505639553089788,
      "rev_growth_yoy_accel": -0.14079574235183956,
      "op_leverage_ratio": Infinity,
      "fcf_margin_change": -1.6999429798569645
    },
    {
      "date": "2022-09-30T00:00:00",
      "quarter_label": "2022-09 (Q3)",
      "revenue": 603101000,
      "gross_profit": null,
      "operating_income": null,
      "net_income": -35546000,
      "opex": 898102000,
      "cogs": null,
      "rd": null,
      "sga": 319352000,
      "fcf": 24593000,
      "ocf": 24593000,
      "capex": null,
      "gross_margin": null,
      "op_margin": null,
      "fcf_margin": 0.04077758120115868,
      "rev_growth_yoy": 0.18454380113995703,
      "rev_growth_yoy_accel": -0.020512594390940858,
      "fcf_margin_change": 1.3357368128038984
    },
    {
      "date": "2022-12-31T00:00:00",
      "quarter_label": "2022-12 (Q4)",
      "revenue": 1111556000,
      "gross_profit": null,
      "operating_income": null,
      "net_income": 117493000,
      "opex": 686431000,
      "cogs": null,
      "rd": null,
      "sga": 132815000,
      "fcf": -190507000,
      "ocf": -190507000,
      "capex": null,
      "gross_margin": null,
      "op_margin": null,
      "fcf_margin": -0.1713876763743797,
      "rev_growth_yoy": 0.29140627813735503,
      "rev_growth_yoy_accel": 0.10686247699739801,
      "op_leverage_ratio": Infinity,
      "fcf_margin_change": -0.2121652575755384
    },
    {
      "date": "2023-03-31T00:00:00",
      "quarter_label": "2023-03 (Q1)",
      "revenue": 653681000,
      "gross_profit": null,
      "operating_income": null,
      "net_income": null,
      "opex": 628636000,
      "cogs": null,
      "rd": null,
      "sga": 148345000,
      "fcf": 707572000,
      "ocf": 707572000,
      "capex": null,
      "gross_margin": null,
      "op_margin": null,
      "fcf_margin": 1.0824423533803185,
      "rev_growth_yoy": 0.18104029240495123,
      "rev_growth_yoy_accel": -0.1103659857324038,
      "fcf_margin_change": 1.2538300297546983
    },
    {
      "date": "2023-06-30T00:00:00",
      "quarter_label": "2023-06 (Q2)",
      "revenue": 785107000,
      "gross_profit": null,
      "operating_income": null,
      "net_income": null,
      "opex": 837738000,
      "cogs": null,
      "rd": null,
      "sga": 141153000,
      "fcf": -699052000,
      "ocf": -699052000,
      "capex": null,
      "gross_margin": null,
      "op_margin": null,
      "fcf_margin": -0.8903907365492857,
      "rev_growth_yoy": 0.28312503779391407,
      "rev_growth_yoy_accel": 0.10208474538896284,
      "op_leverage_ratio": 0.6044445827587922,
      "fcf_margin_change": -1.9728330899296043
    },
    {
      "date": "2023-09-30T00:00:00",
      "quarter_label": "2023-09 (Q3)",
      "revenue": 677689000,
      "gross_profit": null,
      "operating_income": null,
      "net_income": null,
      "opex": 560960000,
      "cogs": null,
      "rd": null,
      "sga": 211842000,
      "fcf": 318271000,
      "ocf": 318271000,
      "capex": null,
      "gross_margin": null,
      "op_margin": null,
      "fcf_margin": 0.46964167929537,
      "rev_growth_yoy": 0.12367414413174577,
      "rev_growth_yoy_accel": -0.1594508936621683,
      "fcf_margin_change": 1.3600324158446557
    },
    {
      "date": "2023-12-31T00:00:00",
      "quarter_label": "2023-12 (Q4)",
      "revenue": 1119808000,
      "gross_profit": null,
      "operating_income": null,
      "net_income": null,
      "opex": 770524000,
      "cogs": null,
      "rd": null,
      "sga": 158806000,
      "fcf": -560052000,
      "ocf": -560052000,
      "capex": null,
      "gross_margin": null,
      "op_margin": null,
      "fcf_margin": -0.5001321655140881,
      "rev_growth_yoy": 0.0074238274994692125,
      "rev_growth_yoy_accel": -0.11625031663227656,
      "op_leverage_ratio": 1.7463205222374445,
      "fcf_margin_change": -0.9697738448094582
    },
    {
      "date": "2024-03-31T00:00:00",
      "quarter_label": "2024-03 (Q1)",
      "revenue": 735806000,
      "gross_profit": null,
      "operating_income": null,
      "net_income": 73027000,
      "opex": 538493000,
      "cogs": null,
      "rd": null,
      "sga": 170928000,
      "fcf": 710045000,
      "ocf": 710045000,
      "capex": null,
      "gross_margin": null,
      "op_margin": null,
      "fcf_margin": 0.9649894129702666,
      "rev_growth_yoy": 0.12563467501732498,
      "rev_growth_yoy_accel": 0.11821084751785577,
      "fcf_margin_change": 1.4651215784843548
    },
    {
      "date": "2024-06-30T00:00:00",
      "quarter_label": "2024-06 (Q2)",
      "revenue": 874915000,
      "gross_profit": null,
      "operating_income": null,
      "net_income": 94938000,
      "opex": 564544000,
      "cogs": null,
      "rd": null,
      "sga": 169432000,
      "fcf": 432172000,
      "ocf": 432172000,
      "capex": null,
      "gross_margin": null,
      "op_margin": null,
      "fcf_margin": 0.4939588417160524,
      "rev_growth_yoy": 0.11438950359632509,
      "rev_growth_yoy_accel": -0.011245171420999886,
      "op_leverage_ratio": 3.9079371190039285,
      "fcf_margin_change": -0.4710305712542142
    },
    {
      "date": "2024-09-30T00:00:00",
      "quarter_label": "2024-09 (Q3)",
      "revenue": 841966000,
      "gross_profit": null,
      "operating_income": null,
      "net_income": 118460000,
      "opex": 854887000,
      "cogs": null,
      "rd": null,
      "sga": 197019000,
      "fcf": 841319000,
      "ocf": 841319000,
      "capex": null,
      "gross_margin": null,
      "op_margin": null,
      "fcf_margin": 0.9992315604193044,
      "rev_growth_yoy": 0.24240765306800022,
      "rev_growth_yoy_accel": 0.1280181494716751,
      "fcf_margin_change": 0.505272718703252
    },
    {
      "date": "2024-12-31T00:00:00",
      "quarter_label": "2024-12 (Q4)",
      "revenue": 1237981000,
      "gross_profit": null,
      "operating_income": null,
      "net_income": 177317000,
      "opex": 980767000,
      "cogs": null,
      "rd": null,
      "sga": 199122000,
      "fcf": 807618000,
      "ocf": 807618000,
      "capex": null,
      "gross_margin": null,
      "op_margin": null,
      "fcf_margin": 0.6523670395587654,
      "rev_growth_yoy": 0.10552969794821969,
      "rev_growth_yoy_accel": -0.13687795511978051,
      "op_leverage_ratio": 3.1942511554231148,
      "fcf_margin_change": -0.346864520860539
    },
    {
      "date": "2025-03-31T00:00:00",
      "quarter_label": "2025-03 (Q1)",
      "revenue": 1004508000,
      "gross_profit": null,
      "operating_income": null,
      "net_income": 47170000,
      "opex": 1014328000,
      "cogs": null,
      "rd": null,
      "sga": 227914000,
      "fcf": 1994203000,
      "ocf": 1994203000,
      "capex": null,
      "gross_margin": null,
      "op_margin": null,
      "fcf_margin": 1.9852534773242223,
      "rev_growth_yoy": 0.36518049594594226,
      "rev_growth_yoy_accel": 0.25965079799772256,
      "fcf_margin_change": 1.332886437765457
    },
    {
      "date": "2025-06-30T00:00:00",
      "quarter_label": "2025-06 (Q2)",
      "revenue": 1040823000,
      "gross_profit": null,
      "operating_income": null,
      "net_income": 137062000,
      "opex": 1137578000,
      "cogs": null,
      "rd": null,
      "sga": 232156000,
      "fcf": 415701000,
      "ocf": 415701000,
      "capex": null,
      "gross_margin": null,
      "op_margin": null,
      "fcf_margin": 0.3993964391640077,
      "rev_growth_yoy": 0.18962756382048543,
      "rev_growth_yoy_accel": -0.17555293212545683,
      "op_leverage_ratio": 0.29752545964980537,
      "fcf_margin_change": -1.5858570381602146
    },
    {
      "date": "2025-09-30T00:00:00",
      "quarter_label": "2025-09 (Q3)",
      "revenue": 1152538000,
      "gross_profit": null,
      "operating_income": null,
      "net_income": 288882000,
      "opex": 1308216000,
      "cogs": null,
      "rd": null,
      "sga": 246154000,
      "fcf": 1340743000,
      "ocf": 1340743000,
      "capex": null,
      "gross_margin": null,
      "op_margin": null,
      "fcf_margin": 1.1632961342706272,
      "rev_growth_yoy": 0.3688652510908992,
      "rev_growth_yoy_accel": 0.17923768727041375,
      "op_leverage_ratio": 0.7155500913087736,
      "fcf_margin_change": 0.7638996951066195
    }
  ],
  "signals": [
    {
      "quarter": "2025-09 (Q3)",
      "signal": "FCF MARGIN EXPANSION",
      "detail": "FCF margin: +39.9% -> +116.3% (+76.4%)",
      "severity": "MEDIUM"
    },
    {
      "quarter": "2025-09 (Q3)",
      "signal": "YoY REVENUE GROWTH ACCELERATION",
      "detail": "YoY growth: +36.9% vs prior quarter YoY: +19.0% (accel: +17.9%)",
      "severity": "HIGH"
    },
    {
      "quarter": "2025-06 (Q2)",
      "signal": "YoY REVENUE GROWTH DECELERATION",
      "detail": "YoY growth: +19.0% vs prior quarter YoY: +36.5% (decel: -17.6%)",
      "severity": "WARNING"
    },
    {
      "quarter": "2025-03 (Q1)",
      "signal": "FCF MARGIN EXPANSION",
      "detail": "FCF margin: +65.2% -> +198.5% (+133.3%)",
      "severity": "MEDIUM"
    },
    {
      "quarter": "2025-03 (Q1)",
      "signal": "YoY REVENUE GROWTH ACCELERATION",
      "detail": "YoY growth: +36.5% vs prior quarter YoY: +10.6% (accel: +26.0%)",
      "severity": "HIGH"
    },
    {
      "quarter": "2024-12 (Q4)",
      "signal": "OPERATING LEVERAGE",
      "detail": "Rev growth +47.0% vs OpEx growth +14.7% (leverage: 3.2x)",
      "severity": "MEDIUM"
    },
    {
      "quarter": "2024-12 (Q4)",
      "signal": "YoY REVENUE GROWTH DECELERATION",
      "detail": "YoY growth: +10.6% vs prior quarter YoY: +24.2% (decel: -13.7%)",
      "severity": "WARNING"
    },
    {
      "quarter": "2024-09 (Q3)",
      "signal": "FCF MARGIN EXPANSION",
      "detail": "FCF margin: +49.4% -> +99.9% (+50.5%)",
      "severity": "MEDIUM"
    },
    {
      "quarter": "2024-09 (Q3)",
      "signal": "YoY REVENUE GROWTH ACCELERATION",
      "detail": "YoY growth: +24.2% vs prior quarter YoY: +11.4% (accel: +12.8%)",
      "severity": "MEDIUM"
    },
    {
      "quarter": "2024-06 (Q2)",
      "signal": "OPERATING LEVERAGE",
      "detail": "Rev growth +18.9% vs OpEx growth +4.8% (leverage: 3.9x)",
      "severity": "MEDIUM"
    },
    {
      "quarter": "2024-03 (Q1)",
      "signal": "FCF TURNED POSITIVE",
      "detail": "FCF margin: -50.0% -> +96.5%",
      "severity": "HIGH"
    },
    {
      "quarter": "2024-03 (Q1)",
      "signal": "YoY REVENUE GROWTH ACCELERATION",
      "detail": "YoY growth: +12.6% vs prior quarter YoY: +0.7% (accel: +11.8%)",
      "severity": "MEDIUM"
    },
    {
      "quarter": "2023-12 (Q4)",
      "signal": "OPERATING LEVERAGE",
      "detail": "Rev growth +65.2% vs OpEx growth +37.4% (leverage: 1.7x)",
      "severity": "MEDIUM"
    },
    {
      "quarter": "2023-12 (Q4)",
      "signal": "YoY REVENUE GROWTH DECELERATION",
      "detail": "YoY growth: +0.7% vs prior quarter YoY: +12.4% (decel: -11.6%)",
      "severity": "WARNING"
    },
    {
      "quarter": "2023-09 (Q3)",
      "signal": "FCF TURNED POSITIVE",
      "detail": "FCF margin: -89.0% -> +47.0%",
      "severity": "HIGH"
    },
    {
      "quarter": "2023-09 (Q3)",
      "signal": "YoY REVENUE GROWTH DECELERATION",
      "detail": "YoY growth: +12.4% vs prior quarter YoY: +28.3% (decel: -15.9%)",
      "severity": "WARNING"
    },
    {
      "quarter": "2023-06 (Q2)",
      "signal": "YoY REVENUE GROWTH ACCELERATION",
      "detail": "YoY growth: +28.3% vs prior quarter YoY: +18.1% (accel: +10.2%)",
      "severity": "MEDIUM"
    },
    {
      "quarter": "2023-03 (Q1)",
      "signal": "FCF TURNED POSITIVE",
      "detail": "FCF margin: -17.1% -> +108.2%",
      "severity": "HIGH"
    },
    {
      "quarter": "2023-03 (Q1)",
      "signal": "YoY REVENUE GROWTH DECELERATION",
      "detail": "YoY growth: +18.1% vs prior quarter YoY: +29.1% (decel: -11.0%)",
      "severity": "WARNING"
    },
    {
      "quarter": "2022-12 (Q4)",
      "signal": "YoY REVENUE GROWTH ACCELERATION",
      "detail": "YoY growth: +29.1% vs prior quarter YoY: +18.5% (accel: +10.7%)",
      "severity": "MEDIUM"
    },
    {
      "quarter": "2022-09 (Q3)",
      "signal": "FCF TURNED POSITIVE",
      "detail": "FCF margin: -129.5% -> +4.1%",
      "severity": "HIGH"
    },
    {
      "quarter": "2022-06 (Q2)",
      "signal": "YoY REVENUE GROWTH DECELERATION",
      "detail": "YoY growth: +20.5% vs prior quarter YoY: +34.6% (decel: -14.1%)",
      "severity": "WARNING"
    },
    {
      "quarter": "2022-03 (Q1)",
      "signal": "FCF TURNED POSITIVE",
      "detail": "FCF margin: -87.4% -> +40.5%",
      "severity": "HIGH"
    },
    {
      "quarter": "2022-03 (Q1)",
      "signal": "YoY REVENUE GROWTH DECELERATION",
      "detail": "YoY growth: +34.6% vs prior quarter YoY: +51.1% (decel: -16.5%)",
      "severity": "WARNING"
    },
    {
      "quarter": "2021-12 (Q4)",
      "signal": "FCF MARGIN EXPANSION",
      "detail": "FCF margin: -152.2% -> -87.4% (+64.8%)",
      "severity": "MEDIUM"
    },
    {
      "quarter": "2021-12 (Q4)",
      "signal": "OPERATING LEVERAGE",
      "detail": "Rev growth +69.1% vs OpEx growth +28.7% (leverage: 2.4x)",
      "severity": "MEDIUM"
    },
    {
      "quarter": "2021-06 (Q2)",
      "signal": "FCF MARGIN EXPANSION",
      "detail": "FCF margin: -180.2% -> -64.6% (+115.6%)",
      "severity": "MEDIUM"
    }
  ],
  "data_quality": {
    "n_quarters": 20,
    "coverage": {
      "revenue": [
        20,
        20
      ],
      "gross_profit": [
        0,
        20
      ],
      "op_income": [
        0,
        20
      ],
      "fcf": [
        20,
        20
      ]
    },
    "gaps": [],
    "warnings": [
      "gross_profit: no data",
      "op_income: no data"
    ]
  },
  "market_cap": null,
  "source": "SEC EDGAR",
  "last_updated": "2026-02-02T20:00:16.738934"
}