{
  "ticker": "ARI",
  "name": "Apollo Commercial Real Estate Finance, Inc.",
  "sector": "Real Estate",
  "industry": "REIT - Mortgage",
  "quarters": [
    {
      "date": "2021-03-31T00:00:00",
      "quarter_label": "2021-03 (Q1)",
      "revenue": 71151000,
      "gross_profit": null,
      "operating_income": null,
      "net_income": 58335000,
      "opex": 16304000,
      "cogs": null,
      "rd": null,
      "sga": null,
      "fcf": 43910000,
      "ocf": 43910000,
      "capex": null,
      "gross_margin": null,
      "op_margin": null,
      "fcf_margin": 0.6171381990414752
    },
    {
      "date": "2021-06-30T00:00:00",
      "quarter_label": "2021-06 (Q2)",
      "revenue": 75859000,
      "gross_profit": null,
      "operating_income": null,
      "net_income": 67691000,
      "opex": 18620000,
      "cogs": null,
      "rd": null,
      "sga": null,
      "fcf": 77033000,
      "ocf": 77033000,
      "capex": null,
      "gross_margin": null,
      "op_margin": null,
      "fcf_margin": 1.0154760806232617,
      "op_leverage_ratio": 0.4658124130127881,
      "fcf_margin_change": 0.3983378815817865
    },
    {
      "date": "2021-09-30T00:00:00",
      "quarter_label": "2021-09 (Q3)",
      "revenue": 66645000,
      "gross_profit": null,
      "operating_income": null,
      "net_income": 60392000,
      "opex": 24154000,
      "cogs": null,
      "rd": null,
      "sga": null,
      "fcf": 43930000,
      "ocf": 43930000,
      "capex": null,
      "gross_margin": null,
      "op_margin": null,
      "fcf_margin": 0.6591642283742216,
      "fcf_margin_change": -0.35631185224904005
    },
    {
      "date": "2021-12-31T00:00:00",
      "quarter_label": "2021-12 (Q4)",
      "revenue": 70855000,
      "gross_profit": null,
      "operating_income": null,
      "net_income": 37097000,
      "opex": 30495000,
      "cogs": null,
      "rd": null,
      "sga": null,
      "fcf": 34510000,
      "ocf": 34510000,
      "capex": null,
      "gross_margin": null,
      "op_margin": null,
      "fcf_margin": 0.4870510196880954,
      "op_leverage_ratio": 0.24062781766635266,
      "fcf_margin_change": -0.17211320868612623
    },
    {
      "date": "2022-03-31T00:00:00",
      "quarter_label": "2022-03 (Q1)",
      "revenue": 64181000,
      "gross_profit": null,
      "operating_income": null,
      "net_income": 15238000,
      "opex": 26897000,
      "cogs": null,
      "rd": null,
      "sga": null,
      "fcf": 49660000,
      "ocf": 49660000,
      "capex": null,
      "gross_margin": null,
      "op_margin": null,
      "fcf_margin": 0.7737492404294106,
      "rev_growth_yoy": -0.09796067518376411,
      "fcf_margin_change": 0.28669822074131524
    },
    {
      "date": "2022-06-30T00:00:00",
      "quarter_label": "2022-06 (Q2)",
      "revenue": 76017000,
      "gross_profit": null,
      "operating_income": null,
      "net_income": 70951000,
      "opex": 29896000,
      "cogs": null,
      "rd": null,
      "sga": null,
      "fcf": 49784000,
      "ocf": 49784000,
      "capex": null,
      "gross_margin": null,
      "op_margin": null,
      "fcf_margin": 0.6549061394161833,
      "rev_growth_yoy": 0.002082811531921064,
      "rev_growth_yoy_accel": 0.10004348671568518,
      "op_leverage_ratio": 1.6539632446518702,
      "fcf_margin_change": -0.11884310101322737
    },
    {
      "date": "2022-09-30T00:00:00",
      "quarter_label": "2022-09 (Q3)",
      "revenue": 76301000,
      "gross_profit": null,
      "operating_income": null,
      "net_income": 183030000,
      "opex": 30211000,
      "cogs": null,
      "rd": null,
      "sga": null,
      "fcf": 125674000,
      "ocf": 125674000,
      "capex": null,
      "gross_margin": null,
      "op_margin": null,
      "fcf_margin": 1.6470819517437518,
      "rev_growth_yoy": 0.1448870883036987,
      "rev_growth_yoy_accel": 0.14280427677177765,
      "fcf_margin_change": 0.9921758123275686
    },
    {
      "date": "2022-12-31T00:00:00",
      "quarter_label": "2022-12 (Q4)",
      "revenue": 87141000,
      "gross_profit": null,
      "operating_income": null,
      "net_income": -3987000,
      "opex": 34149000,
      "cogs": null,
      "rd": null,
      "sga": null,
      "fcf": 42587000,
      "ocf": 42587000,
      "capex": null,
      "gross_margin": null,
      "op_margin": null,
      "fcf_margin": 0.48871369389839453,
      "rev_growth_yoy": 0.22984969303507163,
      "rev_growth_yoy_accel": 0.08496260473137293,
      "op_leverage_ratio": 1.0899044892961518,
      "fcf_margin_change": -1.1583682578453574
    },
    {
      "date": "2023-03-31T00:00:00",
      "quarter_label": "2023-03 (Q1)",
      "revenue": 87117000,
      "gross_profit": null,
      "operating_income": null,
      "net_income": 48916000,
      "opex": 34524000,
      "cogs": null,
      "rd": null,
      "sga": null,
      "fcf": 110250000,
      "ocf": 110250000,
      "capex": null,
      "gross_margin": null,
      "op_margin": null,
      "fcf_margin": 1.2655394469506527,
      "rev_growth_yoy": 0.357364329007027,
      "rev_growth_yoy_accel": 0.1275146359719554,
      "fcf_margin_change": 0.7768257530522582
    },
    {
      "date": "2023-06-30T00:00:00",
      "quarter_label": "2023-06 (Q2)",
      "revenue": 92164000,
      "gross_profit": null,
      "operating_income": null,
      "net_income": -83400000,
      "opex": 39024000,
      "cogs": null,
      "rd": null,
      "sga": null,
      "fcf": 49332000,
      "ocf": 49332000,
      "capex": null,
      "gross_margin": null,
      "op_margin": null,
      "fcf_margin": 0.5352632264224643,
      "rev_growth_yoy": 0.21241301287869818,
      "rev_growth_yoy_accel": -0.14495131612832884,
      "op_leverage_ratio": 0.4444664531606919,
      "fcf_margin_change": -0.7302762205281884
    },
    {
      "date": "2023-09-30T00:00:00",
      "quarter_label": "2023-09 (Q3)",
      "revenue": 81157000,
      "gross_profit": null,
      "operating_income": null,
      "net_income": 46071000,
      "opex": 37152000,
      "cogs": null,
      "rd": null,
      "sga": null,
      "fcf": 83435000,
      "ocf": 83435000,
      "capex": null,
      "gross_margin": null,
      "op_margin": null,
      "fcf_margin": 1.028069051344924,
      "rev_growth_yoy": 0.06364267833973343,
      "rev_growth_yoy_accel": -0.14877033453896477,
      "fcf_margin_change": 0.4928058249224597
    },
    {
      "date": "2023-12-31T00:00:00",
      "quarter_label": "2023-12 (Q4)",
      "revenue": 84153000,
      "gross_profit": null,
      "operating_income": null,
      "net_income": 46540000,
      "opex": 37805000,
      "cogs": null,
      "rd": null,
      "sga": null,
      "fcf": 30845000,
      "ocf": 30845000,
      "capex": null,
      "gross_margin": null,
      "op_margin": null,
      "fcf_margin": 0.36653476406069896,
      "rev_growth_yoy": -0.03428925534478604,
      "rev_growth_yoy_accel": -0.09793193368451947,
      "op_leverage_ratio": 2.1003169682962453,
      "fcf_margin_change": -0.661534287284225
    },
    {
      "date": "2024-03-31T00:00:00",
      "quarter_label": "2024-03 (Q1)",
      "revenue": 80535000,
      "gross_profit": null,
      "operating_income": null,
      "net_income": -104524000,
      "opex": 41343000,
      "cogs": null,
      "rd": null,
      "sga": null,
      "fcf": 52843000,
      "ocf": 52843000,
      "capex": null,
      "gross_margin": null,
      "op_margin": null,
      "fcf_margin": 0.6561495002172968,
      "rev_growth_yoy": -0.07555356589414236,
      "rev_growth_yoy_accel": -0.04126431054935632,
      "fcf_margin_change": 0.28961473615659783
    },
    {
      "date": "2024-06-30T00:00:00",
      "quarter_label": "2024-06 (Q2)",
      "revenue": 81108000,
      "gross_profit": null,
      "operating_income": null,
      "net_income": 35785000,
      "opex": 40715000,
      "cogs": null,
      "rd": null,
      "sga": null,
      "fcf": 50246000,
      "ocf": 50246000,
      "capex": null,
      "gross_margin": null,
      "op_margin": null,
      "fcf_margin": 0.6194949943285496,
      "rev_growth_yoy": -0.11996007117746625,
      "rev_growth_yoy_accel": -0.04440650528332389,
      "fcf_margin_change": -0.03665450588874719
    },
    {
      "date": "2024-09-30T00:00:00",
      "quarter_label": "2024-09 (Q3)",
      "revenue": 71573000,
      "gross_profit": null,
      "operating_income": null,
      "net_income": -91549000,
      "opex": 38569000,
      "cogs": null,
      "rd": null,
      "sga": null,
      "fcf": 47236000,
      "ocf": 47236000,
      "capex": null,
      "gross_margin": null,
      "op_margin": null,
      "fcf_margin": 0.6599695415869112,
      "rev_growth_yoy": -0.11809209310349077,
      "rev_growth_yoy_accel": 0.0018679780739754848,
      "fcf_margin_change": 0.04047454725836164
    },
    {
      "date": "2024-12-31T00:00:00",
      "quarter_label": "2024-12 (Q4)",
      "revenue": 70455000,
      "gross_profit": null,
      "operating_income": null,
      "net_income": 40652000,
      "opex": 38493000,
      "cogs": null,
      "rd": null,
      "sga": null,
      "fcf": 49932000,
      "ocf": 49932000,
      "capex": null,
      "gross_margin": null,
      "op_margin": null,
      "fcf_margin": 0.708707685756866,
      "rev_growth_yoy": -0.16277494563473674,
      "rev_growth_yoy_accel": -0.04468285253124597,
      "fcf_margin_change": 0.04873814416995481
    },
    {
      "date": "2025-03-31T00:00:00",
      "quarter_label": "2025-03 (Q1)",
      "revenue": 65816000,
      "gross_profit": null,
      "operating_income": null,
      "net_income": 25991000,
      "opex": 38439000,
      "cogs": null,
      "rd": null,
      "sga": null,
      "fcf": 39316000,
      "ocf": 39316000,
      "capex": null,
      "gross_margin": null,
      "op_margin": null,
      "fcf_margin": 0.5973623435030996,
      "rev_growth_yoy": -0.18276525734152851,
      "rev_growth_yoy_accel": -0.019990311706791775,
      "fcf_margin_change": -0.11134534225376647
    },
    {
      "date": "2025-06-30T00:00:00",
      "quarter_label": "2025-06 (Q2)",
      "revenue": 70902000,
      "gross_profit": null,
      "operating_income": null,
      "net_income": 20739000,
      "opex": 38561000,
      "cogs": null,
      "rd": null,
      "sga": null,
      "fcf": 63226000,
      "ocf": 63226000,
      "capex": null,
      "gross_margin": null,
      "op_margin": null,
      "fcf_margin": 0.8917378917378918,
      "rev_growth_yoy": -0.12583222370173103,
      "rev_growth_yoy_accel": 0.05693303363979749,
      "op_leverage_ratio": 24.34765401606466,
      "fcf_margin_change": 0.2943755482347922
    },
    {
      "date": "2025-09-30T00:00:00",
      "quarter_label": "2025-09 (Q3)",
      "revenue": 61619000,
      "gross_profit": null,
      "operating_income": null,
      "net_income": 50791000,
      "opex": 37522000,
      "cogs": null,
      "rd": null,
      "sga": null,
      "fcf": 31738000,
      "ocf": 31738000,
      "capex": null,
      "gross_margin": null,
      "op_margin": null,
      "fcf_margin": 0.5150684042259692,
      "rev_growth_yoy": -0.13907479077305687,
      "rev_growth_yoy_accel": -0.013242567071325845,
      "fcf_margin_change": -0.37666948751192253
    },
    {
      "date": "2025-12-31T00:00:00",
      "quarter_label": "2025-12 (Q4)",
      "revenue": 73252000,
      "gross_profit": null,
      "operating_income": null,
      "net_income": 29199000,
      "opex": 43439000,
      "cogs": null,
      "rd": null,
      "sga": null,
      "fcf": 8241000,
      "ocf": 8241000,
      "capex": null,
      "gross_margin": null,
      "op_margin": null,
      "fcf_margin": 0.11250204772565937,
      "rev_growth_yoy": 0.03969909871549216,
      "rev_growth_yoy_accel": 0.17877388948854903,
      "op_leverage_ratio": 1.1971856207871066,
      "fcf_margin_change": -0.40256635650030986
    }
  ],
  "signals": [
    {
      "quarter": "2025-12 (Q4)",
      "signal": "YoY REVENUE GROWTH ACCELERATION",
      "detail": "YoY growth: +4.0% vs prior quarter YoY: -13.9% (accel: +17.9%)",
      "severity": "HIGH"
    },
    {
      "quarter": "2025-06 (Q2)",
      "signal": "FCF MARGIN EXPANSION",
      "detail": "FCF margin: +59.7% -> +89.2% (+29.4%)",
      "severity": "MEDIUM"
    },
    {
      "quarter": "2025-06 (Q2)",
      "signal": "OPERATING LEVERAGE",
      "detail": "Rev growth +7.7% vs OpEx growth +0.3% (leverage: 24.3x)",
      "severity": "MEDIUM"
    },
    {
      "quarter": "2025-06 (Q2)",
      "signal": "YoY REVENUE GROWTH ACCELERATION",
      "detail": "YoY growth: -12.6% vs prior quarter YoY: -18.3% (accel: +5.7%)",
      "severity": "MEDIUM"
    },
    {
      "quarter": "2024-03 (Q1)",
      "signal": "FCF MARGIN EXPANSION",
      "detail": "FCF margin: +36.7% -> +65.6% (+29.0%)",
      "severity": "MEDIUM"
    },
    {
      "quarter": "2023-12 (Q4)",
      "signal": "OPERATING LEVERAGE",
      "detail": "Rev growth +3.7% vs OpEx growth +1.8% (leverage: 2.1x)",
      "severity": "MEDIUM"
    },
    {
      "quarter": "2023-12 (Q4)",
      "signal": "YoY REVENUE GROWTH DECELERATION",
      "detail": "YoY growth: -3.4% vs prior quarter YoY: +6.4% (decel: -9.8%)",
      "severity": "WARNING"
    },
    {
      "quarter": "2023-09 (Q3)",
      "signal": "FCF MARGIN EXPANSION",
      "detail": "FCF margin: +53.5% -> +102.8% (+49.3%)",
      "severity": "MEDIUM"
    },
    {
      "quarter": "2023-09 (Q3)",
      "signal": "YoY REVENUE GROWTH DECELERATION",
      "detail": "YoY growth: +6.4% vs prior quarter YoY: +21.2% (decel: -14.9%)",
      "severity": "WARNING"
    },
    {
      "quarter": "2023-06 (Q2)",
      "signal": "YoY REVENUE GROWTH DECELERATION",
      "detail": "YoY growth: +21.2% vs prior quarter YoY: +35.7% (decel: -14.5%)",
      "severity": "WARNING"
    },
    {
      "quarter": "2023-03 (Q1)",
      "signal": "FCF MARGIN EXPANSION",
      "detail": "FCF margin: +48.9% -> +126.6% (+77.7%)",
      "severity": "MEDIUM"
    },
    {
      "quarter": "2023-03 (Q1)",
      "signal": "YoY REVENUE GROWTH ACCELERATION",
      "detail": "YoY growth: +35.7% vs prior quarter YoY: +23.0% (accel: +12.8%)",
      "severity": "MEDIUM"
    },
    {
      "quarter": "2022-12 (Q4)",
      "signal": "YoY REVENUE GROWTH ACCELERATION",
      "detail": "YoY growth: +23.0% vs prior quarter YoY: +14.5% (accel: +8.5%)",
      "severity": "MEDIUM"
    },
    {
      "quarter": "2022-09 (Q3)",
      "signal": "FCF MARGIN EXPANSION",
      "detail": "FCF margin: +65.5% -> +164.7% (+99.2%)",
      "severity": "MEDIUM"
    },
    {
      "quarter": "2022-09 (Q3)",
      "signal": "YoY REVENUE GROWTH ACCELERATION",
      "detail": "YoY growth: +14.5% vs prior quarter YoY: +0.2% (accel: +14.3%)",
      "severity": "MEDIUM"
    },
    {
      "quarter": "2022-06 (Q2)",
      "signal": "OPERATING LEVERAGE",
      "detail": "Rev growth +18.4% vs OpEx growth +11.1% (leverage: 1.7x)",
      "severity": "MEDIUM"
    },
    {
      "quarter": "2022-06 (Q2)",
      "signal": "YoY REVENUE GROWTH ACCELERATION",
      "detail": "YoY growth: +0.2% vs prior quarter YoY: -9.8% (accel: +10.0%)",
      "severity": "MEDIUM"
    },
    {
      "quarter": "2022-03 (Q1)",
      "signal": "FCF MARGIN EXPANSION",
      "detail": "FCF margin: +48.7% -> +77.4% (+28.7%)",
      "severity": "MEDIUM"
    },
    {
      "quarter": "2021-06 (Q2)",
      "signal": "FCF MARGIN EXPANSION",
      "detail": "FCF margin: +61.7% -> +101.5% (+39.8%)",
      "severity": "MEDIUM"
    }
  ],
  "data_quality": {
    "n_quarters": 20,
    "coverage": {
      "revenue": [
        20,
        20
      ],
      "gross_profit": [
        0,
        20
      ],
      "op_income": [
        0,
        20
      ],
      "fcf": [
        20,
        20
      ]
    },
    "gaps": [],
    "warnings": [
      "gross_profit: no data",
      "op_income: no data"
    ]
  },
  "market_cap": null,
  "source": "SEC EDGAR",
  "last_updated": "2026-02-24T11:04:22.842054"
}