{
  "ticker": "ARKO",
  "name": "ARKO Corp.",
  "quarters": [
    {
      "date": "2020-12-31T00:00:00",
      "quarter_label": "2020-12 (Q4)",
      "revenue": 1335999000,
      "gross_profit": null,
      "operating_income": 8474000,
      "net_income": -7417000,
      "opex": 1325587000,
      "cogs": null,
      "rd": null,
      "sga": null,
      "fcf": 31451000,
      "ocf": 47344000,
      "capex": -15893000,
      "gross_margin": null,
      "op_margin": 0.006342819118876586,
      "fcf_margin": 0.023541185285318327
    },
    {
      "date": "2021-03-31T00:00:00",
      "quarter_label": "2021-03 (Q1)",
      "revenue": 1484356000,
      "gross_profit": null,
      "operating_income": 13239000,
      "net_income": -14736000,
      "opex": 1469445000,
      "cogs": null,
      "rd": null,
      "sga": null,
      "fcf": -6249000,
      "ocf": 11276000,
      "capex": -17525000,
      "gross_margin": null,
      "op_margin": 0.008919019426606556,
      "fcf_margin": -0.004209906518382382,
      "op_leverage_ratio": 1.0232367455155158,
      "fcf_margin_change": -0.02775109180370071
    },
    {
      "date": "2021-06-30T00:00:00",
      "quarter_label": "2021-06 (Q2)",
      "revenue": 1909814000,
      "gross_profit": null,
      "operating_income": 45756000,
      "net_income": 25519000,
      "opex": 1862863000,
      "cogs": null,
      "rd": null,
      "sga": null,
      "fcf": 32628000,
      "ocf": 47741000,
      "capex": -15113000,
      "gross_margin": null,
      "op_margin": 0.02395835405960999,
      "fcf_margin": 0.017084386228187667,
      "op_leverage_ratio": 1.0705765618433751,
      "fcf_margin_change": 0.021294292746570048
    },
    {
      "date": "2021-09-30T00:00:00",
      "quarter_label": "2021-09 (Q3)",
      "revenue": 2035023000,
      "gross_profit": null,
      "operating_income": 54723000,
      "net_income": 35534000,
      "opex": 1980356000,
      "cogs": null,
      "rd": null,
      "sga": null,
      "fcf": 45045000,
      "ocf": 60530000,
      "capex": -15485000,
      "gross_margin": null,
      "op_margin": 0.026890605167607443,
      "fcf_margin": 0.022134884961988146,
      "op_leverage_ratio": 1.039473443090736,
      "fcf_margin_change": 0.005050498733800479
    },
    {
      "date": "2021-12-31T00:00:00",
      "quarter_label": "2021-12 (Q4)",
      "revenue": 1988205000,
      "gross_profit": null,
      "operating_income": 28364000,
      "net_income": 12881000,
      "opex": 1959116000,
      "cogs": null,
      "rd": null,
      "sga": null,
      "fcf": -138438000,
      "ocf": 39644000,
      "capex": -178082000,
      "gross_margin": null,
      "op_margin": 0.014266134528381129,
      "fcf_margin": -0.06962964080665726,
      "incr_op_margin_yoy": 0.030496499572221048,
      "rev_growth_yoy": 0.4881785091156505,
      "fcf_margin_change": -0.09176452576864541
    },
    {
      "date": "2022-03-31T00:00:00",
      "quarter_label": "2022-03 (Q1)",
      "revenue": 1972811000,
      "gross_profit": null,
      "operating_income": 19289000,
      "net_income": 2239000,
      "opex": 1952401000,
      "cogs": null,
      "rd": null,
      "sga": null,
      "fcf": 9395000,
      "ocf": 30062000,
      "capex": -20667000,
      "gross_margin": null,
      "op_margin": 0.009777419124285093,
      "fcf_margin": 0.004762240275424255,
      "incr_op_margin_yoy": 0.012385992568404459,
      "rev_growth_yoy": 0.32906863313113566,
      "rev_growth_yoy_accel": -0.15910987598451487,
      "fcf_margin_change": 0.07439188108208152
    },
    {
      "date": "2022-06-30T00:00:00",
      "quarter_label": "2022-06 (Q2)",
      "revenue": 2540263000,
      "gross_profit": null,
      "operating_income": 48274000,
      "net_income": 31754000,
      "opex": 2490792000,
      "cogs": null,
      "rd": null,
      "sga": null,
      "fcf": 17599000,
      "ocf": 42100000,
      "capex": -24501000,
      "gross_margin": null,
      "op_margin": 0.019003544121218945,
      "fcf_margin": 0.006928022807087298,
      "incr_op_margin_yoy": 0.003993978894407002,
      "rev_growth_yoy": 0.3301101573242211,
      "rev_growth_yoy_accel": 0.0010415241930854524,
      "op_leverage_ratio": 1.043073423781174,
      "fcf_margin_change": 0.0021657825316630432
    },
    {
      "date": "2022-09-30T00:00:00",
      "quarter_label": "2022-09 (Q3)",
      "revenue": 2449647000,
      "gross_profit": null,
      "operating_income": 65732000,
      "net_income": 24943000,
      "opex": 2382964000,
      "cogs": null,
      "rd": null,
      "sga": null,
      "fcf": 39867000,
      "ocf": 67601000,
      "capex": -27734000,
      "gross_margin": null,
      "op_margin": 0.026833253934138265,
      "fcf_margin": 0.016274589767423634,
      "incr_op_margin_yoy": 0.02655176738442541,
      "rev_growth_yoy": 0.20374413458717666,
      "rev_growth_yoy_accel": -0.12636602273704445,
      "fcf_margin_change": 0.009346566960336335
    },
    {
      "date": "2022-12-31T00:00:00",
      "quarter_label": "2022-12 (Q4)",
      "revenue": 2180078000,
      "gross_profit": null,
      "operating_income": 33719000,
      "net_income": 12811000,
      "opex": 2139812000,
      "cogs": null,
      "rd": null,
      "sga": null,
      "fcf": 43800000,
      "ocf": 69493000,
      "capex": -25693000,
      "gross_margin": null,
      "op_margin": 0.015466877790611162,
      "fcf_margin": 0.020091024266104242,
      "incr_op_margin_yoy": 0.0279090856973102,
      "rev_growth_yoy": 0.09650564202383557,
      "rev_growth_yoy_accel": -0.10723849256334109,
      "fcf_margin_change": 0.0038164344986806077
    },
    {
      "date": "2023-03-31T00:00:00",
      "quarter_label": "2023-03 (Q1)",
      "revenue": -2088496000,
      "gross_profit": null,
      "operating_income": 8953000,
      "net_income": -2580000,
      "opex": 2076823000,
      "cogs": null,
      "rd": null,
      "sga": null,
      "fcf": -7497000,
      "ocf": 15883000,
      "capex": -23380000,
      "gross_margin": null,
      "op_margin": -0.004286816924715202,
      "fcf_margin": 0.003589664524136029,
      "incr_op_margin_yoy": 0.002544993520558776,
      "rev_growth_yoy": -2.058639677090203,
      "rev_growth_yoy_accel": -2.1551453191140384,
      "fcf_margin_change": -0.016501359741968213
    },
    {
      "date": "2023-06-30T00:00:00",
      "quarter_label": "2023-06 (Q2)",
      "revenue": -2469141000,
      "gross_profit": null,
      "operating_income": 39680000,
      "net_income": 14431000,
      "opex": 2424505000,
      "cogs": null,
      "rd": null,
      "sga": null,
      "fcf": 3445000,
      "ocf": 30103000,
      "capex": -26658000,
      "gross_margin": null,
      "op_margin": -0.016070366171879208,
      "fcf_margin": -0.0013952220630575572,
      "incr_op_margin_yoy": 0.0017155733496439895,
      "rev_growth_yoy": -1.9720021115923823,
      "rev_growth_yoy_accel": 0.08663756549782065,
      "op_leverage_ratio": 1.0886888103125754,
      "fcf_margin_change": -0.004984886587193586
    },
    {
      "date": "2023-09-30T00:00:00",
      "quarter_label": "2023-09 (Q3)",
      "revenue": 2622054000,
      "gross_profit": null,
      "operating_income": 44074000,
      "net_income": 21440000,
      "opex": 2574095000,
      "cogs": null,
      "rd": null,
      "sga": null,
      "fcf": 7256000,
      "ocf": 32821000,
      "capex": -25565000,
      "gross_margin": null,
      "op_margin": 0.01680895969343118,
      "fcf_margin": 0.002767296173152803,
      "incr_op_margin_yoy": -0.12562134948116957,
      "rev_growth_yoy": 0.07038034459658882,
      "rev_growth_yoy_accel": 2.042382456188971,
      "fcf_margin_change": 0.004162518236210361
    },
    {
      "date": "2023-12-31T00:00:00",
      "quarter_label": "2023-12 (Q4)",
      "revenue": 2233160000,
      "gross_profit": null,
      "operating_income": 25307000,
      "net_income": 1078000,
      "opex": 2206685000,
      "cogs": null,
      "rd": null,
      "sga": null,
      "fcf": 21726000,
      "ocf": 57287000,
      "capex": -35561000,
      "gross_margin": null,
      "op_margin": 0.011332372064697558,
      "fcf_margin": 0.009728814773683928,
      "incr_op_margin_yoy": -0.15847179834972308,
      "rev_growth_yoy": 0.02434867009345537,
      "rev_growth_yoy_accel": -0.046031674503133446,
      "fcf_margin_change": 0.006961518600531125
    },
    {
      "date": "2024-03-31T00:00:00",
      "quarter_label": "2024-03 (Q1)",
      "revenue": 2072454000,
      "gross_profit": null,
      "operating_income": -4866000,
      "net_income": -594000,
      "opex": 2074844000,
      "cogs": null,
      "rd": null,
      "sga": null,
      "fcf": -16473000,
      "ocf": 12755000,
      "capex": -29228000,
      "gross_margin": null,
      "op_margin": -0.002347941136449832,
      "fcf_margin": -0.007948547953295948,
      "incr_op_margin_yoy": -0.003321116571936697,
      "fcf_margin_change": -0.017677362726979874
    },
    {
      "date": "2024-06-30T00:00:00",
      "quarter_label": "2024-06 (Q2)",
      "revenue": 2388163000,
      "gross_profit": null,
      "operating_income": 42948000,
      "net_income": 14063000,
      "opex": 2344954000,
      "cogs": null,
      "rd": null,
      "sga": null,
      "fcf": 57935000,
      "ocf": 77219000,
      "capex": -19284000,
      "gross_margin": null,
      "op_margin": 0.017983697092702634,
      "fcf_margin": 0.024259231886600705,
      "incr_op_margin_yoy": 0.0006728012082422677,
      "op_leverage_ratio": 1.1701643131814388,
      "fcf_margin_change": 0.03220777983989665
    },
    {
      "date": "2024-09-30T00:00:00",
      "quarter_label": "2024-09 (Q3)",
      "revenue": 2279236000,
      "gross_profit": null,
      "operating_income": 41569000,
      "net_income": 9674000,
      "opex": 2236508000,
      "cogs": null,
      "rd": null,
      "sga": null,
      "fcf": 79887000,
      "ocf": 109156000,
      "capex": -29269000,
      "gross_margin": null,
      "op_margin": 0.018238128916882673,
      "fcf_margin": 0.03504990268668975,
      "incr_op_margin_yoy": 0.007307084225449072,
      "rev_growth_yoy": -0.13074406553030563,
      "fcf_margin_change": 0.010790670800089042
    },
    {
      "date": "2024-12-31T00:00:00",
      "quarter_label": "2024-12 (Q4)",
      "revenue": 1992109000,
      "gross_profit": null,
      "operating_income": 14375000,
      "net_income": -2298000,
      "opex": 1973772000,
      "cogs": null,
      "rd": null,
      "sga": null,
      "fcf": -13405000,
      "ocf": 22728000,
      "capex": -36133000,
      "gross_margin": null,
      "op_margin": 0.007215970612049843,
      "fcf_margin": -0.006729049464662827,
      "incr_op_margin_yoy": 0.0453513986666722,
      "rev_growth_yoy": -0.10794166114384997,
      "rev_growth_yoy_accel": 0.022802404386455657,
      "fcf_margin_change": -0.04177895215135258
    },
    {
      "date": "2025-03-31T00:00:00",
      "quarter_label": "2025-03 (Q1)",
      "revenue": 1828905000,
      "gross_profit": null,
      "operating_income": -11764000,
      "net_income": -12672000,
      "opex": 1838452000,
      "cogs": null,
      "rd": null,
      "sga": null,
      "fcf": 16010000,
      "ocf": 43402000,
      "capex": -27392000,
      "gross_margin": null,
      "op_margin": -0.006432264114319771,
      "fcf_margin": 0.008753871852283197,
      "incr_op_margin_yoy": 0.028322842631256954,
      "rev_growth_yoy": -0.11751720424192769,
      "rev_growth_yoy_accel": -0.009575543098077718,
      "fcf_margin_change": 0.015482921316946025
    },
    {
      "date": "2025-06-30T00:00:00",
      "quarter_label": "2025-06 (Q2)",
      "revenue": 1999519000,
      "gross_profit": null,
      "operating_income": 56690000,
      "net_income": 20098000,
      "opex": 1960084000,
      "cogs": null,
      "rd": null,
      "sga": null,
      "fcf": 9838000,
      "ocf": 55185000,
      "capex": -45347000,
      "gross_margin": null,
      "op_margin": 0.028351818612376276,
      "fcf_margin": 0.004920183304084632,
      "incr_op_margin_yoy": -0.03535883739360443,
      "rev_growth_yoy": -0.16273763558015095,
      "rev_growth_yoy_accel": -0.04522043133822326,
      "op_leverage_ratio": 1.4100287415484645,
      "fcf_margin_change": -0.0038336885481985647
    },
    {
      "date": "2025-09-30T00:00:00",
      "quarter_label": "2025-09 (Q3)",
      "revenue": 2020833000,
      "gross_profit": null,
      "operating_income": 35924000,
      "net_income": 13459000,
      "opex": 1982906000,
      "cogs": null,
      "rd": null,
      "sga": null,
      "fcf": 24520000,
      "ocf": 49422000,
      "capex": -24902000,
      "gross_margin": null,
      "op_margin": 0.017776827674528276,
      "fcf_margin": 0.012133610248842928,
      "incr_op_margin_yoy": 0.02184572160539932,
      "rev_growth_yoy": -0.11337263890180745,
      "rev_growth_yoy_accel": 0.0493649966783435,
      "op_leverage_ratio": 0.9155043426713734,
      "fcf_margin_change": 0.007213426944758296
    }
  ],
  "signals": [
    {
      "quarter": "2025-06 (Q2)",
      "signal": "OP MARGIN TURNED POSITIVE (QoQ)",
      "detail": "Op margin: -0.6% -> +2.8%",
      "severity": "HIGH"
    },
    {
      "quarter": "2025-03 (Q1)",
      "signal": "FCF TURNED POSITIVE",
      "detail": "FCF margin: -0.7% -> +0.9%",
      "severity": "HIGH"
    },
    {
      "quarter": "2024-06 (Q2)",
      "signal": "FCF TURNED POSITIVE",
      "detail": "FCF margin: -0.8% -> +2.4%",
      "severity": "HIGH"
    },
    {
      "quarter": "2024-06 (Q2)",
      "signal": "OP MARGIN TURNED POSITIVE (YoY)",
      "detail": "Op margin: -1.6% (year-ago) -> +1.8%",
      "severity": "HIGH"
    },
    {
      "quarter": "2024-06 (Q2)",
      "signal": "OP MARGIN TURNED POSITIVE (QoQ)",
      "detail": "Op margin: -0.2% -> +1.8%",
      "severity": "HIGH"
    },
    {
      "quarter": "2023-09 (Q3)",
      "signal": "FCF TURNED POSITIVE",
      "detail": "FCF margin: -0.1% -> +0.3%",
      "severity": "HIGH"
    },
    {
      "quarter": "2023-09 (Q3)",
      "signal": "YoY REVENUE GROWTH ACCELERATION",
      "detail": "YoY growth: +7.0% vs prior quarter YoY: -197.2% (accel: +204.2%)",
      "severity": "HIGH"
    },
    {
      "quarter": "2023-09 (Q3)",
      "signal": "OP MARGIN TURNED POSITIVE (QoQ)",
      "detail": "Op margin: -1.6% -> +1.7%",
      "severity": "HIGH"
    },
    {
      "quarter": "2023-06 (Q2)",
      "signal": "YoY REVENUE GROWTH ACCELERATION",
      "detail": "YoY growth: -197.2% vs prior quarter YoY: -205.9% (accel: +8.7%)",
      "severity": "MEDIUM"
    },
    {
      "quarter": "2023-03 (Q1)",
      "signal": "YoY REVENUE GROWTH DECELERATION",
      "detail": "YoY growth: -205.9% vs prior quarter YoY: +9.7% (decel: -215.5%)",
      "severity": "WARNING"
    },
    {
      "quarter": "2022-12 (Q4)",
      "signal": "YoY REVENUE GROWTH DECELERATION",
      "detail": "YoY growth: +9.7% vs prior quarter YoY: +20.4% (decel: -10.7%)",
      "severity": "WARNING"
    },
    {
      "quarter": "2022-09 (Q3)",
      "signal": "YoY REVENUE GROWTH DECELERATION",
      "detail": "YoY growth: +20.4% vs prior quarter YoY: +33.0% (decel: -12.6%)",
      "severity": "WARNING"
    },
    {
      "quarter": "2022-03 (Q1)",
      "signal": "FCF TURNED POSITIVE",
      "detail": "FCF margin: -7.0% -> +0.5%",
      "severity": "HIGH"
    },
    {
      "quarter": "2022-03 (Q1)",
      "signal": "YoY REVENUE GROWTH DECELERATION",
      "detail": "YoY growth: +32.9% vs prior quarter YoY: +48.8% (decel: -15.9%)",
      "severity": "WARNING"
    },
    {
      "quarter": "2021-06 (Q2)",
      "signal": "FCF TURNED POSITIVE",
      "detail": "FCF margin: -0.4% -> +1.7%",
      "severity": "HIGH"
    }
  ],
  "data_quality": {
    "n_quarters": 20,
    "coverage": {
      "revenue": [
        20,
        20
      ],
      "gross_profit": [
        0,
        20
      ],
      "op_income": [
        20,
        20
      ],
      "fcf": [
        20,
        20
      ]
    },
    "gaps": [],
    "warnings": [
      "gross_profit: no data"
    ]
  },
  "market_cap": null,
  "source": "SEC EDGAR",
  "last_updated": "2026-02-02T22:19:39.032452"
}