{
  "ticker": "ARKR",
  "name": "ARK RESTAURANTS CORP.",
  "quarters": [
    {
      "date": "2021-01-02T00:00:00",
      "quarter_label": "2021-01 (Q1)",
      "revenue": 20299000,
      "gross_profit": null,
      "operating_income": -3307000,
      "net_income": -763000,
      "opex": 23606000,
      "cogs": null,
      "rd": null,
      "sga": null,
      "fcf": -3579000,
      "ocf": -2985000,
      "capex": -594000,
      "gross_margin": null,
      "op_margin": -0.16291442928223066,
      "fcf_margin": -0.17631410414306123
    },
    {
      "date": "2021-04-03T00:00:00",
      "quarter_label": "2021-04 (Q2)",
      "revenue": 25767000,
      "gross_profit": null,
      "operating_income": -1497000,
      "net_income": 4161000,
      "opex": 27264000,
      "cogs": null,
      "rd": null,
      "sga": null,
      "fcf": 832000,
      "ocf": 1341000,
      "capex": -509000,
      "gross_margin": null,
      "op_margin": -0.058097566655023865,
      "fcf_margin": 0.032289362362711994,
      "op_leverage_ratio": 1.7383313557450077,
      "fcf_margin_change": 0.20860346650577322
    },
    {
      "date": "2021-07-03T00:00:00",
      "quarter_label": "2021-07 (Q3)",
      "revenue": 42965000,
      "gross_profit": null,
      "operating_income": 5113000,
      "net_income": 2670000,
      "opex": 37852000,
      "cogs": null,
      "rd": null,
      "sga": null,
      "fcf": 7745000,
      "ocf": 8292000,
      "capex": -547000,
      "gross_margin": null,
      "op_margin": 0.11900384033515653,
      "fcf_margin": 0.1802630047713255,
      "op_leverage_ratio": 1.7186590433824238,
      "fcf_margin_change": 0.14797364240861352
    },
    {
      "date": "2021-10-02T00:00:00",
      "quarter_label": "2021-10 (Q4)",
      "revenue": 42839000,
      "gross_profit": null,
      "operating_income": 5898000,
      "net_income": 6828000,
      "opex": 36941000,
      "cogs": null,
      "rd": null,
      "sga": null,
      "fcf": 2158000,
      "ocf": 2646000,
      "capex": -488000,
      "gross_margin": null,
      "op_margin": 0.13767828380681155,
      "fcf_margin": 0.05037465860547632,
      "fcf_margin_change": -0.12988834616584918
    },
    {
      "date": "2022-01-01T00:00:00",
      "quarter_label": "2022-01 (Q1)",
      "revenue": 43986000,
      "gross_profit": null,
      "operating_income": 2791000,
      "net_income": 2209000,
      "opex": 41195000,
      "cogs": null,
      "rd": null,
      "sga": null,
      "fcf": 3403000,
      "ocf": 3852000,
      "capex": -449000,
      "gross_margin": null,
      "op_margin": 0.0634520074569181,
      "fcf_margin": 0.07736552539444369,
      "incr_op_margin_yoy": 0.2574407903069194,
      "rev_growth_yoy": 1.1669047736341691,
      "op_leverage_ratio": 0.232506584032343,
      "fcf_margin_change": 0.026990866788967373
    },
    {
      "date": "2022-04-02T00:00:00",
      "quarter_label": "2022-04 (Q2)",
      "revenue": 39586000,
      "gross_profit": null,
      "operating_income": 227000,
      "net_income": 1055000,
      "opex": 39359000,
      "cogs": null,
      "rd": null,
      "sga": null,
      "fcf": 414000,
      "ocf": 1111000,
      "capex": -697000,
      "gross_margin": null,
      "op_margin": 0.005734350527964432,
      "fcf_margin": 0.010458242813115748,
      "incr_op_margin_yoy": 0.12475577103987263,
      "rev_growth_yoy": 0.5363061279931696,
      "rev_growth_yoy_accel": -0.6305986456409995,
      "fcf_margin_change": -0.06690728258132794
    },
    {
      "date": "2022-07-02T00:00:00",
      "quarter_label": "2022-07 (Q3)",
      "revenue": 53218000,
      "gross_profit": null,
      "operating_income": 5421000,
      "net_income": 5255000,
      "opex": 47797000,
      "cogs": null,
      "rd": null,
      "sga": null,
      "fcf": 10234000,
      "ocf": 10873000,
      "capex": -639000,
      "gross_margin": null,
      "op_margin": 0.10186403096696607,
      "fcf_margin": 0.19230335600736592,
      "incr_op_margin_yoy": 0.030039988296108457,
      "rev_growth_yoy": 0.23863609915047132,
      "rev_growth_yoy_accel": -0.2976700288426982,
      "op_leverage_ratio": 1.6062845856367371,
      "fcf_margin_change": 0.18184511319425017
    },
    {
      "date": "2022-10-01T00:00:00",
      "quarter_label": "2022-10 (Q4)",
      "revenue": 46885000,
      "gross_profit": null,
      "operating_income": 1424000,
      "net_income": 762000,
      "opex": 45461000,
      "cogs": null,
      "rd": null,
      "sga": null,
      "fcf": 3595000,
      "ocf": 4511000,
      "capex": -916000,
      "gross_margin": null,
      "op_margin": 0.030372187266716436,
      "fcf_margin": 0.07667697557854325,
      "incr_op_margin_yoy": -1.1057834898665349,
      "rev_growth_yoy": 0.09444664908144448,
      "rev_growth_yoy_accel": -0.14418945006902684,
      "fcf_margin_change": -0.11562638042882267
    },
    {
      "date": "2022-12-31T00:00:00",
      "quarter_label": "2022-12 (Q4)",
      "revenue": 47445000,
      "gross_profit": null,
      "operating_income": 2203000,
      "net_income": 1725000,
      "opex": 45242000,
      "cogs": null,
      "rd": null,
      "sga": null,
      "fcf": -1700000,
      "ocf": -903000,
      "capex": -797000,
      "gross_margin": null,
      "op_margin": 0.046432711560754555,
      "fcf_margin": -0.03583096216671936,
      "incr_op_margin_yoy": -0.16999132697311362,
      "rev_growth_yoy": 0.07863865775474015,
      "rev_growth_yoy_accel": -0.015807991326704338,
      "op_leverage_ratio": Infinity,
      "fcf_margin_change": -0.1125079377452626
    },
    {
      "date": "2023-04-01T00:00:00",
      "quarter_label": "2023-04 (Q2)",
      "revenue": 41897000,
      "gross_profit": null,
      "operating_income": 23000,
      "net_income": -484000,
      "opex": 41874000,
      "cogs": null,
      "rd": null,
      "sga": null,
      "fcf": 1726000,
      "ocf": 3014000,
      "capex": -1288000,
      "gross_margin": null,
      "op_margin": 0.0005489653197126286,
      "fcf_margin": 0.041196267035825955,
      "incr_op_margin_yoy": -0.088273474686283,
      "rev_growth_yoy": 0.05837922497852776,
      "rev_growth_yoy_accel": -0.020259432776212387,
      "fcf_margin_change": 0.07702722920254532
    },
    {
      "date": "2023-07-01T00:00:00",
      "quarter_label": "2023-07 (Q3)",
      "revenue": 51051000,
      "gross_profit": null,
      "operating_income": 3637000,
      "net_income": 3195000,
      "opex": 47414000,
      "cogs": null,
      "rd": null,
      "sga": null,
      "fcf": 3729000,
      "ocf": 4761000,
      "capex": -1032000,
      "gross_margin": null,
      "op_margin": 0.07124248300718888,
      "fcf_margin": 0.07304460245636717,
      "incr_op_margin_yoy": 0.8232579603137978,
      "rev_growth_yoy": -0.04071930549813973,
      "rev_growth_yoy_accel": -0.09909853047666749,
      "op_leverage_ratio": 1.6514394894338178,
      "fcf_margin_change": 0.03184833542054121
    },
    {
      "date": "2023-09-30T00:00:00",
      "quarter_label": "2023-09 (Q3)",
      "revenue": 44400000,
      "gross_profit": null,
      "operating_income": -10703000,
      "net_income": -10364000,
      "opex": 55103000,
      "cogs": null,
      "rd": null,
      "sga": null,
      "fcf": 774000,
      "ocf": 1514000,
      "capex": -740000,
      "gross_margin": null,
      "op_margin": -0.24105855855855857,
      "fcf_margin": 0.01743243243243243,
      "incr_op_margin_yoy": 4.880080482897385,
      "rev_growth_yoy": -0.053002026234403324,
      "rev_growth_yoy_accel": -0.012282720736263596,
      "fcf_margin_change": -0.05561217002393473
    },
    {
      "date": "2023-12-30T00:00:00",
      "quarter_label": "2023-12 (Q4)",
      "revenue": 47487000,
      "gross_profit": null,
      "operating_income": 1603000,
      "net_income": 1370000,
      "opex": 45884000,
      "cogs": null,
      "rd": null,
      "sga": null,
      "fcf": 282000,
      "ocf": 558000,
      "capex": -276000,
      "gross_margin": null,
      "op_margin": 0.03375660707140902,
      "fcf_margin": 0.005938467370017057,
      "rev_growth_yoy": 0.0008852355358836548,
      "rev_growth_yoy_accel": 0.05388726177028698,
      "op_leverage_ratio": Infinity,
      "fcf_margin_change": -0.011493965062415373
    },
    {
      "date": "2024-03-30T00:00:00",
      "quarter_label": "2024-03 (Q1)",
      "revenue": 42257000,
      "gross_profit": null,
      "operating_income": -1202000,
      "net_income": -1449000,
      "opex": 43459000,
      "cogs": null,
      "rd": null,
      "sga": null,
      "fcf": -148000,
      "ocf": 208000,
      "capex": -356000,
      "gross_margin": null,
      "op_margin": -0.028444991362377832,
      "fcf_margin": -0.0035023783041862886,
      "rev_growth_yoy": 0.008592500656371578,
      "rev_growth_yoy_accel": 0.007707265120487923,
      "fcf_margin_change": -0.009440845674203346
    },
    {
      "date": "2024-06-29T00:00:00",
      "quarter_label": "2024-06 (Q2)",
      "revenue": 50396000,
      "gross_profit": null,
      "operating_income": 824000,
      "net_income": 640000,
      "opex": 49572000,
      "cogs": null,
      "rd": null,
      "sga": null,
      "fcf": 2537000,
      "ocf": 3160000,
      "capex": -623000,
      "gross_margin": null,
      "op_margin": 0.016350504008254624,
      "fcf_margin": 0.050341296928327645,
      "rev_growth_yoy": -0.012830306947954007,
      "rev_growth_yoy_accel": -0.021422807604325585,
      "op_leverage_ratio": 1.3692972001796817,
      "fcf_margin_change": 0.05384367523251393
    },
    {
      "date": "2024-09-28T00:00:00",
      "quarter_label": "2024-09 (Q3)",
      "revenue": 43406000,
      "gross_profit": null,
      "operating_income": -5519000,
      "net_income": -4457000,
      "opex": 48925000,
      "cogs": null,
      "rd": null,
      "sga": null,
      "fcf": -482000,
      "ocf": 728000,
      "capex": -1210000,
      "gross_margin": null,
      "op_margin": -0.12714832050868544,
      "fcf_margin": -0.011104455605215868,
      "rev_growth_yoy": -0.022387387387387388,
      "rev_growth_yoy_accel": -0.009557080439433381,
      "fcf_margin_change": -0.061445752533543514
    },
    {
      "date": "2024-12-28T00:00:00",
      "quarter_label": "2024-12 (Q4)",
      "revenue": 44988000,
      "gross_profit": null,
      "operating_income": 5689000,
      "net_income": 3164000,
      "opex": 39299000,
      "cogs": null,
      "rd": null,
      "sga": null,
      "fcf": -1977000,
      "ocf": -1346000,
      "capex": -631000,
      "gross_margin": null,
      "op_margin": 0.1264559438072375,
      "fcf_margin": -0.04394505201387037,
      "incr_op_margin_yoy": -1.6350540216086435,
      "rev_growth_yoy": -0.05262492892791711,
      "rev_growth_yoy_accel": -0.030237541540529725,
      "op_leverage_ratio": Infinity,
      "fcf_margin_change": -0.0328405964086545
    },
    {
      "date": "2025-03-29T00:00:00",
      "quarter_label": "2025-03 (Q1)",
      "revenue": 39725000,
      "gross_profit": null,
      "operating_income": -4617000,
      "net_income": -9258000,
      "opex": 44342000,
      "cogs": null,
      "rd": null,
      "sga": null,
      "fcf": 290000,
      "ocf": 612000,
      "capex": -322000,
      "gross_margin": null,
      "op_margin": -0.11622404027690371,
      "fcf_margin": 0.007300188797986155,
      "incr_op_margin_yoy": 1.348736176935229,
      "rev_growth_yoy": -0.05991906666351137,
      "rev_growth_yoy_accel": -0.007294137735594258,
      "fcf_margin_change": 0.051245240811856524
    },
    {
      "date": "2025-06-28T00:00:00",
      "quarter_label": "2025-06 (Q2)",
      "revenue": 43715000,
      "gross_profit": null,
      "operating_income": -3415000,
      "net_income": -3454000,
      "opex": 47130000,
      "cogs": null,
      "rd": null,
      "sga": null,
      "fcf": 1181000,
      "ocf": 1853000,
      "capex": -672000,
      "gross_margin": null,
      "op_margin": -0.07811963856799725,
      "fcf_margin": 0.02701589843303214,
      "incr_op_margin_yoy": 0.6344858554108667,
      "rev_growth_yoy": -0.13257004524168584,
      "rev_growth_yoy_accel": -0.07265097857817446,
      "op_leverage_ratio": 1.5974655382729002,
      "fcf_margin_change": 0.019715709635045986
    },
    {
      "date": "2025-09-27T00:00:00",
      "quarter_label": "2025-09 (Q3)",
      "revenue": 37323000,
      "gross_profit": null,
      "operating_income": -1722000,
      "net_income": -1918000,
      "opex": 39045000,
      "cogs": null,
      "rd": null,
      "sga": null,
      "fcf": -989000,
      "ocf": 633000,
      "capex": -1622000,
      "gross_margin": null,
      "op_margin": -0.04613777027570131,
      "fcf_margin": -0.026498405808750635,
      "incr_op_margin_yoy": -0.6241985862239027,
      "rev_growth_yoy": -0.14014191586416624,
      "rev_growth_yoy_accel": -0.007571870622480409,
      "fcf_margin_change": -0.05351430424178277
    }
  ],
  "signals": [
    {
      "quarter": "2025-06 (Q2)",
      "signal": "OPERATING LEVERAGE",
      "detail": "Rev growth +10.0% vs OpEx growth +6.3% (leverage: 1.6x)",
      "severity": "MEDIUM"
    },
    {
      "quarter": "2025-06 (Q2)",
      "signal": "YoY REVENUE GROWTH DECELERATION",
      "detail": "YoY growth: -13.3% vs prior quarter YoY: -6.0% (decel: -7.3%)",
      "severity": "WARNING"
    },
    {
      "quarter": "2025-03 (Q1)",
      "signal": "FCF TURNED POSITIVE",
      "detail": "FCF margin: -4.4% -> +0.7%",
      "severity": "HIGH"
    },
    {
      "quarter": "2024-12 (Q4)",
      "signal": "OP MARGIN TURNED POSITIVE (QoQ)",
      "detail": "Op margin: -12.7% -> +12.6%",
      "severity": "HIGH"
    },
    {
      "quarter": "2024-06 (Q2)",
      "signal": "FCF TURNED POSITIVE",
      "detail": "FCF margin: -0.4% -> +5.0%",
      "severity": "HIGH"
    },
    {
      "quarter": "2024-06 (Q2)",
      "signal": "OP MARGIN TURNED POSITIVE (QoQ)",
      "detail": "Op margin: -2.8% -> +1.6%",
      "severity": "HIGH"
    },
    {
      "quarter": "2023-12 (Q4)",
      "signal": "YoY REVENUE GROWTH ACCELERATION",
      "detail": "YoY growth: +0.1% vs prior quarter YoY: -5.3% (accel: +5.4%)",
      "severity": "MEDIUM"
    },
    {
      "quarter": "2023-12 (Q4)",
      "signal": "OP MARGIN TURNED POSITIVE (QoQ)",
      "detail": "Op margin: -24.1% -> +3.4%",
      "severity": "HIGH"
    },
    {
      "quarter": "2023-07 (Q3)",
      "signal": "OPERATING LEVERAGE",
      "detail": "Rev growth +21.8% vs OpEx growth +13.2% (leverage: 1.7x)",
      "severity": "MEDIUM"
    },
    {
      "quarter": "2023-07 (Q3)",
      "signal": "YoY REVENUE GROWTH DECELERATION",
      "detail": "YoY growth: -4.1% vs prior quarter YoY: +5.8% (decel: -9.9%)",
      "severity": "WARNING"
    },
    {
      "quarter": "2023-07 (Q3)",
      "signal": "INCREMENTAL MARGIN (YoY)",
      "detail": "YoY Incr OPM: +82.3% vs year-ago OPM: +10.2%",
      "severity": "HIGH"
    },
    {
      "quarter": "2023-04 (Q2)",
      "signal": "FCF TURNED POSITIVE",
      "detail": "FCF margin: -3.6% -> +4.1%",
      "severity": "HIGH"
    },
    {
      "quarter": "2022-10 (Q4)",
      "signal": "YoY REVENUE GROWTH DECELERATION",
      "detail": "YoY growth: +9.4% vs prior quarter YoY: +23.9% (decel: -14.4%)",
      "severity": "WARNING"
    },
    {
      "quarter": "2022-07 (Q3)",
      "signal": "FCF MARGIN EXPANSION",
      "detail": "FCF margin: +1.0% -> +19.2% (+18.2%)",
      "severity": "MEDIUM"
    },
    {
      "quarter": "2022-07 (Q3)",
      "signal": "OPERATING LEVERAGE",
      "detail": "Rev growth +34.4% vs OpEx growth +21.4% (leverage: 1.6x)",
      "severity": "MEDIUM"
    },
    {
      "quarter": "2022-07 (Q3)",
      "signal": "YoY REVENUE GROWTH DECELERATION",
      "detail": "YoY growth: +23.9% vs prior quarter YoY: +53.6% (decel: -29.8%)",
      "severity": "WARNING"
    },
    {
      "quarter": "2022-04 (Q2)",
      "signal": "YoY REVENUE GROWTH DECELERATION",
      "detail": "YoY growth: +53.6% vs prior quarter YoY: +116.7% (decel: -63.1%)",
      "severity": "WARNING"
    },
    {
      "quarter": "2022-04 (Q2)",
      "signal": "OP MARGIN TURNED POSITIVE (YoY)",
      "detail": "Op margin: -5.8% (year-ago) -> +0.6%",
      "severity": "HIGH"
    },
    {
      "quarter": "2022-01 (Q1)",
      "signal": "OP MARGIN TURNED POSITIVE (YoY)",
      "detail": "Op margin: -16.3% (year-ago) -> +6.3%",
      "severity": "HIGH"
    },
    {
      "quarter": "2021-07 (Q3)",
      "signal": "FCF MARGIN EXPANSION",
      "detail": "FCF margin: +3.2% -> +18.0% (+14.8%)",
      "severity": "MEDIUM"
    },
    {
      "quarter": "2021-07 (Q3)",
      "signal": "OPERATING LEVERAGE",
      "detail": "Rev growth +66.7% vs OpEx growth +38.8% (leverage: 1.7x)",
      "severity": "MEDIUM"
    },
    {
      "quarter": "2021-07 (Q3)",
      "signal": "OP MARGIN TURNED POSITIVE (QoQ)",
      "detail": "Op margin: -5.8% -> +11.9%",
      "severity": "HIGH"
    },
    {
      "quarter": "2021-04 (Q2)",
      "signal": "FCF TURNED POSITIVE",
      "detail": "FCF margin: -17.6% -> +3.2%",
      "severity": "HIGH"
    },
    {
      "quarter": "2021-04 (Q2)",
      "signal": "OPERATING LEVERAGE",
      "detail": "Rev growth +26.9% vs OpEx growth +15.5% (leverage: 1.7x)",
      "severity": "MEDIUM"
    }
  ],
  "data_quality": {
    "n_quarters": 20,
    "coverage": {
      "revenue": [
        20,
        20
      ],
      "gross_profit": [
        0,
        20
      ],
      "op_income": [
        20,
        20
      ],
      "fcf": [
        20,
        20
      ]
    },
    "gaps": [],
    "warnings": [
      "gross_profit: no data"
    ]
  },
  "market_cap": null,
  "source": "SEC EDGAR",
  "last_updated": "2026-02-02T23:56:04.843790"
}