{
  "ticker": "ARL",
  "name": "AMERICAN REALTY INVESTORS, INC.",
  "quarters": [
    {
      "date": "2020-12-31T00:00:00",
      "quarter_label": "2020-12 (Q4)",
      "revenue": 19218000,
      "gross_profit": null,
      "operating_income": 3938000,
      "net_income": 403000,
      "opex": 15280000,
      "cogs": null,
      "rd": null,
      "sga": null,
      "fcf": 20882000,
      "ocf": 20882000,
      "capex": null,
      "gross_margin": null,
      "op_margin": 0.20491206160890832,
      "fcf_margin": 1.0865854927671974
    },
    {
      "date": "2021-03-31T00:00:00",
      "quarter_label": "2021-03 (Q1)",
      "revenue": 11828000,
      "gross_profit": null,
      "operating_income": -3002000,
      "net_income": 18068000,
      "opex": 14830000,
      "cogs": null,
      "rd": null,
      "sga": null,
      "fcf": -1449000,
      "ocf": -1449000,
      "capex": null,
      "gross_margin": null,
      "op_margin": -0.25380453161988503,
      "fcf_margin": -0.1225059181602976,
      "fcf_margin_change": -1.209091410927495
    },
    {
      "date": "2021-06-30T00:00:00",
      "quarter_label": "2021-06 (Q2)",
      "revenue": 11103000,
      "gross_profit": null,
      "operating_income": -8771000,
      "net_income": -27328000,
      "opex": 19874000,
      "cogs": null,
      "rd": null,
      "sga": null,
      "fcf": 1361000,
      "ocf": 1361000,
      "capex": null,
      "gross_margin": null,
      "op_margin": -0.7899666756732414,
      "fcf_margin": 0.1225794830226065,
      "fcf_margin_change": 0.24508540118290412
    },
    {
      "date": "2021-09-30T00:00:00",
      "quarter_label": "2021-09 (Q3)",
      "revenue": 10494000,
      "gross_profit": null,
      "operating_income": -5168000,
      "net_income": 19411000,
      "opex": 15662000,
      "cogs": null,
      "rd": null,
      "sga": null,
      "fcf": -7635000,
      "ocf": -7635000,
      "capex": null,
      "gross_margin": null,
      "op_margin": -0.4924718886983038,
      "fcf_margin": -0.7275586049170955,
      "fcf_margin_change": -0.8501380879397019
    },
    {
      "date": "2021-12-31T00:00:00",
      "quarter_label": "2021-12 (Q4)",
      "revenue": 8614000,
      "gross_profit": null,
      "operating_income": -3677000,
      "net_income": -6804000,
      "opex": 12291000,
      "cogs": null,
      "rd": null,
      "sga": null,
      "fcf": -3800000,
      "ocf": -3800000,
      "capex": null,
      "gross_margin": null,
      "op_margin": -0.426863245878802,
      "fcf_margin": -0.4411423264453216,
      "incr_op_margin_yoy": 0.7181252357600906,
      "rev_growth_yoy": -0.5517743781871163,
      "fcf_margin_change": 0.28641627847177387
    },
    {
      "date": "2022-03-31T00:00:00",
      "quarter_label": "2022-03 (Q1)",
      "revenue": 7787000,
      "gross_profit": null,
      "operating_income": -4495000,
      "net_income": 11314000,
      "opex": 12282000,
      "cogs": null,
      "rd": null,
      "sga": null,
      "fcf": -4186000,
      "ocf": -4186000,
      "capex": null,
      "gross_margin": null,
      "op_margin": -0.5772441248234237,
      "fcf_margin": -0.5375626043405676,
      "incr_op_margin_yoy": 0.3694630042068795,
      "rev_growth_yoy": -0.34164693946567465,
      "rev_growth_yoy_accel": 0.21012743872144163,
      "fcf_margin_change": -0.09642027789524599
    },
    {
      "date": "2022-06-30T00:00:00",
      "quarter_label": "2022-06 (Q2)",
      "revenue": 8129000,
      "gross_profit": null,
      "operating_income": -3033000,
      "net_income": 16312000,
      "opex": 11162000,
      "cogs": null,
      "rd": null,
      "sga": null,
      "fcf": -4807000,
      "ocf": -4807000,
      "capex": null,
      "gross_margin": null,
      "op_margin": -0.3731086234469184,
      "fcf_margin": -0.591339648173207,
      "incr_op_margin_yoy": -1.929388029589778,
      "rev_growth_yoy": -0.2678555345402144,
      "rev_growth_yoy_accel": 0.07379140492546027,
      "op_leverage_ratio": Infinity,
      "fcf_margin_change": -0.05377704383263948
    },
    {
      "date": "2022-09-30T00:00:00",
      "quarter_label": "2022-09 (Q3)",
      "revenue": 8319000,
      "gross_profit": null,
      "operating_income": -3188000,
      "net_income": 302289000,
      "opex": 11507000,
      "cogs": null,
      "rd": null,
      "sga": null,
      "fcf": 2119000,
      "ocf": 2119000,
      "capex": null,
      "gross_margin": null,
      "op_margin": -0.38321913691549464,
      "fcf_margin": 0.25471811515807186,
      "incr_op_margin_yoy": -0.9103448275862069,
      "rev_growth_yoy": -0.20726129216695255,
      "rev_growth_yoy_accel": 0.06059424237326183,
      "op_leverage_ratio": 0.7562047491446797,
      "fcf_margin_change": 0.8460577633312789
    },
    {
      "date": "2022-12-31T00:00:00",
      "quarter_label": "2022-12 (Q4)",
      "revenue": 13309000,
      "gross_profit": null,
      "operating_income": 1449000,
      "net_income": 43434000,
      "opex": 11860000,
      "cogs": null,
      "rd": null,
      "sga": null,
      "fcf": -38512000,
      "ocf": -38512000,
      "capex": null,
      "gross_margin": null,
      "op_margin": 0.10887369449244871,
      "fcf_margin": -2.8936809677661732,
      "incr_op_margin_yoy": 1.0917997870074547,
      "rev_growth_yoy": 0.5450429533317854,
      "rev_growth_yoy_accel": 0.752304245498738,
      "op_leverage_ratio": 19.553154371694955,
      "fcf_margin_change": -3.148399082924245
    },
    {
      "date": "2023-03-31T00:00:00",
      "quarter_label": "2023-03 (Q1)",
      "revenue": 11688000,
      "gross_profit": null,
      "operating_income": -3086000,
      "net_income": 2978000,
      "opex": 14774000,
      "cogs": null,
      "rd": null,
      "sga": null,
      "fcf": 1539000,
      "ocf": 1539000,
      "capex": null,
      "gross_margin": null,
      "op_margin": -0.264031485284052,
      "fcf_margin": 0.1316735112936345,
      "incr_op_margin_yoy": 0.36118943860548575,
      "rev_growth_yoy": 0.5009631437010402,
      "rev_growth_yoy_accel": -0.044079809630745204,
      "fcf_margin_change": 3.025354479059808
    },
    {
      "date": "2023-06-30T00:00:00",
      "quarter_label": "2023-06 (Q2)",
      "revenue": 12239000,
      "gross_profit": null,
      "operating_income": -3859000,
      "net_income": 125000,
      "opex": 16098000,
      "cogs": null,
      "rd": null,
      "sga": null,
      "fcf": -9994000,
      "ocf": -9994000,
      "capex": null,
      "gross_margin": null,
      "op_margin": -0.31530353787074106,
      "fcf_margin": -0.816569981207615,
      "incr_op_margin_yoy": -0.20097323600973235,
      "rev_growth_yoy": 0.5055972444335096,
      "rev_growth_yoy_accel": 0.004634100732469393,
      "op_leverage_ratio": 0.5260433144951002,
      "fcf_margin_change": -0.9482434925012495
    },
    {
      "date": "2023-09-30T00:00:00",
      "quarter_label": "2023-09 (Q3)",
      "revenue": 12526000,
      "gross_profit": null,
      "operating_income": -2104000,
      "net_income": 2988000,
      "opex": 14630000,
      "cogs": null,
      "rd": null,
      "sga": null,
      "fcf": 16301000,
      "ocf": 16301000,
      "capex": null,
      "gross_margin": null,
      "op_margin": -0.16797062110809516,
      "fcf_margin": 1.3013731438607696,
      "incr_op_margin_yoy": 0.2576657951033991,
      "rev_growth_yoy": 0.5057098208919342,
      "rev_growth_yoy_accel": 0.00011257645842455144,
      "op_leverage_ratio": Infinity,
      "fcf_margin_change": 2.1179431250683844
    },
    {
      "date": "2023-12-31T00:00:00",
      "quarter_label": "2023-12 (Q4)",
      "revenue": 14047000,
      "gross_profit": null,
      "operating_income": -2191000,
      "net_income": -2123000,
      "opex": 16238000,
      "cogs": null,
      "rd": null,
      "sga": null,
      "fcf": -38900000,
      "ocf": -38900000,
      "capex": null,
      "gross_margin": null,
      "op_margin": -0.1559763650601552,
      "fcf_margin": -2.769274578201751,
      "rev_growth_yoy": 0.0554511984371478,
      "rev_growth_yoy_accel": -0.4502586224547864,
      "op_leverage_ratio": 1.1047781807869483,
      "fcf_margin_change": -4.070647722062521
    },
    {
      "date": "2024-03-31T00:00:00",
      "quarter_label": "2024-03 (Q1)",
      "revenue": 11899000,
      "gross_profit": null,
      "operating_income": -1517000,
      "net_income": 1751000,
      "opex": 13416000,
      "cogs": null,
      "rd": null,
      "sga": null,
      "fcf": 3867000,
      "ocf": 3867000,
      "capex": null,
      "gross_margin": null,
      "op_margin": -0.12748970501722834,
      "fcf_margin": 0.32498529288175476,
      "rev_growth_yoy": 0.018052703627652295,
      "rev_growth_yoy_accel": -0.0373984948094955,
      "fcf_margin_change": 3.094259871083506
    },
    {
      "date": "2024-06-30T00:00:00",
      "quarter_label": "2024-06 (Q2)",
      "revenue": 11773000,
      "gross_profit": null,
      "operating_income": -1277000,
      "net_income": 1167000,
      "opex": 13050000,
      "cogs": null,
      "rd": null,
      "sga": null,
      "fcf": -503000,
      "ocf": -503000,
      "capex": null,
      "gross_margin": null,
      "op_margin": -0.10846852968657096,
      "fcf_margin": -0.04272487896033297,
      "rev_growth_yoy": -0.03807500612795163,
      "rev_growth_yoy_accel": -0.056127709755603925,
      "fcf_margin_change": -0.3677101718420877
    },
    {
      "date": "2024-09-30T00:00:00",
      "quarter_label": "2024-09 (Q3)",
      "revenue": 11607000,
      "gross_profit": null,
      "operating_income": -2063000,
      "net_income": -17460000,
      "opex": 13670000,
      "cogs": null,
      "rd": null,
      "sga": null,
      "fcf": 13495000,
      "ocf": 13495000,
      "capex": null,
      "gross_margin": null,
      "op_margin": -0.1777375721547342,
      "fcf_margin": 1.162660463513397,
      "rev_growth_yoy": -0.07336739581670126,
      "rev_growth_yoy_accel": -0.035292389688749634,
      "fcf_margin_change": 1.20538534247373
    },
    {
      "date": "2024-12-31T00:00:00",
      "quarter_label": "2024-12 (Q4)",
      "revenue": 12039000,
      "gross_profit": null,
      "operating_income": -1784000,
      "net_income": -161000,
      "opex": 13823000,
      "cogs": null,
      "rd": null,
      "sga": null,
      "fcf": -15770000,
      "ocf": -15770000,
      "capex": null,
      "gross_margin": null,
      "op_margin": -0.14818506520475122,
      "fcf_margin": -1.309909460918681,
      "incr_op_margin_yoy": -0.20268924302788843,
      "rev_growth_yoy": -0.14294867231437317,
      "rev_growth_yoy_accel": -0.0695812764976719,
      "op_leverage_ratio": 3.3253766743192497,
      "fcf_margin_change": -2.472569924432078
    },
    {
      "date": "2025-03-31T00:00:00",
      "quarter_label": "2025-03 (Q1)",
      "revenue": 12008000,
      "gross_profit": null,
      "operating_income": -813000,
      "net_income": 2965000,
      "opex": 12821000,
      "cogs": null,
      "rd": null,
      "sga": null,
      "fcf": -7408000,
      "ocf": -7408000,
      "capex": null,
      "gross_margin": null,
      "op_margin": -0.06770486342438374,
      "fcf_margin": -0.6169220519653564,
      "rev_growth_yoy": 0.009160433649886545,
      "rev_growth_yoy_accel": 0.15210910596425972,
      "fcf_margin_change": 0.6929874089533246
    },
    {
      "date": "2025-06-30T00:00:00",
      "quarter_label": "2025-06 (Q2)",
      "revenue": 12160000,
      "gross_profit": null,
      "operating_income": -1013000,
      "net_income": 2827000,
      "opex": 13173000,
      "cogs": null,
      "rd": null,
      "sga": null,
      "fcf": -2916000,
      "ocf": -2916000,
      "capex": null,
      "gross_margin": null,
      "op_margin": -0.08330592105263158,
      "fcf_margin": -0.23980263157894738,
      "rev_growth_yoy": 0.032871825363119,
      "rev_growth_yoy_accel": 0.023711391713232458,
      "op_leverage_ratio": 0.4610543728423475,
      "fcf_margin_change": 0.37711942038640905
    },
    {
      "date": "2025-09-30T00:00:00",
      "quarter_label": "2025-09 (Q3)",
      "revenue": 12835000,
      "gross_profit": null,
      "operating_income": -1573000,
      "net_income": 129000,
      "opex": 14408000,
      "cogs": null,
      "rd": null,
      "sga": null,
      "fcf": 7973000,
      "ocf": 7973000,
      "capex": null,
      "gross_margin": null,
      "op_margin": -0.12255551227113362,
      "fcf_margin": 0.6211920529801325,
      "incr_op_margin_yoy": 0.3990228013029316,
      "rev_growth_yoy": 0.10579822520892565,
      "rev_growth_yoy_accel": 0.07292639984580665,
      "op_leverage_ratio": 0.5920902807372683,
      "fcf_margin_change": 0.8609946845590799
    }
  ],
  "signals": [
    {
      "quarter": "2025-09 (Q3)",
      "signal": "FCF TURNED POSITIVE",
      "detail": "FCF margin: -24.0% -> +62.1%",
      "severity": "HIGH"
    },
    {
      "quarter": "2025-09 (Q3)",
      "signal": "YoY REVENUE GROWTH ACCELERATION",
      "detail": "YoY growth: +10.6% vs prior quarter YoY: +3.3% (accel: +7.3%)",
      "severity": "MEDIUM"
    },
    {
      "quarter": "2025-06 (Q2)",
      "signal": "FCF MARGIN EXPANSION",
      "detail": "FCF margin: -61.7% -> -24.0% (+37.7%)",
      "severity": "MEDIUM"
    },
    {
      "quarter": "2025-03 (Q1)",
      "signal": "FCF MARGIN EXPANSION",
      "detail": "FCF margin: -131.0% -> -61.7% (+69.3%)",
      "severity": "MEDIUM"
    },
    {
      "quarter": "2025-03 (Q1)",
      "signal": "YoY REVENUE GROWTH ACCELERATION",
      "detail": "YoY growth: +0.9% vs prior quarter YoY: -14.3% (accel: +15.2%)",
      "severity": "HIGH"
    },
    {
      "quarter": "2024-12 (Q4)",
      "signal": "OPERATING LEVERAGE",
      "detail": "Rev growth +3.7% vs OpEx growth +1.1% (leverage: 3.3x)",
      "severity": "MEDIUM"
    },
    {
      "quarter": "2024-12 (Q4)",
      "signal": "YoY REVENUE GROWTH DECELERATION",
      "detail": "YoY growth: -14.3% vs prior quarter YoY: -7.3% (decel: -7.0%)",
      "severity": "WARNING"
    },
    {
      "quarter": "2024-09 (Q3)",
      "signal": "FCF TURNED POSITIVE",
      "detail": "FCF margin: -4.3% -> +116.3%",
      "severity": "HIGH"
    },
    {
      "quarter": "2024-06 (Q2)",
      "signal": "YoY REVENUE GROWTH DECELERATION",
      "detail": "YoY growth: -3.8% vs prior quarter YoY: +1.8% (decel: -5.6%)",
      "severity": "WARNING"
    },
    {
      "quarter": "2024-03 (Q1)",
      "signal": "FCF TURNED POSITIVE",
      "detail": "FCF margin: -276.9% -> +32.5%",
      "severity": "HIGH"
    },
    {
      "quarter": "2023-12 (Q4)",
      "signal": "YoY REVENUE GROWTH DECELERATION",
      "detail": "YoY growth: +5.5% vs prior quarter YoY: +50.6% (decel: -45.0%)",
      "severity": "WARNING"
    },
    {
      "quarter": "2023-09 (Q3)",
      "signal": "FCF TURNED POSITIVE",
      "detail": "FCF margin: -81.7% -> +130.1%",
      "severity": "HIGH"
    },
    {
      "quarter": "2023-03 (Q1)",
      "signal": "FCF TURNED POSITIVE",
      "detail": "FCF margin: -289.4% -> +13.2%",
      "severity": "HIGH"
    },
    {
      "quarter": "2022-12 (Q4)",
      "signal": "OPERATING LEVERAGE",
      "detail": "Rev growth +60.0% vs OpEx growth +3.1% (leverage: 19.6x)",
      "severity": "MEDIUM"
    },
    {
      "quarter": "2022-12 (Q4)",
      "signal": "YoY REVENUE GROWTH ACCELERATION",
      "detail": "YoY growth: +54.5% vs prior quarter YoY: -20.7% (accel: +75.2%)",
      "severity": "HIGH"
    },
    {
      "quarter": "2022-12 (Q4)",
      "signal": "OP MARGIN TURNED POSITIVE (YoY)",
      "detail": "Op margin: -42.7% (year-ago) -> +10.9%",
      "severity": "HIGH"
    },
    {
      "quarter": "2022-12 (Q4)",
      "signal": "OP MARGIN TURNED POSITIVE (QoQ)",
      "detail": "Op margin: -38.3% -> +10.9%",
      "severity": "HIGH"
    },
    {
      "quarter": "2022-09 (Q3)",
      "signal": "FCF TURNED POSITIVE",
      "detail": "FCF margin: -59.1% -> +25.5%",
      "severity": "HIGH"
    },
    {
      "quarter": "2022-09 (Q3)",
      "signal": "YoY REVENUE GROWTH ACCELERATION",
      "detail": "YoY growth: -20.7% vs prior quarter YoY: -26.8% (accel: +6.1%)",
      "severity": "MEDIUM"
    },
    {
      "quarter": "2022-06 (Q2)",
      "signal": "YoY REVENUE GROWTH ACCELERATION",
      "detail": "YoY growth: -26.8% vs prior quarter YoY: -34.2% (accel: +7.4%)",
      "severity": "MEDIUM"
    },
    {
      "quarter": "2022-03 (Q1)",
      "signal": "YoY REVENUE GROWTH ACCELERATION",
      "detail": "YoY growth: -34.2% vs prior quarter YoY: -55.2% (accel: +21.0%)",
      "severity": "HIGH"
    },
    {
      "quarter": "2021-12 (Q4)",
      "signal": "FCF MARGIN EXPANSION",
      "detail": "FCF margin: -72.8% -> -44.1% (+28.6%)",
      "severity": "MEDIUM"
    },
    {
      "quarter": "2021-06 (Q2)",
      "signal": "FCF TURNED POSITIVE",
      "detail": "FCF margin: -12.3% -> +12.3%",
      "severity": "HIGH"
    }
  ],
  "data_quality": {
    "n_quarters": 20,
    "coverage": {
      "revenue": [
        20,
        20
      ],
      "gross_profit": [
        0,
        20
      ],
      "op_income": [
        20,
        20
      ],
      "fcf": [
        20,
        20
      ]
    },
    "gaps": [],
    "warnings": [
      "gross_profit: no data"
    ]
  },
  "market_cap": null,
  "source": "SEC EDGAR",
  "last_updated": "2026-02-02T22:51:56.565957",
  "sector": "Real Estate",
  "industry": "Real Estate Services"
}