{
  "ticker": "ARLP",
  "name": "ALLIANCE RESOURCE PARTNERS LP",
  "quarters": [
    {
      "date": "2020-12-31T00:00:00",
      "quarter_label": "2020-12 (Q4)",
      "revenue": 366513000,
      "gross_profit": 144390000,
      "operating_income": 45583000,
      "net_income": 35028000,
      "opex": 320930000,
      "cogs": 222123000,
      "rd": null,
      "sga": null,
      "fcf": 90576000,
      "ocf": 108857000,
      "capex": -18281000,
      "gross_margin": 0.3939560124743188,
      "op_margin": 0.12436939481000674,
      "fcf_margin": 0.24712902407281598
    },
    {
      "date": "2021-03-31T00:00:00",
      "quarter_label": "2021-03 (Q1)",
      "revenue": 318622000,
      "gross_profit": 122102000,
      "operating_income": 36328000,
      "net_income": 24748000,
      "opex": 282294000,
      "cogs": 196520000,
      "rd": null,
      "sga": null,
      "fcf": 23210000,
      "ocf": 54647000,
      "capex": -31437000,
      "gross_margin": 0.38321898676174276,
      "op_margin": 0.11401598131955734,
      "fcf_margin": 0.07284493851648662,
      "fcf_margin_change": -0.17428408555632935
    },
    {
      "date": "2021-06-30T00:00:00",
      "quarter_label": "2021-06 (Q2)",
      "revenue": 362443000,
      "gross_profit": null,
      "operating_income": 55007000,
      "net_income": 44035000,
      "opex": 307436000,
      "cogs": null,
      "rd": null,
      "sga": null,
      "fcf": 79380000,
      "ocf": 103569000,
      "capex": -24189000,
      "gross_margin": null,
      "op_margin": 0.15176731237739452,
      "fcf_margin": 0.21901374836870902,
      "op_leverage_ratio": 1.5442170743216799,
      "fcf_margin_change": 0.14616880985222241
    },
    {
      "date": "2021-09-30T00:00:00",
      "quarter_label": "2021-09 (Q3)",
      "revenue": 415439000,
      "gross_profit": null,
      "operating_income": 66728000,
      "net_income": 57548000,
      "opex": 348711000,
      "cogs": null,
      "rd": null,
      "sga": null,
      "fcf": 119726000,
      "ocf": 152761000,
      "capex": -33035000,
      "gross_margin": null,
      "op_margin": 0.16062045210006765,
      "fcf_margin": 0.28819152751667515,
      "op_leverage_ratio": 1.0891081650695966,
      "fcf_margin_change": 0.06917777914796613
    },
    {
      "date": "2021-12-31T00:00:00",
      "quarter_label": "2021-12 (Q4)",
      "revenue": 473472000,
      "gross_profit": null,
      "operating_income": 61140000,
      "net_income": 51826000,
      "opex": 412332000,
      "cogs": null,
      "rd": null,
      "sga": null,
      "fcf": 86873000,
      "ocf": 121196000,
      "capex": -34323000,
      "gross_margin": null,
      "op_margin": 0.12913118410381183,
      "fcf_margin": 0.1834807549337659,
      "incr_op_margin_yoy": 0.14544825587374602,
      "rev_growth_yoy": 0.2918286663774545,
      "op_leverage_ratio": 0.7656546313839263,
      "fcf_margin_change": -0.10471077258290926
    },
    {
      "date": "2022-03-31T00:00:00",
      "quarter_label": "2022-03 (Q1)",
      "revenue": 460863000,
      "gross_profit": null,
      "operating_income": 87835000,
      "net_income": 36652000,
      "opex": 373028000,
      "cogs": null,
      "rd": null,
      "sga": null,
      "fcf": 31473000,
      "ocf": 90626000,
      "capex": -59153000,
      "gross_margin": null,
      "op_margin": 0.19058809233980598,
      "fcf_margin": 0.0682914445290683,
      "incr_op_margin_yoy": 0.362110783810575,
      "rev_growth_yoy": 0.4464255450031699,
      "rev_growth_yoy_accel": 0.15459687862571536,
      "fcf_margin_change": -0.1151893104046976
    },
    {
      "date": "2022-06-30T00:00:00",
      "quarter_label": "2022-06 (Q2)",
      "revenue": 616501000,
      "gross_profit": null,
      "operating_income": 175272000,
      "net_income": 161478000,
      "opex": 441229000,
      "cogs": null,
      "rd": null,
      "sga": null,
      "fcf": 85936000,
      "ocf": 148765000,
      "capex": -62829000,
      "gross_margin": null,
      "op_margin": 0.2843012420093398,
      "fcf_margin": 0.1393931234499214,
      "incr_op_margin_yoy": 0.47337615820009604,
      "rev_growth_yoy": 0.700959875070011,
      "rev_growth_yoy_accel": 0.2545343300668411,
      "op_leverage_ratio": 1.847117351423253,
      "fcf_margin_change": 0.07110167892085312
    },
    {
      "date": "2022-09-30T00:00:00",
      "quarter_label": "2022-09 (Q3)",
      "revenue": 628420000,
      "gross_profit": null,
      "operating_income": 178090000,
      "net_income": 164607000,
      "opex": 450330000,
      "cogs": null,
      "rd": null,
      "sga": null,
      "fcf": 217511000,
      "ocf": 316815000,
      "capex": -99304000,
      "gross_margin": null,
      "op_margin": 0.283393272015531,
      "fcf_margin": 0.34612361159733934,
      "incr_op_margin_yoy": 0.5228729323272968,
      "rev_growth_yoy": 0.512664915908232,
      "rev_growth_yoy_accel": -0.18829495916177896,
      "op_leverage_ratio": 0.9373050759796373,
      "fcf_margin_change": 0.20673048814741793
    },
    {
      "date": "2022-12-31T00:00:00",
      "quarter_label": "2022-12 (Q4)",
      "revenue": 700727000,
      "gross_profit": null,
      "operating_income": 217239000,
      "net_income": 214453000,
      "opex": 483488000,
      "cogs": null,
      "rd": null,
      "sga": null,
      "fcf": 181035000,
      "ocf": 246143000,
      "capex": -65108000,
      "gross_margin": null,
      "op_margin": 0.31001945122708274,
      "fcf_margin": 0.2583531104124716,
      "incr_op_margin_yoy": 0.6868891773558338,
      "rev_growth_yoy": 0.4799755846174642,
      "rev_growth_yoy_accel": -0.03268933129076784,
      "op_leverage_ratio": 1.5626902310263886,
      "fcf_margin_change": -0.08777050118486773
    },
    {
      "date": "2023-03-31T00:00:00",
      "quarter_label": "2023-03 (Q1)",
      "revenue": 662922000,
      "gross_profit": null,
      "operating_income": 207326000,
      "net_income": 191185000,
      "opex": 455596000,
      "cogs": null,
      "rd": null,
      "sga": null,
      "fcf": 126214000,
      "ocf": 221688000,
      "capex": -95474000,
      "gross_margin": null,
      "op_margin": 0.3127456925550819,
      "fcf_margin": 0.19039042300602485,
      "incr_op_margin_yoy": 0.5913668779910818,
      "rev_growth_yoy": 0.43843615130743846,
      "rev_growth_yoy_accel": -0.04153943331002574,
      "fcf_margin_change": -0.06796268740644676
    },
    {
      "date": "2023-06-30T00:00:00",
      "quarter_label": "2023-06 (Q2)",
      "revenue": 641836000,
      "gross_profit": null,
      "operating_income": 183929000,
      "net_income": 169790000,
      "opex": 457907000,
      "cogs": null,
      "rd": null,
      "sga": null,
      "fcf": 189489000,
      "ocf": 279032000,
      "capex": -89543000,
      "gross_margin": null,
      "op_margin": 0.2865669734947868,
      "fcf_margin": 0.29522962252039464,
      "incr_op_margin_yoy": 0.34170120386816655,
      "rev_growth_yoy": 0.04109482385267826,
      "rev_growth_yoy_accel": -0.3973413274547602,
      "fcf_margin_change": 0.10483919951436979
    },
    {
      "date": "2023-09-30T00:00:00",
      "quarter_label": "2023-09 (Q3)",
      "revenue": 636521000,
      "gross_profit": null,
      "operating_income": 165438000,
      "net_income": 153699000,
      "opex": 471083000,
      "cogs": null,
      "rd": null,
      "sga": null,
      "fcf": 119239000,
      "ocf": 229578000,
      "capex": -110339000,
      "gross_margin": null,
      "op_margin": 0.2599097280372525,
      "fcf_margin": 0.18732924758177658,
      "incr_op_margin_yoy": -1.5617824959881497,
      "rev_growth_yoy": 0.012891060119028675,
      "rev_growth_yoy_accel": -0.028203763733649582,
      "fcf_margin_change": -0.10790037493861807
    },
    {
      "date": "2023-12-31T00:00:00",
      "quarter_label": "2023-12 (Q4)",
      "revenue": 625422000,
      "gross_profit": null,
      "operating_income": 115704000,
      "net_income": 115444000,
      "opex": 509718000,
      "cogs": null,
      "rd": null,
      "sga": null,
      "fcf": 9951000,
      "ocf": 93933000,
      "capex": -83982000,
      "gross_margin": null,
      "op_margin": 0.18500148699598032,
      "fcf_margin": 0.015910856989360785,
      "incr_op_margin_yoy": 1.3483168448310205,
      "rev_growth_yoy": -0.1074669593151113,
      "rev_growth_yoy_accel": -0.12035801943413997,
      "fcf_margin_change": -0.1714183905924158
    },
    {
      "date": "2024-03-31T00:00:00",
      "quarter_label": "2024-03 (Q1)",
      "revenue": 651697000,
      "gross_profit": null,
      "operating_income": 160295000,
      "net_income": 158057000,
      "opex": 491402000,
      "cogs": null,
      "rd": null,
      "sga": null,
      "fcf": 85827000,
      "ocf": 209673000,
      "capex": -123846000,
      "gross_margin": null,
      "op_margin": 0.24596553306214392,
      "fcf_margin": 0.13169770614257853,
      "incr_op_margin_yoy": 4.189844097995546,
      "rev_growth_yoy": -0.016932610473026993,
      "rev_growth_yoy_accel": 0.0905343488420843,
      "op_leverage_ratio": Infinity,
      "fcf_margin_change": 0.11578684915321774
    },
    {
      "date": "2024-06-30T00:00:00",
      "quarter_label": "2024-06 (Q2)",
      "revenue": 593350000,
      "gross_profit": null,
      "operating_income": 117420000,
      "net_income": 100187000,
      "opex": 475930000,
      "cogs": null,
      "rd": null,
      "sga": null,
      "fcf": 114324000,
      "ocf": 215766000,
      "capex": -101442000,
      "gross_margin": null,
      "op_margin": 0.19789331760343812,
      "fcf_margin": 0.1926754866436336,
      "incr_op_margin_yoy": 1.3717155467557645,
      "rev_growth_yoy": -0.07554266198842072,
      "rev_growth_yoy_accel": -0.058610051515393724,
      "fcf_margin_change": 0.06097778050105507
    },
    {
      "date": "2024-09-30T00:00:00",
      "quarter_label": "2024-09 (Q3)",
      "revenue": 613569000,
      "gross_profit": null,
      "operating_income": 101067000,
      "net_income": 86281000,
      "opex": 512502000,
      "cogs": null,
      "rd": null,
      "sga": null,
      "fcf": 98974000,
      "ocf": 209272000,
      "capex": -110298000,
      "gross_margin": null,
      "op_margin": 0.16471986035800373,
      "fcf_margin": 0.16130867107040936,
      "incr_op_margin_yoy": 2.804592192401534,
      "rev_growth_yoy": -0.03605851181657793,
      "rev_growth_yoy_accel": 0.039484150171842786,
      "op_leverage_ratio": 0.44344840346101067,
      "fcf_margin_change": -0.03136681557322424
    },
    {
      "date": "2024-12-31T00:00:00",
      "quarter_label": "2024-12 (Q4)",
      "revenue": 590092000,
      "gross_profit": null,
      "operating_income": 15347000,
      "net_income": 16330000,
      "opex": 574745000,
      "cogs": null,
      "rd": null,
      "sga": null,
      "fcf": 75265000,
      "ocf": 168420000,
      "capex": -93155000,
      "gross_margin": null,
      "op_margin": 0.02600780895182446,
      "fcf_margin": 0.12754790778387098,
      "incr_op_margin_yoy": 2.840560430229267,
      "rev_growth_yoy": -0.05648985804784609,
      "rev_growth_yoy_accel": -0.02043134623126816,
      "fcf_margin_change": -0.033760763286538376
    },
    {
      "date": "2025-03-31T00:00:00",
      "quarter_label": "2025-03 (Q1)",
      "revenue": 540468000,
      "gross_profit": null,
      "operating_income": 94278000,
      "net_income": 73983000,
      "opex": 446190000,
      "cogs": null,
      "rd": null,
      "sga": null,
      "fcf": 58910000,
      "ocf": 145686000,
      "capex": -86776000,
      "gross_margin": null,
      "op_margin": 0.17443770954062035,
      "fcf_margin": 0.10899812754871704,
      "incr_op_margin_yoy": 0.5935232718086111,
      "rev_growth_yoy": -0.17067594296122277,
      "rev_growth_yoy_accel": -0.11418608491337667,
      "fcf_margin_change": -0.01854978023515394
    },
    {
      "date": "2025-06-30T00:00:00",
      "quarter_label": "2025-06 (Q2)",
      "revenue": 547463000,
      "gross_profit": null,
      "operating_income": 88718000,
      "net_income": 59410000,
      "opex": 458745000,
      "cogs": null,
      "rd": null,
      "sga": null,
      "fcf": 84676000,
      "ocf": 151693000,
      "capex": -67017000,
      "gross_margin": null,
      "op_margin": 0.1620529606567019,
      "fcf_margin": 0.1546698133024515,
      "incr_op_margin_yoy": 0.6254930590363283,
      "rev_growth_yoy": -0.07733546810482851,
      "rev_growth_yoy_accel": 0.09334047485639425,
      "op_leverage_ratio": 0.45996083008867866,
      "fcf_margin_change": 0.04567168575373445
    },
    {
      "date": "2025-09-30T00:00:00",
      "quarter_label": "2025-09 (Q3)",
      "revenue": 571367000,
      "gross_profit": null,
      "operating_income": 104964000,
      "net_income": 95104000,
      "opex": 466403000,
      "cogs": null,
      "rd": null,
      "sga": null,
      "fcf": 145153000,
      "ocf": 209881000,
      "capex": -64728000,
      "gross_margin": null,
      "op_margin": 0.18370679440709736,
      "fcf_margin": 0.25404512336204227,
      "incr_op_margin_yoy": -0.09234159518506233,
      "rev_growth_yoy": -0.06878118027475312,
      "rev_growth_yoy_accel": 0.008554287830075391,
      "op_leverage_ratio": 2.615602772063489,
      "fcf_margin_change": 0.09937531005959077
    }
  ],
  "signals": [
    {
      "quarter": "2025-09 (Q3)",
      "signal": "FCF MARGIN EXPANSION",
      "detail": "FCF margin: +15.5% -> +25.4% (+9.9%)",
      "severity": "MEDIUM"
    },
    {
      "quarter": "2025-09 (Q3)",
      "signal": "OPERATING LEVERAGE",
      "detail": "Rev growth +4.4% vs OpEx growth +1.7% (leverage: 2.6x)",
      "severity": "MEDIUM"
    },
    {
      "quarter": "2025-06 (Q2)",
      "signal": "YoY REVENUE GROWTH ACCELERATION",
      "detail": "YoY growth: -7.7% vs prior quarter YoY: -17.1% (accel: +9.3%)",
      "severity": "MEDIUM"
    },
    {
      "quarter": "2025-06 (Q2)",
      "signal": "INCREMENTAL MARGIN (YoY)",
      "detail": "YoY Incr OPM: +62.5% vs year-ago OPM: +19.8%",
      "severity": "HIGH"
    },
    {
      "quarter": "2025-03 (Q1)",
      "signal": "YoY REVENUE GROWTH DECELERATION",
      "detail": "YoY growth: -17.1% vs prior quarter YoY: -5.6% (decel: -11.4%)",
      "severity": "WARNING"
    },
    {
      "quarter": "2025-03 (Q1)",
      "signal": "INCREMENTAL MARGIN (YoY)",
      "detail": "YoY Incr OPM: +59.4% vs year-ago OPM: +24.6%",
      "severity": "HIGH"
    },
    {
      "quarter": "2024-12 (Q4)",
      "signal": "INCREMENTAL MARGIN (YoY)",
      "detail": "YoY Incr OPM: +284.1% vs year-ago OPM: +18.5%",
      "severity": "HIGH"
    },
    {
      "quarter": "2024-09 (Q3)",
      "signal": "INCREMENTAL MARGIN (YoY)",
      "detail": "YoY Incr OPM: +280.5% vs year-ago OPM: +26.0%",
      "severity": "HIGH"
    },
    {
      "quarter": "2024-06 (Q2)",
      "signal": "FCF MARGIN EXPANSION",
      "detail": "FCF margin: +13.2% -> +19.3% (+6.1%)",
      "severity": "MEDIUM"
    },
    {
      "quarter": "2024-06 (Q2)",
      "signal": "YoY REVENUE GROWTH DECELERATION",
      "detail": "YoY growth: -7.6% vs prior quarter YoY: -1.7% (decel: -5.9%)",
      "severity": "WARNING"
    },
    {
      "quarter": "2024-06 (Q2)",
      "signal": "INCREMENTAL MARGIN (YoY)",
      "detail": "YoY Incr OPM: +137.2% vs year-ago OPM: +28.7%",
      "severity": "HIGH"
    },
    {
      "quarter": "2024-03 (Q1)",
      "signal": "FCF MARGIN EXPANSION",
      "detail": "FCF margin: +1.6% -> +13.2% (+11.6%)",
      "severity": "MEDIUM"
    },
    {
      "quarter": "2024-03 (Q1)",
      "signal": "YoY REVENUE GROWTH ACCELERATION",
      "detail": "YoY growth: -1.7% vs prior quarter YoY: -10.7% (accel: +9.1%)",
      "severity": "MEDIUM"
    },
    {
      "quarter": "2024-03 (Q1)",
      "signal": "INCREMENTAL MARGIN (YoY)",
      "detail": "YoY Incr OPM: +419.0% vs year-ago OPM: +31.3%",
      "severity": "HIGH"
    },
    {
      "quarter": "2023-12 (Q4)",
      "signal": "YoY REVENUE GROWTH DECELERATION",
      "detail": "YoY growth: -10.7% vs prior quarter YoY: +1.3% (decel: -12.0%)",
      "severity": "WARNING"
    },
    {
      "quarter": "2023-12 (Q4)",
      "signal": "INCREMENTAL MARGIN (YoY)",
      "detail": "YoY Incr OPM: +134.8% vs year-ago OPM: +31.0%",
      "severity": "HIGH"
    },
    {
      "quarter": "2023-06 (Q2)",
      "signal": "FCF MARGIN EXPANSION",
      "detail": "FCF margin: +19.0% -> +29.5% (+10.5%)",
      "severity": "MEDIUM"
    },
    {
      "quarter": "2023-06 (Q2)",
      "signal": "YoY REVENUE GROWTH DECELERATION",
      "detail": "YoY growth: +4.1% vs prior quarter YoY: +43.8% (decel: -39.7%)",
      "severity": "WARNING"
    },
    {
      "quarter": "2023-03 (Q1)",
      "signal": "INCREMENTAL MARGIN (YoY)",
      "detail": "YoY Incr OPM: +59.1% vs year-ago OPM: +19.1%",
      "severity": "HIGH"
    },
    {
      "quarter": "2022-12 (Q4)",
      "signal": "OPERATING LEVERAGE",
      "detail": "Rev growth +11.5% vs OpEx growth +7.4% (leverage: 1.6x)",
      "severity": "MEDIUM"
    },
    {
      "quarter": "2022-12 (Q4)",
      "signal": "INCREMENTAL MARGIN (YoY)",
      "detail": "YoY Incr OPM: +68.7% vs year-ago OPM: +12.9%",
      "severity": "HIGH"
    },
    {
      "quarter": "2022-09 (Q3)",
      "signal": "FCF MARGIN EXPANSION",
      "detail": "FCF margin: +13.9% -> +34.6% (+20.7%)",
      "severity": "MEDIUM"
    },
    {
      "quarter": "2022-09 (Q3)",
      "signal": "YoY REVENUE GROWTH DECELERATION",
      "detail": "YoY growth: +51.3% vs prior quarter YoY: +70.1% (decel: -18.8%)",
      "severity": "WARNING"
    },
    {
      "quarter": "2022-09 (Q3)",
      "signal": "INCREMENTAL MARGIN (YoY)",
      "detail": "YoY Incr OPM: +52.3% vs year-ago OPM: +16.1%",
      "severity": "HIGH"
    },
    {
      "quarter": "2022-06 (Q2)",
      "signal": "FCF MARGIN EXPANSION",
      "detail": "FCF margin: +6.8% -> +13.9% (+7.1%)",
      "severity": "MEDIUM"
    },
    {
      "quarter": "2022-06 (Q2)",
      "signal": "OPERATING LEVERAGE",
      "detail": "Rev growth +33.8% vs OpEx growth +18.3% (leverage: 1.8x)",
      "severity": "MEDIUM"
    },
    {
      "quarter": "2022-06 (Q2)",
      "signal": "YoY REVENUE GROWTH ACCELERATION",
      "detail": "YoY growth: +70.1% vs prior quarter YoY: +44.6% (accel: +25.5%)",
      "severity": "HIGH"
    },
    {
      "quarter": "2022-06 (Q2)",
      "signal": "INCREMENTAL MARGIN (YoY)",
      "detail": "YoY Incr OPM: +47.3% vs year-ago OPM: +15.2%",
      "severity": "HIGH"
    },
    {
      "quarter": "2022-03 (Q1)",
      "signal": "YoY REVENUE GROWTH ACCELERATION",
      "detail": "YoY growth: +44.6% vs prior quarter YoY: +29.2% (accel: +15.5%)",
      "severity": "HIGH"
    },
    {
      "quarter": "2022-03 (Q1)",
      "signal": "INCREMENTAL MARGIN (YoY)",
      "detail": "YoY Incr OPM: +36.2% vs year-ago OPM: +11.4%",
      "severity": "HIGH"
    },
    {
      "quarter": "2021-09 (Q3)",
      "signal": "FCF MARGIN EXPANSION",
      "detail": "FCF margin: +21.9% -> +28.8% (+6.9%)",
      "severity": "MEDIUM"
    },
    {
      "quarter": "2021-06 (Q2)",
      "signal": "FCF MARGIN EXPANSION",
      "detail": "FCF margin: +7.3% -> +21.9% (+14.6%)",
      "severity": "MEDIUM"
    },
    {
      "quarter": "2021-06 (Q2)",
      "signal": "OPERATING LEVERAGE",
      "detail": "Rev growth +13.8% vs OpEx growth +8.9% (leverage: 1.5x)",
      "severity": "MEDIUM"
    }
  ],
  "data_quality": {
    "n_quarters": 20,
    "coverage": {
      "revenue": [
        20,
        20
      ],
      "gross_profit": [
        2,
        20
      ],
      "op_income": [
        20,
        20
      ],
      "fcf": [
        20,
        20
      ]
    },
    "gaps": [],
    "warnings": [
      "gross_profit: 2/20Q"
    ]
  },
  "market_cap": null,
  "source": "SEC EDGAR",
  "last_updated": "2026-02-02T21:20:54.900624",
  "sector": "Energy",
  "industry": "Thermal Coal"
}