{
  "ticker": "ARMK",
  "name": "Aramark",
  "sector": "Industrials",
  "industry": "Specialty Business Services",
  "quarters": [
    {
      "date": "2021-04-02T00:00:00",
      "quarter_label": "2021-04 (Q2)",
      "revenue": 2819692000,
      "gross_profit": 227449000,
      "operating_income": 5346000,
      "net_income": -77576000,
      "opex": 2814346000,
      "cogs": 2592243000,
      "rd": null,
      "sga": 84784000,
      "fcf": 337031000,
      "ocf": 337031000,
      "capex": null,
      "gross_margin": 0.08066448392235748,
      "op_margin": 0.0018959517564329721,
      "fcf_margin": 0.1195275937939321
    },
    {
      "date": "2021-07-02T00:00:00",
      "quarter_label": "2021-07 (Q3)",
      "revenue": 2981220000,
      "gross_profit": 295082000,
      "operating_income": 74246000,
      "net_income": 32557000,
      "opex": 2906974000,
      "cogs": 2686138000,
      "rd": null,
      "sga": 84639000,
      "fcf": 11932000,
      "ocf": 11932000,
      "capex": null,
      "gross_margin": 0.09898028323974749,
      "op_margin": 0.024904569270298736,
      "fcf_margin": 0.004002388283991118,
      "op_leverage_ratio": 1.740529329195134,
      "fcf_margin_change": -0.11552520550994098
    },
    {
      "date": "2021-10-01T00:00:00",
      "quarter_label": "2021-10 (Q4)",
      "revenue": 3551264000,
      "gross_profit": 358192000,
      "operating_income": 132319000,
      "net_income": 35429000,
      "opex": 3418945000,
      "cogs": 3193072000,
      "rd": null,
      "sga": 87271000,
      "fcf": 423286000,
      "ocf": 423286000,
      "capex": null,
      "gross_margin": 0.10086324193301315,
      "op_margin": 0.03725969119727511,
      "fcf_margin": 0.11919305351559333,
      "op_leverage_ratio": 1.085700752024786,
      "fcf_margin_change": 0.11519066523160221
    },
    {
      "date": "2021-12-31T00:00:00",
      "quarter_label": "2021-12 (Q4)",
      "revenue": 3948260000,
      "gross_profit": 377215000,
      "operating_income": 140247000,
      "net_income": 42611000,
      "opex": 3808013000,
      "cogs": 3571045000,
      "rd": null,
      "sga": 101450000,
      "fcf": -503387000,
      "ocf": -503387000,
      "capex": null,
      "gross_margin": 0.09553955413270655,
      "op_margin": 0.03552121694113356,
      "fcf_margin": -0.12749590959055382,
      "op_leverage_ratio": 0.9823579724712559,
      "fcf_margin_change": -0.24668896310614713
    },
    {
      "date": "2022-04-01T00:00:00",
      "quarter_label": "2022-04 (Q2)",
      "revenue": 3860529000,
      "gross_profit": 369291000,
      "operating_income": 141991000,
      "net_income": 35748000,
      "opex": 3718538000,
      "cogs": 3491238000,
      "rd": null,
      "sga": 95015000,
      "fcf": 375120000,
      "ocf": 375120000,
      "capex": null,
      "gross_margin": 0.09565813389823001,
      "op_margin": 0.03678019255910265,
      "fcf_margin": 0.09716803059891534,
      "incr_op_margin_yoy": 0.13128376489306204,
      "rev_growth_yoy": 0.369131451236518,
      "fcf_margin_change": 0.22466394018946917
    },
    {
      "date": "2022-07-01T00:00:00",
      "quarter_label": "2022-07 (Q3)",
      "revenue": 4127378000,
      "gross_profit": 379550000,
      "operating_income": 147886000,
      "net_income": 40329000,
      "opex": 3979492000,
      "cogs": 3747828000,
      "rd": null,
      "sga": 98689000,
      "fcf": -13726000,
      "ocf": -13726000,
      "capex": null,
      "gross_margin": 0.0919591081795755,
      "op_margin": 0.03583049577722225,
      "fcf_margin": -0.003325597994659079,
      "incr_op_margin_yoy": 0.06424943157924126,
      "rev_growth_yoy": 0.38445938240049377,
      "rev_growth_yoy_accel": 0.015327931163975739,
      "op_leverage_ratio": 0.9849791242739947,
      "fcf_margin_change": -0.10049362859357441
    },
    {
      "date": "2022-09-30T00:00:00",
      "quarter_label": "2022-09 (Q3)",
      "revenue": 4390457000,
      "gross_profit": 432998000,
      "operating_income": 198241000,
      "net_income": 75796000,
      "opex": 4192216000,
      "cogs": 3957459000,
      "rd": null,
      "sga": 103208000,
      "fcf": 836492000,
      "ocf": 836492000,
      "capex": null,
      "gross_margin": 0.0986225351939445,
      "op_margin": 0.045152702782421054,
      "fcf_margin": 0.19052504101509252,
      "incr_op_margin_yoy": 0.07855403941643936,
      "rev_growth_yoy": 0.2363082553141642,
      "rev_growth_yoy_accel": -0.14815112708632958,
      "op_leverage_ratio": 1.1924030621905575,
      "fcf_margin_change": 0.1938506390097516
    },
    {
      "date": "2022-12-30T00:00:00",
      "quarter_label": "2022-12 (Q4)",
      "revenue": 4600998000,
      "gross_profit": 438914000,
      "operating_income": 199646000,
      "net_income": 74151000,
      "opex": 4401352000,
      "cogs": 4162084000,
      "rd": null,
      "sga": 102784000,
      "fcf": -607205000,
      "ocf": -607205000,
      "capex": null,
      "gross_margin": 0.09539539030445134,
      "op_margin": 0.043391890194257855,
      "fcf_margin": -0.13197245467179078,
      "incr_op_margin_yoy": 0.09099975794269677,
      "rev_growth_yoy": 0.1653229523891537,
      "rev_growth_yoy_accel": -0.07098530292501048,
      "op_leverage_ratio": 0.961262072543638,
      "fcf_margin_change": -0.3224974956868833
    },
    {
      "date": "2023-03-31T00:00:00",
      "quarter_label": "2023-03 (Q1)",
      "revenue": 4602085000,
      "gross_profit": 422674000,
      "operating_income": 181983000,
      "net_income": 56041000,
      "opex": 4420102000,
      "cogs": 4179411000,
      "rd": null,
      "sga": 103902000,
      "fcf": 314483000,
      "ocf": 314483000,
      "capex": null,
      "gross_margin": 0.09184402287224161,
      "op_margin": 0.039543598173436605,
      "fcf_margin": 0.06833489603082081,
      "incr_op_margin_yoy": 0.053929844812799034,
      "rev_growth_yoy": 0.1920866285423578,
      "rev_growth_yoy_accel": 0.026763676153204102,
      "fcf_margin_change": 0.20030735070261158
    },
    {
      "date": "2023-06-30T00:00:00",
      "quarter_label": "2023-06 (Q2)",
      "revenue": 4749209000,
      "gross_profit": 434499000,
      "operating_income": 203382000,
      "net_income": 338484000,
      "opex": 4545827000,
      "cogs": 4314710000,
      "rd": null,
      "sga": 95595000,
      "fcf": 22629000,
      "ocf": 22629000,
      "capex": null,
      "gross_margin": 0.09148870896185028,
      "op_margin": 0.042824394546544485,
      "fcf_margin": 0.004764793463500974,
      "incr_op_margin_yoy": 0.08924611349385926,
      "rev_growth_yoy": 0.15066005585143885,
      "rev_growth_yoy_accel": -0.041426572690918956,
      "op_leverage_ratio": 1.1239307032199746,
      "fcf_margin_change": -0.06357010256731983
    },
    {
      "date": "2023-09-29T00:00:00",
      "quarter_label": "2023-09 (Q3)",
      "revenue": 4901565000,
      "gross_profit": 519973000,
      "operating_income": 277915000,
      "net_income": 205432000,
      "opex": 4623650000,
      "cogs": 4381592000,
      "rd": null,
      "sga": 104491000,
      "fcf": 1036522000,
      "ocf": 1036522000,
      "capex": null,
      "gross_margin": 0.10608305714603397,
      "op_margin": 0.05669923789646776,
      "fcf_margin": 0.21146756189094706,
      "incr_op_margin_yoy": 0.15588486190785508,
      "rev_growth_yoy": 0.11641339386765433,
      "rev_growth_yoy_accel": -0.034246661983784524,
      "op_leverage_ratio": 1.8738862103037233,
      "fcf_margin_change": 0.2067027684274461
    },
    {
      "date": "2023-12-29T00:00:00",
      "quarter_label": "2023-12 (Q4)",
      "revenue": 4407765000,
      "gross_profit": 362687000,
      "operating_income": 166950000,
      "net_income": 28536000,
      "opex": 4240815000,
      "cogs": 4045078000,
      "rd": null,
      "sga": 90193000,
      "fcf": -657077000,
      "ocf": -657077000,
      "capex": null,
      "gross_margin": 0.08228365169195727,
      "op_margin": 0.037876338688655135,
      "fcf_margin": -0.14907260255480953,
      "incr_op_margin_yoy": 0.1692050529671433,
      "rev_growth_yoy": -0.04199806215955756,
      "rev_growth_yoy_accel": -0.15841145602721188,
      "fcf_margin_change": -0.3605401644457566
    },
    {
      "date": "2024-03-29T00:00:00",
      "quarter_label": "2024-03 (Q1)",
      "revenue": 4199913000,
      "gross_profit": 330761000,
      "operating_income": 159086000,
      "net_income": 53449000,
      "opex": 4040827000,
      "cogs": 3869152000,
      "rd": null,
      "sga": 62557000,
      "fcf": 221280000,
      "ocf": 221280000,
      "capex": null,
      "gross_margin": 0.07875425038566275,
      "op_margin": 0.03787840367169511,
      "fcf_margin": 0.05268680565526,
      "incr_op_margin_yoy": 0.05693335189918741,
      "rev_growth_yoy": -0.08738908559924469,
      "rev_growth_yoy_accel": -0.04539102343968713,
      "fcf_margin_change": 0.20175940821006955
    },
    {
      "date": "2024-06-28T00:00:00",
      "quarter_label": "2024-06 (Q2)",
      "revenue": 4376076000,
      "gross_profit": 335210000,
      "operating_income": 161679000,
      "net_income": 58126000,
      "opex": 4214397000,
      "cogs": 4040866000,
      "rd": null,
      "sga": 65399000,
      "fcf": 140696000,
      "ocf": 140696000,
      "capex": null,
      "gross_margin": 0.076600589203661,
      "op_margin": 0.036946113367318116,
      "fcf_margin": 0.032151178361618946,
      "incr_op_margin_yoy": 0.11176443788139885,
      "rev_growth_yoy": -0.07856739932902511,
      "rev_growth_yoy_accel": 0.008821686270219578,
      "op_leverage_ratio": 0.9764949402199872,
      "fcf_margin_change": -0.020535627293641057
    },
    {
      "date": "2024-09-27T00:00:00",
      "quarter_label": "2024-09 (Q3)",
      "revenue": 4416947000,
      "gross_profit": 397026000,
      "operating_income": 218795000,
      "net_income": 122411000,
      "opex": 4198152000,
      "cogs": 4019921000,
      "rd": null,
      "sga": 65478000,
      "fcf": null,
      "ocf": null,
      "capex": null,
      "gross_margin": 0.08988697396640712,
      "op_margin": 0.049535346473480436,
      "fcf_margin": null,
      "incr_op_margin_yoy": 0.12199299241877107,
      "rev_growth_yoy": -0.09887005476822198,
      "rev_growth_yoy_accel": -0.020302655439196876
    },
    {
      "date": "2024-12-27T00:00:00",
      "quarter_label": "2024-12 (Q4)",
      "revenue": 4552086000,
      "gross_profit": 400854000,
      "operating_income": 217264000,
      "net_income": 105619000,
      "opex": 4334822000,
      "cogs": 4151232000,
      "rd": null,
      "sga": 70386000,
      "fcf": -587152000,
      "ocf": -587152000,
      "capex": null,
      "gross_margin": 0.08805940836794383,
      "op_margin": 0.04772844801262542,
      "fcf_margin": -0.1289852608232797,
      "incr_op_margin_yoy": 0.34862563313724265,
      "rev_growth_yoy": 0.03274244430000238,
      "rev_growth_yoy_accel": 0.13161249906822436,
      "op_leverage_ratio": 0.9398173908898833
    },
    {
      "date": "2025-03-28T00:00:00",
      "quarter_label": "2025-03 (Q1)",
      "revenue": 4279298000,
      "gross_profit": 359645000,
      "operating_income": 174175000,
      "net_income": 61854000,
      "opex": 4105123000,
      "cogs": 3919653000,
      "rd": null,
      "sga": 68411000,
      "fcf": 255948000,
      "ocf": 255948000,
      "capex": null,
      "gross_margin": 0.08404299022877117,
      "op_margin": 0.04070176930889132,
      "fcf_margin": 0.059810744659521256,
      "incr_op_margin_yoy": 0.19007369150343265,
      "rev_growth_yoy": 0.018901582008960662,
      "rev_growth_yoy_accel": -0.013840862291041717,
      "fcf_margin_change": 0.18879600548280095
    },
    {
      "date": "2025-06-27T00:00:00",
      "quarter_label": "2025-06 (Q2)",
      "revenue": 4626451000,
      "gross_profit": 370108000,
      "operating_income": 182587000,
      "net_income": 71783000,
      "opex": 4443864000,
      "cogs": 4256343000,
      "rd": null,
      "sga": 65699000,
      "fcf": 76677000,
      "ocf": 76677000,
      "capex": null,
      "gross_margin": 0.07999825352089539,
      "op_margin": 0.03946588864769129,
      "fcf_margin": 0.01657361117625584,
      "incr_op_margin_yoy": 0.08350673989016476,
      "rev_growth_yoy": 0.0572144999309884,
      "rev_growth_yoy_accel": 0.038312917922027734,
      "op_leverage_ratio": 0.9831206103752144,
      "fcf_margin_change": -0.04323713348326542
    },
    {
      "date": "2025-10-03T00:00:00",
      "quarter_label": "2025-10 (Q4)",
      "revenue": 5048464000,
      "gross_profit": 416024000,
      "operating_income": 217820000,
      "net_income": 87138000,
      "opex": 4830644000,
      "cogs": 4632440000,
      "rd": null,
      "sga": 73944000,
      "fcf": null,
      "ocf": null,
      "capex": null,
      "gross_margin": 0.08240605459403097,
      "op_margin": 0.043145796424417404,
      "fcf_margin": null,
      "incr_op_margin_yoy": -0.0015439014309986904,
      "rev_growth_yoy": 0.14297590620851913,
      "rev_growth_yoy_accel": 0.08576140627753073,
      "op_leverage_ratio": 1.0480321679872844
    },
    {
      "date": "2026-01-02T00:00:00",
      "quarter_label": "2026-01 (Q1)",
      "revenue": 4831549000,
      "gross_profit": 416176000,
      "operating_income": 217549000,
      "net_income": 96161000,
      "opex": 4614000000,
      "cogs": 4415373000,
      "rd": null,
      "sga": 72673000,
      "fcf": -782200000,
      "ocf": -782200000,
      "capex": null,
      "gross_margin": 0.08613717878055258,
      "op_margin": 0.045026760568918994,
      "fcf_margin": -0.16189424964954305,
      "incr_op_margin_yoy": 0.001019812998500696,
      "rev_growth_yoy": 0.061392293555086616,
      "rev_growth_yoy_accel": -0.08158361265343252
    }
  ],
  "signals": [
    {
      "quarter": "2026-01 (Q1)",
      "signal": "YoY REVENUE GROWTH DECELERATION",
      "detail": "YoY growth: +6.1% vs prior quarter YoY: +14.3% (decel: -8.2%)",
      "severity": "WARNING"
    },
    {
      "quarter": "2025-10 (Q4)",
      "signal": "YoY REVENUE GROWTH ACCELERATION",
      "detail": "YoY growth: +14.3% vs prior quarter YoY: +5.7% (accel: +8.6%)",
      "severity": "MEDIUM"
    },
    {
      "quarter": "2025-03 (Q1)",
      "signal": "FCF TURNED POSITIVE",
      "detail": "FCF margin: -12.9% -> +6.0%",
      "severity": "HIGH"
    },
    {
      "quarter": "2025-03 (Q1)",
      "signal": "INCREMENTAL MARGIN (YoY)",
      "detail": "YoY Incr OPM: +19.0% vs year-ago OPM: +3.8%",
      "severity": "MEDIUM"
    },
    {
      "quarter": "2024-12 (Q4)",
      "signal": "YoY REVENUE GROWTH ACCELERATION",
      "detail": "YoY growth: +3.3% vs prior quarter YoY: -9.9% (accel: +13.2%)",
      "severity": "MEDIUM"
    },
    {
      "quarter": "2024-12 (Q4)",
      "signal": "INCREMENTAL MARGIN (YoY)",
      "detail": "YoY Incr OPM: +34.9% vs year-ago OPM: +3.8%",
      "severity": "HIGH"
    },
    {
      "quarter": "2024-03 (Q1)",
      "signal": "FCF TURNED POSITIVE",
      "detail": "FCF margin: -14.9% -> +5.3%",
      "severity": "HIGH"
    },
    {
      "quarter": "2023-12 (Q4)",
      "signal": "YoY REVENUE GROWTH DECELERATION",
      "detail": "YoY growth: -4.2% vs prior quarter YoY: +11.6% (decel: -15.8%)",
      "severity": "WARNING"
    },
    {
      "quarter": "2023-12 (Q4)",
      "signal": "INCREMENTAL MARGIN (YoY)",
      "detail": "YoY Incr OPM: +16.9% vs year-ago OPM: +4.3%",
      "severity": "MEDIUM"
    },
    {
      "quarter": "2023-09 (Q3)",
      "signal": "FCF MARGIN EXPANSION",
      "detail": "FCF margin: +0.5% -> +21.1% (+20.7%)",
      "severity": "MEDIUM"
    },
    {
      "quarter": "2023-09 (Q3)",
      "signal": "OPERATING LEVERAGE",
      "detail": "Rev growth +3.2% vs OpEx growth +1.7% (leverage: 1.9x)",
      "severity": "MEDIUM"
    },
    {
      "quarter": "2023-09 (Q3)",
      "signal": "INCREMENTAL MARGIN (YoY)",
      "detail": "YoY Incr OPM: +15.6% vs year-ago OPM: +4.5%",
      "severity": "MEDIUM"
    },
    {
      "quarter": "2023-03 (Q1)",
      "signal": "FCF TURNED POSITIVE",
      "detail": "FCF margin: -13.2% -> +6.8%",
      "severity": "HIGH"
    },
    {
      "quarter": "2022-12 (Q4)",
      "signal": "YoY REVENUE GROWTH DECELERATION",
      "detail": "YoY growth: +16.5% vs prior quarter YoY: +23.6% (decel: -7.1%)",
      "severity": "WARNING"
    },
    {
      "quarter": "2022-09 (Q3)",
      "signal": "FCF TURNED POSITIVE",
      "detail": "FCF margin: -0.3% -> +19.1%",
      "severity": "HIGH"
    },
    {
      "quarter": "2022-09 (Q3)",
      "signal": "YoY REVENUE GROWTH DECELERATION",
      "detail": "YoY growth: +23.6% vs prior quarter YoY: +38.4% (decel: -14.8%)",
      "severity": "WARNING"
    },
    {
      "quarter": "2022-04 (Q2)",
      "signal": "FCF TURNED POSITIVE",
      "detail": "FCF margin: -12.7% -> +9.7%",
      "severity": "HIGH"
    },
    {
      "quarter": "2022-04 (Q2)",
      "signal": "INCREMENTAL MARGIN (YoY)",
      "detail": "YoY Incr OPM: +13.1% vs year-ago OPM: +0.2%",
      "severity": "MEDIUM"
    },
    {
      "quarter": "2021-10 (Q4)",
      "signal": "FCF MARGIN EXPANSION",
      "detail": "FCF margin: +0.4% -> +11.9% (+11.5%)",
      "severity": "MEDIUM"
    },
    {
      "quarter": "2021-07 (Q3)",
      "signal": "OPERATING LEVERAGE",
      "detail": "Rev growth +5.7% vs OpEx growth +3.3% (leverage: 1.7x)",
      "severity": "MEDIUM"
    }
  ],
  "data_quality": {
    "n_quarters": 20,
    "coverage": {
      "revenue": [
        20,
        20
      ],
      "gross_profit": [
        20,
        20
      ],
      "op_income": [
        20,
        20
      ],
      "fcf": [
        18,
        20
      ]
    },
    "gaps": [],
    "warnings": []
  },
  "market_cap": null,
  "source": "SEC EDGAR",
  "last_updated": "2026-02-13T11:45:23.662078"
}