{
  "ticker": "AROC",
  "name": "ARCHROCK, INC.",
  "quarters": [
    {
      "date": "2020-12-31T00:00:00",
      "quarter_label": "2020-12 (Q4)",
      "revenue": 199326000,
      "gross_profit": 114004000,
      "operating_income": null,
      "net_income": 4791000,
      "opex": null,
      "cogs": 85322000,
      "rd": null,
      "sga": 27048000,
      "fcf": 68444000,
      "ocf": 68444000,
      "capex": null,
      "gross_margin": 0.571947462950142,
      "op_margin": null,
      "fcf_margin": 0.343377181100308
    },
    {
      "date": "2021-03-31T00:00:00",
      "quarter_label": "2021-03 (Q1)",
      "revenue": 195431000,
      "gross_profit": 108283000,
      "operating_income": null,
      "net_income": 4169000,
      "opex": null,
      "cogs": 87148000,
      "rd": null,
      "sga": 25084000,
      "fcf": 77555000,
      "ocf": 77555000,
      "capex": null,
      "gross_margin": 0.5540727929550583,
      "op_margin": null,
      "fcf_margin": 0.39684082873239146,
      "fcf_margin_change": 0.053463647632083444
    },
    {
      "date": "2021-06-30T00:00:00",
      "quarter_label": "2021-06 (Q2)",
      "revenue": 195615000,
      "gross_profit": 106738000,
      "operating_income": null,
      "net_income": 8752000,
      "opex": null,
      "cogs": 88877000,
      "rd": null,
      "sga": 26077000,
      "fcf": 49062000,
      "ocf": 49062000,
      "capex": null,
      "gross_margin": 0.5456534519336451,
      "op_margin": null,
      "fcf_margin": 0.2508089870408711,
      "fcf_margin_change": -0.14603184169152034
    },
    {
      "date": "2021-09-30T00:00:00",
      "quarter_label": "2021-09 (Q3)",
      "revenue": 195166000,
      "gross_profit": 103234000,
      "operating_income": null,
      "net_income": 9304000,
      "opex": null,
      "cogs": 91932000,
      "rd": null,
      "sga": 28839000,
      "fcf": 82108000,
      "ocf": 82108000,
      "capex": null,
      "gross_margin": 0.528954838445221,
      "op_margin": null,
      "fcf_margin": 0.42070852505046985,
      "fcf_margin_change": 0.16989953800959873
    },
    {
      "date": "2021-12-31T00:00:00",
      "quarter_label": "2021-12 (Q4)",
      "revenue": 195249000,
      "gross_profit": 104289000,
      "operating_income": null,
      "net_income": 5992000,
      "opex": null,
      "cogs": 90960000,
      "rd": null,
      "sga": 27167000,
      "fcf": 28675000,
      "ocf": 28675000,
      "capex": null,
      "gross_margin": 0.5341333374306655,
      "op_margin": null,
      "fcf_margin": 0.14686374834186092,
      "rev_growth_yoy": -0.020453929743234702,
      "fcf_margin_change": -0.27384477670860896
    },
    {
      "date": "2022-03-31T00:00:00",
      "quarter_label": "2022-03 (Q1)",
      "revenue": 197201000,
      "gross_profit": 104062000,
      "operating_income": null,
      "net_income": 1721000,
      "opex": null,
      "cogs": 93139000,
      "rd": null,
      "sga": 27773000,
      "fcf": 76572000,
      "ocf": 76572000,
      "capex": null,
      "gross_margin": 0.5276950928240729,
      "op_margin": null,
      "fcf_margin": 0.38829417700721597,
      "rev_growth_yoy": 0.009056904994601675,
      "rev_growth_yoy_accel": 0.029510834737836375,
      "fcf_margin_change": 0.24143042866535505
    },
    {
      "date": "2022-06-30T00:00:00",
      "quarter_label": "2022-06 (Q2)",
      "revenue": 215828000,
      "gross_profit": 105763000,
      "operating_income": null,
      "net_income": 16746000,
      "opex": null,
      "cogs": 110065000,
      "rd": null,
      "sga": 27691000,
      "fcf": 12952000,
      "ocf": 12952000,
      "capex": null,
      "gross_margin": 0.4900337305632263,
      "op_margin": null,
      "fcf_margin": 0.060010749300368815,
      "rev_growth_yoy": 0.10333052168800962,
      "rev_growth_yoy_accel": 0.09427361669340795,
      "fcf_margin_change": -0.32828342770684715
    },
    {
      "date": "2022-09-30T00:00:00",
      "quarter_label": "2022-09 (Q3)",
      "revenue": 213668000,
      "gross_profit": 106141000,
      "operating_income": null,
      "net_income": 15371000,
      "opex": null,
      "cogs": 107527000,
      "rd": null,
      "sga": 30500000,
      "fcf": 76808000,
      "ocf": 76808000,
      "capex": null,
      "gross_margin": 0.49675665050452106,
      "op_margin": null,
      "fcf_margin": 0.35947357582791994,
      "rev_growth_yoy": 0.09480134859555456,
      "rev_growth_yoy_accel": -0.008529173092455059,
      "fcf_margin_change": 0.29946282652755113
    },
    {
      "date": "2022-12-31T00:00:00",
      "quarter_label": "2022-12 (Q4)",
      "revenue": 218871000,
      "gross_profit": 110118000,
      "operating_income": null,
      "net_income": 10458000,
      "opex": null,
      "cogs": 108753000,
      "rd": null,
      "sga": 31220000,
      "fcf": 37118000,
      "ocf": 37118000,
      "capex": null,
      "gross_margin": 0.503118275148375,
      "op_margin": null,
      "fcf_margin": 0.16958847905844082,
      "rev_growth_yoy": 0.12098397430972758,
      "rev_growth_yoy_accel": 0.026182625714173027,
      "fcf_margin_change": -0.18988509676947912
    },
    {
      "date": "2023-03-31T00:00:00",
      "quarter_label": "2023-03 (Q1)",
      "revenue": 229834000,
      "gross_profit": 116444000,
      "operating_income": null,
      "net_income": 16485000,
      "opex": null,
      "cogs": 113390000,
      "rd": null,
      "sga": 26425000,
      "fcf": 87856000,
      "ocf": 87856000,
      "capex": null,
      "gross_margin": 0.5066439256158792,
      "op_margin": null,
      "fcf_margin": 0.382258499612764,
      "rev_growth_yoy": 0.16548090526924306,
      "rev_growth_yoy_accel": 0.04449693095951547,
      "fcf_margin_change": 0.21267002055432316
    },
    {
      "date": "2023-06-30T00:00:00",
      "quarter_label": "2023-06 (Q2)",
      "revenue": 247543000,
      "gross_profit": 136167000,
      "operating_income": null,
      "net_income": 24653000,
      "opex": null,
      "cogs": 111376000,
      "rd": null,
      "sga": 28649000,
      "fcf": 30542000,
      "ocf": 30542000,
      "capex": null,
      "gross_margin": 0.5500741285352444,
      "op_margin": null,
      "fcf_margin": 0.12338058438331927,
      "rev_growth_yoy": 0.1469457160331375,
      "rev_growth_yoy_accel": -0.01853518923610556,
      "fcf_margin_change": -0.2588779152294447
    },
    {
      "date": "2023-09-30T00:00:00",
      "quarter_label": "2023-09 (Q3)",
      "revenue": 253367000,
      "gross_profit": 141406000,
      "operating_income": null,
      "net_income": 30858000,
      "opex": null,
      "cogs": 111961000,
      "rd": null,
      "sga": 28558000,
      "fcf": 120070000,
      "ocf": 120070000,
      "capex": null,
      "gross_margin": 0.5581074094100652,
      "op_margin": null,
      "fcf_margin": 0.47389754782588106,
      "rev_growth_yoy": 0.1857975925267237,
      "rev_growth_yoy_accel": 0.03885187649358621,
      "fcf_margin_change": 0.3505169634425618
    },
    {
      "date": "2023-12-31T00:00:00",
      "quarter_label": "2023-12 (Q4)",
      "revenue": 259593000,
      "gross_profit": 147301000,
      "operating_income": null,
      "net_income": 33002000,
      "opex": null,
      "cogs": 112292000,
      "rd": null,
      "sga": 33007000,
      "fcf": 71719000,
      "ocf": 71719000,
      "capex": null,
      "gross_margin": 0.5674305547530172,
      "op_margin": null,
      "fcf_margin": 0.2762747839887824,
      "rev_growth_yoy": 0.1860547994023877,
      "rev_growth_yoy_accel": 0.0002572068756639956,
      "fcf_margin_change": -0.19762276383709865
    },
    {
      "date": "2024-03-31T00:00:00",
      "quarter_label": "2024-03 (Q1)",
      "revenue": 268488000,
      "gross_profit": 112910000,
      "operating_income": null,
      "net_income": 40532000,
      "opex": null,
      "cogs": 112743000,
      "rd": null,
      "sga": 31665000,
      "fcf": 137702000,
      "ocf": 137702000,
      "capex": null,
      "gross_margin": 0.4205402103632192,
      "op_margin": null,
      "fcf_margin": 0.5128795327910373,
      "rev_growth_yoy": 0.16818225327845315,
      "rev_growth_yoy_accel": -0.017872546123934546,
      "fcf_margin_change": 0.23660474880225485
    },
    {
      "date": "2024-06-30T00:00:00",
      "quarter_label": "2024-06 (Q2)",
      "revenue": 270526000,
      "gross_profit": 112237000,
      "operating_income": null,
      "net_income": 34425000,
      "opex": null,
      "cogs": 114436000,
      "rd": null,
      "sga": 31163000,
      "fcf": 70651000,
      "ocf": 70651000,
      "capex": null,
      "gross_margin": 0.41488433644085965,
      "op_margin": null,
      "fcf_margin": 0.26116158890457847,
      "rev_growth_yoy": 0.09284447550526576,
      "rev_growth_yoy_accel": -0.0753377777731874,
      "fcf_margin_change": -0.2517179438864588
    },
    {
      "date": "2024-09-30T00:00:00",
      "quarter_label": "2024-09 (Q3)",
      "revenue": 292161000,
      "gross_profit": 129579000,
      "operating_income": null,
      "net_income": 37516000,
      "opex": null,
      "cogs": 114205000,
      "rd": null,
      "sga": 34059000,
      "fcf": 96900000,
      "ocf": 96900000,
      "capex": null,
      "gross_margin": 0.4435191555341062,
      "op_margin": null,
      "fcf_margin": 0.33166644418659574,
      "rev_growth_yoy": 0.15311386249985198,
      "rev_growth_yoy_accel": 0.06026938699458623,
      "fcf_margin_change": 0.07050485528201728
    },
    {
      "date": "2024-12-31T00:00:00",
      "quarter_label": "2024-12 (Q4)",
      "revenue": 326416000,
      "gross_profit": 151170000,
      "operating_income": null,
      "net_income": 59758000,
      "opex": null,
      "cogs": 117117000,
      "rd": null,
      "sga": 42234000,
      "fcf": 124338000,
      "ocf": 124338000,
      "capex": null,
      "gross_margin": 0.46312068035880594,
      "op_margin": null,
      "fcf_margin": 0.38091882750845546,
      "rev_growth_yoy": 0.2574144911457551,
      "rev_growth_yoy_accel": 0.10430062864590312,
      "fcf_margin_change": 0.049252383321859716
    },
    {
      "date": "2025-03-31T00:00:00",
      "quarter_label": "2025-03 (Q1)",
      "revenue": 347163000,
      "gross_profit": 164487000,
      "operating_income": null,
      "net_income": 70850000,
      "opex": null,
      "cogs": 125056000,
      "rd": null,
      "sga": 37207000,
      "fcf": 115628000,
      "ocf": 115628000,
      "capex": null,
      "gross_margin": 0.4738033719031118,
      "op_margin": null,
      "fcf_margin": 0.3330654476427499,
      "rev_growth_yoy": 0.29302985608295345,
      "rev_growth_yoy_accel": 0.03561536493719836,
      "fcf_margin_change": -0.047853379865705536
    },
    {
      "date": "2025-06-30T00:00:00",
      "quarter_label": "2025-06 (Q2)",
      "revenue": 383152000,
      "gross_profit": 173975000,
      "operating_income": null,
      "net_income": 63420000,
      "opex": null,
      "cogs": 146038000,
      "rd": null,
      "sga": 36244000,
      "fcf": 127471000,
      "ocf": 127471000,
      "capex": null,
      "gross_margin": 0.4540626174468618,
      "op_margin": null,
      "fcf_margin": 0.3326904205119639,
      "rev_growth_yoy": 0.4163222758625788,
      "rev_growth_yoy_accel": 0.12329241977962535,
      "fcf_margin_change": -0.0003750271307860209
    },
    {
      "date": "2025-09-30T00:00:00",
      "quarter_label": "2025-09 (Q3)",
      "revenue": 382430000,
      "gross_profit": 185475000,
      "operating_income": null,
      "net_income": 71248000,
      "opex": null,
      "cogs": 129825000,
      "rd": null,
      "sga": 37676000,
      "fcf": 164530000,
      "ocf": 164530000,
      "capex": null,
      "gross_margin": 0.48499071725544546,
      "op_margin": null,
      "fcf_margin": 0.4302225243835473,
      "rev_growth_yoy": 0.3089700541824542,
      "rev_growth_yoy_accel": -0.1073522216801246,
      "fcf_margin_change": 0.0975321038715834
    }
  ],
  "signals": [
    {
      "quarter": "2025-09 (Q3)",
      "signal": "FCF MARGIN EXPANSION",
      "detail": "FCF margin: +33.3% -> +43.0% (+9.8%)",
      "severity": "MEDIUM"
    },
    {
      "quarter": "2025-09 (Q3)",
      "signal": "GROSS MARGIN INFLECTION",
      "detail": "GM: +47.4% -> +45.4% -> +48.5% (reversal +3.1%)",
      "severity": "MEDIUM"
    },
    {
      "quarter": "2025-09 (Q3)",
      "signal": "YoY REVENUE GROWTH DECELERATION",
      "detail": "YoY growth: +30.9% vs prior quarter YoY: +41.6% (decel: -10.7%)",
      "severity": "WARNING"
    },
    {
      "quarter": "2025-06 (Q2)",
      "signal": "YoY REVENUE GROWTH ACCELERATION",
      "detail": "YoY growth: +41.6% vs prior quarter YoY: +29.3% (accel: +12.3%)",
      "severity": "MEDIUM"
    },
    {
      "quarter": "2024-12 (Q4)",
      "signal": "YoY REVENUE GROWTH ACCELERATION",
      "detail": "YoY growth: +25.7% vs prior quarter YoY: +15.3% (accel: +10.4%)",
      "severity": "MEDIUM"
    },
    {
      "quarter": "2024-09 (Q3)",
      "signal": "FCF MARGIN EXPANSION",
      "detail": "FCF margin: +26.1% -> +33.2% (+7.1%)",
      "severity": "MEDIUM"
    },
    {
      "quarter": "2024-09 (Q3)",
      "signal": "GROSS MARGIN INFLECTION",
      "detail": "GM: +42.1% -> +41.5% -> +44.4% (reversal +2.9%)",
      "severity": "MEDIUM"
    },
    {
      "quarter": "2024-09 (Q3)",
      "signal": "YoY REVENUE GROWTH ACCELERATION",
      "detail": "YoY growth: +15.3% vs prior quarter YoY: +9.3% (accel: +6.0%)",
      "severity": "MEDIUM"
    },
    {
      "quarter": "2024-06 (Q2)",
      "signal": "YoY REVENUE GROWTH DECELERATION",
      "detail": "YoY growth: +9.3% vs prior quarter YoY: +16.8% (decel: -7.5%)",
      "severity": "WARNING"
    },
    {
      "quarter": "2024-03 (Q1)",
      "signal": "FCF MARGIN EXPANSION",
      "detail": "FCF margin: +27.6% -> +51.3% (+23.7%)",
      "severity": "MEDIUM"
    },
    {
      "quarter": "2023-09 (Q3)",
      "signal": "FCF MARGIN EXPANSION",
      "detail": "FCF margin: +12.3% -> +47.4% (+35.1%)",
      "severity": "MEDIUM"
    },
    {
      "quarter": "2023-03 (Q1)",
      "signal": "FCF MARGIN EXPANSION",
      "detail": "FCF margin: +17.0% -> +38.2% (+21.3%)",
      "severity": "MEDIUM"
    },
    {
      "quarter": "2022-09 (Q3)",
      "signal": "FCF MARGIN EXPANSION",
      "detail": "FCF margin: +6.0% -> +35.9% (+29.9%)",
      "severity": "MEDIUM"
    },
    {
      "quarter": "2022-06 (Q2)",
      "signal": "YoY REVENUE GROWTH ACCELERATION",
      "detail": "YoY growth: +10.3% vs prior quarter YoY: +0.9% (accel: +9.4%)",
      "severity": "MEDIUM"
    },
    {
      "quarter": "2022-03 (Q1)",
      "signal": "FCF MARGIN EXPANSION",
      "detail": "FCF margin: +14.7% -> +38.8% (+24.1%)",
      "severity": "MEDIUM"
    },
    {
      "quarter": "2021-09 (Q3)",
      "signal": "FCF MARGIN EXPANSION",
      "detail": "FCF margin: +25.1% -> +42.1% (+17.0%)",
      "severity": "MEDIUM"
    },
    {
      "quarter": "2021-03 (Q1)",
      "signal": "FCF MARGIN EXPANSION",
      "detail": "FCF margin: +34.3% -> +39.7% (+5.3%)",
      "severity": "MEDIUM"
    }
  ],
  "data_quality": {
    "n_quarters": 20,
    "coverage": {
      "revenue": [
        20,
        20
      ],
      "gross_profit": [
        20,
        20
      ],
      "op_income": [
        0,
        20
      ],
      "fcf": [
        20,
        20
      ]
    },
    "gaps": [],
    "warnings": [
      "op_income: no data"
    ]
  },
  "market_cap": null,
  "source": "SEC EDGAR",
  "last_updated": "2026-02-02T21:03:59.994799"
}