{
  "ticker": "ARTNA",
  "name": "ARTESIAN RESOURCES CORPORATION",
  "quarters": [
    {
      "date": "2020-12-31T00:00:00",
      "quarter_label": "2020-12 (Q4)",
      "revenue": 21751000,
      "gross_profit": null,
      "operating_income": 4841000,
      "net_income": 3114000,
      "opex": 16910000,
      "cogs": null,
      "rd": null,
      "sga": null,
      "fcf": -2256000,
      "ocf": 6060000,
      "capex": -8316000,
      "gross_margin": null,
      "op_margin": 0.22256447979403246,
      "fcf_margin": -0.10371936922440347
    },
    {
      "date": "2021-03-31T00:00:00",
      "quarter_label": "2021-03 (Q1)",
      "revenue": 20736000,
      "gross_profit": null,
      "operating_income": 4442000,
      "net_income": 4206000,
      "opex": 16294000,
      "cogs": null,
      "rd": null,
      "sga": null,
      "fcf": 3970000,
      "ocf": 10242000,
      "capex": -6272000,
      "gross_margin": null,
      "op_margin": 0.21421682098765432,
      "fcf_margin": 0.19145447530864199,
      "fcf_margin_change": 0.29517384453304546
    },
    {
      "date": "2021-06-30T00:00:00",
      "quarter_label": "2021-06 (Q2)",
      "revenue": 22562000,
      "gross_profit": null,
      "operating_income": 6087000,
      "net_income": 4505000,
      "opex": 16475000,
      "cogs": null,
      "rd": null,
      "sga": null,
      "fcf": -9612000,
      "ocf": 3534000,
      "capex": -13146000,
      "gross_margin": null,
      "op_margin": 0.2697899122418225,
      "fcf_margin": -0.42602606151936884,
      "op_leverage_ratio": 7.927293286610736,
      "fcf_margin_change": -0.6174805368280109
    },
    {
      "date": "2021-09-30T00:00:00",
      "quarter_label": "2021-09 (Q3)",
      "revenue": 24987000,
      "gross_profit": null,
      "operating_income": 6898000,
      "net_income": 5056000,
      "opex": 18089000,
      "cogs": null,
      "rd": null,
      "sga": null,
      "fcf": -5050000,
      "ocf": 5905000,
      "capex": -10955000,
      "gross_margin": null,
      "op_margin": 0.27606355304758473,
      "fcf_margin": -0.20210509464921758,
      "op_leverage_ratio": 1.0971248220654153,
      "fcf_margin_change": 0.22392096687015126
    },
    {
      "date": "2021-12-31T00:00:00",
      "quarter_label": "2021-12 (Q4)",
      "revenue": 22575000,
      "gross_profit": null,
      "operating_income": 4868000,
      "net_income": 3060000,
      "opex": 17707000,
      "cogs": null,
      "rd": null,
      "sga": null,
      "fcf": 1188000,
      "ocf": 11629000,
      "capex": -10441000,
      "gross_margin": null,
      "op_margin": 0.21563676633444076,
      "fcf_margin": 0.052624584717607975,
      "rev_growth_yoy": 0.03788331570962255,
      "fcf_margin_change": 0.25472967936682556
    },
    {
      "date": "2022-03-31T00:00:00",
      "quarter_label": "2022-03 (Q1)",
      "revenue": 22187000,
      "gross_profit": null,
      "operating_income": 4743000,
      "net_income": 4483000,
      "opex": 17444000,
      "cogs": null,
      "rd": null,
      "sga": null,
      "fcf": 2043000,
      "ocf": 11819000,
      "capex": -9776000,
      "gross_margin": null,
      "op_margin": 0.2137738315229639,
      "fcf_margin": 0.09208094830306035,
      "incr_op_margin_yoy": 0.2074431426602343,
      "rev_growth_yoy": 0.06997492283950617,
      "rev_growth_yoy_accel": 0.03209160712988362,
      "fcf_margin_change": 0.039456363585452375
    },
    {
      "date": "2022-06-30T00:00:00",
      "quarter_label": "2022-06 (Q2)",
      "revenue": 25011000,
      "gross_profit": null,
      "operating_income": 6843000,
      "net_income": 5046000,
      "opex": 18168000,
      "cogs": null,
      "rd": null,
      "sga": null,
      "fcf": -11721000,
      "ocf": 1769000,
      "capex": -13490000,
      "gross_margin": null,
      "op_margin": 0.2735996161688857,
      "fcf_margin": -0.4686338011275039,
      "incr_op_margin_yoy": 0.3086974275214373,
      "rev_growth_yoy": 0.10854534172502438,
      "rev_growth_yoy_accel": 0.03857041888551821,
      "op_leverage_ratio": 3.066716436159047,
      "fcf_margin_change": -0.5607147494305642
    },
    {
      "date": "2022-09-30T00:00:00",
      "quarter_label": "2022-09 (Q3)",
      "revenue": 26582000,
      "gross_profit": null,
      "operating_income": 8082000,
      "net_income": 6144000,
      "opex": 18500000,
      "cogs": null,
      "rd": null,
      "sga": null,
      "fcf": -1932000,
      "ocf": 11462000,
      "capex": -13394000,
      "gross_margin": null,
      "op_margin": 0.30404032804153186,
      "fcf_margin": -0.07268076141750056,
      "incr_op_margin_yoy": 0.742319749216301,
      "rev_growth_yoy": 0.06383319326049545,
      "rev_growth_yoy_accel": -0.04471214846452892,
      "op_leverage_ratio": 3.4372741054177123,
      "fcf_margin_change": 0.39595303971000334
    },
    {
      "date": "2022-12-31T00:00:00",
      "quarter_label": "2022-12 (Q4)",
      "revenue": 25117000,
      "gross_profit": null,
      "operating_income": 4237000,
      "net_income": 2325000,
      "opex": 20880000,
      "cogs": null,
      "rd": null,
      "sga": null,
      "fcf": -12608000,
      "ocf": -785000,
      "capex": -11823000,
      "gross_margin": null,
      "op_margin": 0.16869052832742765,
      "fcf_margin": -0.501970776764741,
      "incr_op_margin_yoy": -0.24822974036191975,
      "rev_growth_yoy": 0.11260243632336656,
      "rev_growth_yoy_accel": 0.0487692430628711,
      "fcf_margin_change": -0.42929001534724043
    },
    {
      "date": "2023-03-31T00:00:00",
      "quarter_label": "2023-03 (Q1)",
      "revenue": 22495000,
      "gross_profit": null,
      "operating_income": 4060000,
      "net_income": 3705000,
      "opex": 18435000,
      "cogs": null,
      "rd": null,
      "sga": null,
      "fcf": -6286000,
      "ocf": 10508000,
      "capex": -16794000,
      "gross_margin": null,
      "op_margin": 0.18048455212269393,
      "fcf_margin": -0.27943987552789507,
      "rev_growth_yoy": 0.013882002974714923,
      "rev_growth_yoy_accel": -0.09872043334865163,
      "fcf_margin_change": 0.22253090123684593
    },
    {
      "date": "2023-06-30T00:00:00",
      "quarter_label": "2023-06 (Q2)",
      "revenue": 25251000,
      "gross_profit": null,
      "operating_income": 6208000,
      "net_income": 4443000,
      "opex": 19043000,
      "cogs": null,
      "rd": null,
      "sga": null,
      "fcf": -10807000,
      "ocf": 4713000,
      "capex": -15520000,
      "gross_margin": null,
      "op_margin": 0.24585164943962615,
      "fcf_margin": -0.4279830501762306,
      "rev_growth_yoy": 0.009595777857742594,
      "rev_growth_yoy_accel": -0.004286225116972329,
      "op_leverage_ratio": 3.7147772604438414,
      "fcf_margin_change": -0.14854317464833555
    },
    {
      "date": "2023-09-30T00:00:00",
      "quarter_label": "2023-09 (Q3)",
      "revenue": 26570000,
      "gross_profit": null,
      "operating_income": 6661000,
      "net_income": 5071000,
      "opex": 19909000,
      "cogs": null,
      "rd": null,
      "sga": null,
      "fcf": -8385000,
      "ocf": 8139000,
      "capex": -16524000,
      "gross_margin": null,
      "op_margin": 0.2506962739932254,
      "fcf_margin": -0.3155814828754234,
      "rev_growth_yoy": -0.0004514333007298172,
      "rev_growth_yoy_accel": -0.010047211158472411,
      "op_leverage_ratio": 1.1486393468696687,
      "fcf_margin_change": 0.11240156730080719
    },
    {
      "date": "2023-12-31T00:00:00",
      "quarter_label": "2023-12 (Q4)",
      "revenue": 24544000,
      "gross_profit": null,
      "operating_income": 5514000,
      "net_income": 3480000,
      "opex": 19030000,
      "cogs": null,
      "rd": null,
      "sga": null,
      "fcf": -4848000,
      "ocf": 8491000,
      "capex": -13339000,
      "gross_margin": null,
      "op_margin": 0.22465775749674055,
      "fcf_margin": -0.19752281616688397,
      "rev_growth_yoy": -0.022813234064577775,
      "rev_growth_yoy_accel": -0.022361800763847958,
      "fcf_margin_change": 0.11805866670853946
    },
    {
      "date": "2024-03-31T00:00:00",
      "quarter_label": "2024-03 (Q1)",
      "revenue": 24544000,
      "gross_profit": null,
      "operating_income": 4719000,
      "net_income": 4411000,
      "opex": 19825000,
      "cogs": null,
      "rd": null,
      "sga": null,
      "fcf": 3672000,
      "ocf": 12594000,
      "capex": -8922000,
      "gross_margin": null,
      "op_margin": 0.19226694915254236,
      "fcf_margin": 0.14960886571056062,
      "incr_op_margin_yoy": 0.3216203025866276,
      "rev_growth_yoy": 0.09108690820182262,
      "rev_growth_yoy_accel": 0.1139001422664004,
      "fcf_margin_change": 0.3471316818774446
    },
    {
      "date": "2024-06-30T00:00:00",
      "quarter_label": "2024-06 (Q2)",
      "revenue": 27416000,
      "gross_profit": null,
      "operating_income": 7198000,
      "net_income": 5325000,
      "opex": 20218000,
      "cogs": null,
      "rd": null,
      "sga": null,
      "fcf": -2585000,
      "ocf": 6865000,
      "capex": -9450000,
      "gross_margin": null,
      "op_margin": 0.2625474175663846,
      "fcf_margin": -0.0942880070032098,
      "incr_op_margin_yoy": 0.45727482678983833,
      "rev_growth_yoy": 0.08573917864639025,
      "rev_growth_yoy_accel": -0.005347729555432376,
      "op_leverage_ratio": 5.902822702376331,
      "fcf_margin_change": -0.24389687271377042
    },
    {
      "date": "2024-09-30T00:00:00",
      "quarter_label": "2024-09 (Q3)",
      "revenue": 29142000,
      "gross_profit": null,
      "operating_income": 8590000,
      "net_income": 6813000,
      "opex": 20552000,
      "cogs": null,
      "rd": null,
      "sga": null,
      "fcf": -1899000,
      "ocf": 10662000,
      "capex": -12561000,
      "gross_margin": null,
      "op_margin": 0.29476357147759247,
      "fcf_margin": -0.06516368128474367,
      "incr_op_margin_yoy": 0.75,
      "rev_growth_yoy": 0.09680090327436959,
      "rev_growth_yoy_accel": 0.011061724627979344,
      "op_leverage_ratio": 3.8109076565282036,
      "fcf_margin_change": 0.029124325718466126
    },
    {
      "date": "2024-12-31T00:00:00",
      "quarter_label": "2024-12 (Q4)",
      "revenue": 26850000,
      "gross_profit": null,
      "operating_income": 5643000,
      "net_income": 3845000,
      "opex": 21207000,
      "cogs": null,
      "rd": null,
      "sga": null,
      "fcf": -8307000,
      "ocf": 6702000,
      "capex": -15009000,
      "gross_margin": null,
      "op_margin": 0.21016759776536312,
      "fcf_margin": -0.3093854748603352,
      "incr_op_margin_yoy": 0.055941023417172595,
      "rev_growth_yoy": 0.09395371577574968,
      "rev_growth_yoy_accel": -0.0028471874986199103,
      "fcf_margin_change": -0.2442217935755915
    },
    {
      "date": "2025-03-31T00:00:00",
      "quarter_label": "2025-03 (Q1)",
      "revenue": 25886000,
      "gross_profit": null,
      "operating_income": 5546000,
      "net_income": 5435000,
      "opex": 20340000,
      "cogs": null,
      "rd": null,
      "sga": null,
      "fcf": 560000,
      "ocf": 10958000,
      "capex": -10398000,
      "gross_margin": null,
      "op_margin": 0.21424708336552575,
      "fcf_margin": 0.02163331530557058,
      "incr_op_margin_yoy": 0.6162444113263785,
      "rev_growth_yoy": 0.05467731421121252,
      "rev_growth_yoy_accel": -0.03927640156453716,
      "fcf_margin_change": 0.33101879016590574
    },
    {
      "date": "2025-06-30T00:00:00",
      "quarter_label": "2025-06 (Q2)",
      "revenue": 28549000,
      "gross_profit": null,
      "operating_income": 7855000,
      "net_income": 6290000,
      "opex": 20694000,
      "cogs": null,
      "rd": null,
      "sga": null,
      "fcf": -7924000,
      "ocf": 7937000,
      "capex": -15861000,
      "gross_margin": null,
      "op_margin": 0.2751409856737539,
      "fcf_margin": -0.2775578829381064,
      "incr_op_margin_yoy": 0.5798764342453663,
      "rev_growth_yoy": 0.041326232856726,
      "rev_growth_yoy_accel": -0.013351081354486517,
      "op_leverage_ratio": 5.910904002818093,
      "fcf_margin_change": -0.29919119824367696
    },
    {
      "date": "2025-09-30T00:00:00",
      "quarter_label": "2025-09 (Q3)",
      "revenue": 30491000,
      "gross_profit": null,
      "operating_income": 8619000,
      "net_income": 6962000,
      "opex": 21872000,
      "cogs": null,
      "rd": null,
      "sga": null,
      "fcf": -3268000,
      "ocf": 10986000,
      "capex": -14254000,
      "gross_margin": null,
      "op_margin": 0.2826735758092552,
      "fcf_margin": -0.10717916762323308,
      "incr_op_margin_yoy": 0.021497405485544848,
      "rev_growth_yoy": 0.04629057717383844,
      "rev_growth_yoy_accel": 0.004964344317112443,
      "op_leverage_ratio": 1.1949713122424193,
      "fcf_margin_change": 0.1703787153148733
    }
  ],
  "signals": [
    {
      "quarter": "2025-09 (Q3)",
      "signal": "FCF MARGIN EXPANSION",
      "detail": "FCF margin: -27.8% -> -10.7% (+17.0%)",
      "severity": "MEDIUM"
    },
    {
      "quarter": "2025-06 (Q2)",
      "signal": "OPERATING LEVERAGE",
      "detail": "Rev growth +10.3% vs OpEx growth +1.7% (leverage: 5.9x)",
      "severity": "MEDIUM"
    },
    {
      "quarter": "2025-06 (Q2)",
      "signal": "INCREMENTAL MARGIN (YoY)",
      "detail": "YoY Incr OPM: +58.0% vs year-ago OPM: +26.3%",
      "severity": "HIGH"
    },
    {
      "quarter": "2025-03 (Q1)",
      "signal": "FCF TURNED POSITIVE",
      "detail": "FCF margin: -30.9% -> +2.2%",
      "severity": "HIGH"
    },
    {
      "quarter": "2025-03 (Q1)",
      "signal": "INCREMENTAL MARGIN (YoY)",
      "detail": "YoY Incr OPM: +61.6% vs year-ago OPM: +19.2%",
      "severity": "HIGH"
    },
    {
      "quarter": "2024-09 (Q3)",
      "signal": "OPERATING LEVERAGE",
      "detail": "Rev growth +6.3% vs OpEx growth +1.7% (leverage: 3.8x)",
      "severity": "MEDIUM"
    },
    {
      "quarter": "2024-09 (Q3)",
      "signal": "INCREMENTAL MARGIN (YoY)",
      "detail": "YoY Incr OPM: +75.0% vs year-ago OPM: +25.1%",
      "severity": "HIGH"
    },
    {
      "quarter": "2024-06 (Q2)",
      "signal": "OPERATING LEVERAGE",
      "detail": "Rev growth +11.7% vs OpEx growth +2.0% (leverage: 5.9x)",
      "severity": "MEDIUM"
    },
    {
      "quarter": "2024-06 (Q2)",
      "signal": "INCREMENTAL MARGIN (YoY)",
      "detail": "YoY Incr OPM: +45.7% vs year-ago OPM: +24.6%",
      "severity": "HIGH"
    },
    {
      "quarter": "2024-03 (Q1)",
      "signal": "FCF TURNED POSITIVE",
      "detail": "FCF margin: -19.8% -> +15.0%",
      "severity": "HIGH"
    },
    {
      "quarter": "2024-03 (Q1)",
      "signal": "YoY REVENUE GROWTH ACCELERATION",
      "detail": "YoY growth: +9.1% vs prior quarter YoY: -2.3% (accel: +11.4%)",
      "severity": "MEDIUM"
    },
    {
      "quarter": "2024-03 (Q1)",
      "signal": "INCREMENTAL MARGIN (YoY)",
      "detail": "YoY Incr OPM: +32.2% vs year-ago OPM: +18.0%",
      "severity": "MEDIUM"
    },
    {
      "quarter": "2023-12 (Q4)",
      "signal": "FCF MARGIN EXPANSION",
      "detail": "FCF margin: -31.6% -> -19.8% (+11.8%)",
      "severity": "MEDIUM"
    },
    {
      "quarter": "2023-09 (Q3)",
      "signal": "FCF MARGIN EXPANSION",
      "detail": "FCF margin: -42.8% -> -31.6% (+11.2%)",
      "severity": "MEDIUM"
    },
    {
      "quarter": "2023-06 (Q2)",
      "signal": "OPERATING LEVERAGE",
      "detail": "Rev growth +12.3% vs OpEx growth +3.3% (leverage: 3.7x)",
      "severity": "MEDIUM"
    },
    {
      "quarter": "2023-03 (Q1)",
      "signal": "FCF MARGIN EXPANSION",
      "detail": "FCF margin: -50.2% -> -27.9% (+22.3%)",
      "severity": "MEDIUM"
    },
    {
      "quarter": "2023-03 (Q1)",
      "signal": "YoY REVENUE GROWTH DECELERATION",
      "detail": "YoY growth: +1.4% vs prior quarter YoY: +11.3% (decel: -9.9%)",
      "severity": "WARNING"
    },
    {
      "quarter": "2022-09 (Q3)",
      "signal": "FCF MARGIN EXPANSION",
      "detail": "FCF margin: -46.9% -> -7.3% (+39.6%)",
      "severity": "MEDIUM"
    },
    {
      "quarter": "2022-09 (Q3)",
      "signal": "OPERATING LEVERAGE",
      "detail": "Rev growth +6.3% vs OpEx growth +1.8% (leverage: 3.4x)",
      "severity": "MEDIUM"
    },
    {
      "quarter": "2022-09 (Q3)",
      "signal": "INCREMENTAL MARGIN (YoY)",
      "detail": "YoY Incr OPM: +74.2% vs year-ago OPM: +27.6%",
      "severity": "HIGH"
    },
    {
      "quarter": "2022-06 (Q2)",
      "signal": "OPERATING LEVERAGE",
      "detail": "Rev growth +12.7% vs OpEx growth +4.2% (leverage: 3.1x)",
      "severity": "MEDIUM"
    },
    {
      "quarter": "2021-12 (Q4)",
      "signal": "FCF TURNED POSITIVE",
      "detail": "FCF margin: -20.2% -> +5.3%",
      "severity": "HIGH"
    },
    {
      "quarter": "2021-09 (Q3)",
      "signal": "FCF MARGIN EXPANSION",
      "detail": "FCF margin: -42.6% -> -20.2% (+22.4%)",
      "severity": "MEDIUM"
    },
    {
      "quarter": "2021-06 (Q2)",
      "signal": "OPERATING LEVERAGE",
      "detail": "Rev growth +8.8% vs OpEx growth +1.1% (leverage: 7.9x)",
      "severity": "MEDIUM"
    },
    {
      "quarter": "2021-03 (Q1)",
      "signal": "FCF TURNED POSITIVE",
      "detail": "FCF margin: -10.4% -> +19.1%",
      "severity": "HIGH"
    }
  ],
  "data_quality": {
    "n_quarters": 20,
    "coverage": {
      "revenue": [
        20,
        20
      ],
      "gross_profit": [
        0,
        20
      ],
      "op_income": [
        20,
        20
      ],
      "fcf": [
        20,
        20
      ]
    },
    "gaps": [],
    "warnings": [
      "gross_profit: no data"
    ]
  },
  "market_cap": null,
  "source": "SEC EDGAR",
  "last_updated": "2026-02-02T22:40:51.434429",
  "sector": "Utilities",
  "industry": "Utilities - Regulated Water"
}