{
  "ticker": "ARVN",
  "name": "ARVINAS, INC.",
  "quarters": [
    {
      "date": "2020-12-31T00:00:00",
      "quarter_label": "2020-12 (Q4)",
      "revenue": 2217692,
      "gross_profit": null,
      "operating_income": -43213464,
      "net_income": -41546488,
      "opex": 45431156,
      "cogs": null,
      "rd": 33200159,
      "sga": null,
      "fcf": -30771301,
      "ocf": -28964218,
      "capex": -1807083,
      "gross_margin": null,
      "op_margin": -19.485782516237602,
      "fcf_margin": -13.875371782916654
    },
    {
      "date": "2021-03-31T00:00:00",
      "quarter_label": "2021-03 (Q1)",
      "revenue": 5539365,
      "gross_profit": null,
      "operating_income": -41646230,
      "net_income": -40964291,
      "opex": 47185595,
      "cogs": null,
      "rd": 34866882,
      "sga": null,
      "fcf": -40000000,
      "ocf": -39000000,
      "capex": -1000000,
      "gross_margin": null,
      "op_margin": -7.518231782884861,
      "fcf_margin": -7.221044289372518,
      "op_leverage_ratio": 38.78565779035834,
      "fcf_margin_change": 6.654327493544136
    },
    {
      "date": "2021-06-30T00:00:00",
      "quarter_label": "2021-06 (Q2)",
      "revenue": 5544418,
      "gross_profit": null,
      "operating_income": -51877254,
      "net_income": -50288562,
      "opex": 57421672,
      "cogs": null,
      "rd": 43010807,
      "sga": null,
      "fcf": -47900000,
      "ocf": -47400000,
      "capex": -500000,
      "gross_margin": null,
      "op_margin": -9.356663584888441,
      "fcf_margin": -8.639319762687446,
      "fcf_margin_change": -1.418275473314928
    },
    {
      "date": "2021-09-30T00:00:00",
      "quarter_label": "2021-09 (Q3)",
      "revenue": 9284785,
      "gross_profit": null,
      "operating_income": -47331230,
      "net_income": -46751752,
      "opex": 56616015,
      "cogs": null,
      "rd": 40603631,
      "sga": null,
      "fcf": 680200000,
      "ocf": 681500000,
      "capex": -1300000,
      "gross_margin": null,
      "op_margin": -5.0977195487025275,
      "fcf_margin": 73.25963929159371,
      "op_leverage_ratio": Infinity,
      "fcf_margin_change": 81.89895905428116
    },
    {
      "date": "2021-12-31T00:00:00",
      "quarter_label": "2021-12 (Q4)",
      "revenue": 26331432,
      "gross_profit": null,
      "operating_income": -54445286,
      "net_income": -52995395,
      "opex": 80776718,
      "cogs": null,
      "rd": 61918680,
      "sga": null,
      "fcf": -37600000,
      "ocf": -35700000,
      "capex": -1900000,
      "gross_margin": null,
      "op_margin": -2.067691798911658,
      "fcf_margin": -1.4279512029577426,
      "incr_op_margin_yoy": -0.4657851498772069,
      "rev_growth_yoy": 10.873349410107444,
      "op_leverage_ratio": 4.302261927218397,
      "fcf_margin_change": -74.68759049455146
    },
    {
      "date": "2022-03-31T00:00:00",
      "quarter_label": "2022-03 (Q1)",
      "revenue": 24200000,
      "gross_profit": null,
      "operating_income": -60000000,
      "net_income": -63400000,
      "opex": 84200000,
      "cogs": null,
      "rd": 64000000,
      "sga": null,
      "fcf": -59200000,
      "ocf": -57100000,
      "capex": -2100000,
      "gross_margin": null,
      "op_margin": -2.479338842975207,
      "fcf_margin": -2.446280991735537,
      "incr_op_margin_yoy": -0.9835554899391151,
      "rev_growth_yoy": 3.3687317950703735,
      "rev_growth_yoy_accel": -7.504617615037071,
      "fcf_margin_change": -1.0183297887777945
    },
    {
      "date": "2022-06-30T00:00:00",
      "quarter_label": "2022-06 (Q2)",
      "revenue": 31300000,
      "gross_profit": null,
      "operating_income": -68300000,
      "net_income": -70000000,
      "opex": 99600000,
      "cogs": null,
      "rd": 75300000,
      "sga": null,
      "fcf": -80000000,
      "ocf": -78600000,
      "capex": -1400000,
      "gross_margin": null,
      "op_margin": -2.182108626198083,
      "fcf_margin": -2.5559105431309903,
      "incr_op_margin_yoy": -0.6376383185594486,
      "rev_growth_yoy": 4.645317506724782,
      "rev_growth_yoy_accel": 1.2765857116544082,
      "op_leverage_ratio": 1.6041107652677902,
      "fcf_margin_change": -0.10962955139545327
    },
    {
      "date": "2022-09-30T00:00:00",
      "quarter_label": "2022-09 (Q3)",
      "revenue": 30300000,
      "gross_profit": null,
      "operating_income": -67200000,
      "net_income": -66200000,
      "opex": 97500000,
      "cogs": null,
      "rd": 77500000,
      "sga": null,
      "fcf": -68800000,
      "ocf": -66600000,
      "capex": -2200000,
      "gross_margin": null,
      "op_margin": -2.217821782178218,
      "fcf_margin": -2.2706270627062706,
      "incr_op_margin_yoy": -0.9454469059678904,
      "rev_growth_yoy": 2.2634035144594087,
      "rev_growth_yoy_accel": -2.381913992265373,
      "fcf_margin_change": 0.28528348042471974
    },
    {
      "date": "2022-12-31T00:00:00",
      "quarter_label": "2022-12 (Q4)",
      "revenue": 45600000,
      "gross_profit": null,
      "operating_income": -67800000,
      "net_income": -82900000,
      "opex": 113400000,
      "cogs": null,
      "rd": 98300000,
      "sga": null,
      "fcf": -72300000,
      "ocf": -71200000,
      "capex": -1100000,
      "gross_margin": null,
      "op_margin": -1.486842105263158,
      "fcf_margin": -1.5855263157894737,
      "incr_op_margin_yoy": -0.6930828487098781,
      "rev_growth_yoy": 0.7317706078423688,
      "rev_growth_yoy_accel": -1.5316329066170398,
      "op_leverage_ratio": 3.0963945451148893,
      "fcf_margin_change": 0.6851007469167969
    },
    {
      "date": "2023-03-31T00:00:00",
      "quarter_label": "2023-03 (Q1)",
      "revenue": 32500000,
      "gross_profit": null,
      "operating_income": -87700000,
      "net_income": -81900000,
      "opex": 120200000,
      "cogs": null,
      "rd": 95300000,
      "sga": null,
      "fcf": -92300000,
      "ocf": -91200000,
      "capex": -1100000,
      "gross_margin": null,
      "op_margin": -2.6984615384615385,
      "fcf_margin": -2.84,
      "incr_op_margin_yoy": -3.3373493975903616,
      "rev_growth_yoy": 0.34297520661157027,
      "rev_growth_yoy_accel": -0.38879540123079853,
      "fcf_margin_change": -1.2544736842105262
    },
    {
      "date": "2023-06-30T00:00:00",
      "quarter_label": "2023-06 (Q2)",
      "revenue": 54500000,
      "gross_profit": null,
      "operating_income": -74600000,
      "net_income": -66600000,
      "opex": 129100000,
      "cogs": null,
      "rd": 103400000,
      "sga": null,
      "fcf": -89300000,
      "ocf": -88700000,
      "capex": -600000,
      "gross_margin": null,
      "op_margin": -1.3688073394495412,
      "fcf_margin": -1.6385321100917432,
      "incr_op_margin_yoy": -0.27155172413793105,
      "rev_growth_yoy": 0.7412140575079872,
      "rev_growth_yoy_accel": 0.3982388508964169,
      "op_leverage_ratio": 9.142264477095939,
      "fcf_margin_change": 1.2014678899082567
    },
    {
      "date": "2023-09-30T00:00:00",
      "quarter_label": "2023-09 (Q3)",
      "revenue": 34600000,
      "gross_profit": null,
      "operating_income": -73900000,
      "net_income": -64000000,
      "opex": 108500000,
      "cogs": null,
      "rd": 85900000,
      "sga": null,
      "fcf": -85900000,
      "ocf": -84800000,
      "capex": -1100000,
      "gross_margin": null,
      "op_margin": -2.1358381502890174,
      "fcf_margin": -2.4826589595375723,
      "incr_op_margin_yoy": -1.558139534883721,
      "rev_growth_yoy": 0.1419141914191419,
      "rev_growth_yoy_accel": -0.5992998660888453,
      "fcf_margin_change": -0.8441268494458292
    },
    {
      "date": "2023-12-31T00:00:00",
      "quarter_label": "2023-12 (Q4)",
      "revenue": -43100000,
      "gross_profit": null,
      "operating_income": -165300000,
      "net_income": -154800000,
      "opex": 122200000,
      "cogs": null,
      "rd": 95200000,
      "sga": null,
      "fcf": -83200000,
      "ocf": -83100000,
      "capex": -100000,
      "gross_margin": null,
      "op_margin": 3.8352668213457077,
      "fcf_margin": 1.9303944315545243,
      "incr_op_margin_yoy": 1.0992108229988726,
      "rev_growth_yoy": -1.9451754385964912,
      "rev_growth_yoy_accel": -2.087089630015633,
      "fcf_margin_change": 4.413053391092097
    },
    {
      "date": "2024-03-31T00:00:00",
      "quarter_label": "2024-03 (Q1)",
      "revenue": 25300000,
      "gross_profit": null,
      "operating_income": -83300000,
      "net_income": -69400000,
      "opex": 108600000,
      "cogs": null,
      "rd": 84300000,
      "sga": null,
      "fcf": -97600000,
      "ocf": -97500000,
      "capex": -100000,
      "gross_margin": null,
      "op_margin": -3.292490118577075,
      "fcf_margin": -3.857707509881423,
      "incr_op_margin_yoy": -0.6111111111111112,
      "rev_growth_yoy": -0.22153846153846155,
      "rev_growth_yoy_accel": 1.7236369770580298,
      "fcf_margin_change": -5.788101941435947
    },
    {
      "date": "2024-06-30T00:00:00",
      "quarter_label": "2024-06 (Q2)",
      "revenue": 76500000,
      "gross_profit": null,
      "operating_income": -48500000,
      "net_income": -35200000,
      "opex": 125000000,
      "cogs": null,
      "rd": 93700000,
      "sga": null,
      "fcf": 49600000,
      "ocf": 50300000,
      "capex": -700000,
      "gross_margin": null,
      "op_margin": -0.6339869281045751,
      "fcf_margin": 0.6483660130718955,
      "incr_op_margin_yoy": 1.1863636363636363,
      "rev_growth_yoy": 0.4036697247706422,
      "rev_growth_yoy_accel": 0.6252081863091038,
      "op_leverage_ratio": 13.400944760435745,
      "fcf_margin_change": 4.506073522953319
    },
    {
      "date": "2024-09-30T00:00:00",
      "quarter_label": "2024-09 (Q3)",
      "revenue": 102400000,
      "gross_profit": null,
      "operating_income": -60300000,
      "net_income": -49200000,
      "opex": 162700000,
      "cogs": null,
      "rd": 86900000,
      "sga": null,
      "fcf": -128700000,
      "ocf": -128000000,
      "capex": -700000,
      "gross_margin": null,
      "op_margin": -0.5888671875,
      "fcf_margin": -1.2568359375,
      "incr_op_margin_yoy": 0.20058997050147492,
      "rev_growth_yoy": 1.9595375722543353,
      "rev_growth_yoy_accel": 1.5558678474836931,
      "op_leverage_ratio": 1.1225533537906764,
      "fcf_margin_change": -1.9052019505718953
    },
    {
      "date": "2024-12-31T00:00:00",
      "quarter_label": "2024-12 (Q4)",
      "revenue": 59200000,
      "gross_profit": null,
      "operating_income": -58200000,
      "net_income": -45100000,
      "opex": 117400000,
      "cogs": null,
      "rd": 83300000,
      "sga": null,
      "fcf": -84400000,
      "ocf": -84100000,
      "capex": -300000,
      "gross_margin": null,
      "op_margin": -0.9831081081081081,
      "fcf_margin": -1.4256756756756757,
      "incr_op_margin_yoy": 1.0469208211143695,
      "fcf_margin_change": -0.16883973817567566
    },
    {
      "date": "2025-03-31T00:00:00",
      "quarter_label": "2025-03 (Q1)",
      "revenue": 188800000,
      "gross_profit": null,
      "operating_income": 71400000,
      "net_income": 82900000,
      "opex": 117400000,
      "cogs": null,
      "rd": 90800000,
      "sga": null,
      "fcf": -89300000,
      "ocf": -88900000,
      "capex": -400000,
      "gross_margin": null,
      "op_margin": 0.3781779661016949,
      "fcf_margin": -0.4729872881355932,
      "incr_op_margin_yoy": 0.946177370030581,
      "rev_growth_yoy": 6.462450592885376,
      "op_leverage_ratio": Infinity,
      "fcf_margin_change": 0.9526883875400824
    },
    {
      "date": "2025-06-30T00:00:00",
      "quarter_label": "2025-06 (Q2)",
      "revenue": 22400000,
      "gross_profit": null,
      "operating_income": -71500000,
      "net_income": -61200000,
      "opex": 93900000,
      "cogs": null,
      "rd": 68600000,
      "sga": null,
      "fcf": -96600000,
      "ocf": -95400000,
      "capex": -1200000,
      "gross_margin": null,
      "op_margin": -3.1919642857142856,
      "fcf_margin": -4.3125,
      "incr_op_margin_yoy": 0.42513863216266173,
      "rev_growth_yoy": -0.7071895424836602,
      "rev_growth_yoy_accel": -7.169640135369036,
      "fcf_margin_change": -3.8395127118644066
    },
    {
      "date": "2025-09-30T00:00:00",
      "quarter_label": "2025-09 (Q3)",
      "revenue": 41900000,
      "gross_profit": null,
      "operating_income": -43800000,
      "net_income": -35100000,
      "opex": 85700000,
      "cogs": null,
      "rd": 64700000,
      "sga": null,
      "fcf": -59200000,
      "ocf": -59100000,
      "capex": -100000,
      "gross_margin": null,
      "op_margin": -1.045346062052506,
      "fcf_margin": -1.4128878281622912,
      "incr_op_margin_yoy": -0.2727272727272727,
      "rev_growth_yoy": -0.5908203125,
      "rev_growth_yoy_accel": 0.11636922998366017,
      "op_leverage_ratio": Infinity,
      "fcf_margin_change": 2.899612171837709
    }
  ],
  "signals": [
    {
      "quarter": "2025-09 (Q3)",
      "signal": "FCF MARGIN EXPANSION",
      "detail": "FCF margin: -431.2% -> -141.3% (+290.0%)",
      "severity": "MEDIUM"
    },
    {
      "quarter": "2025-09 (Q3)",
      "signal": "YoY REVENUE GROWTH ACCELERATION",
      "detail": "YoY growth: -59.1% vs prior quarter YoY: -70.7% (accel: +11.6%)",
      "severity": "MEDIUM"
    },
    {
      "quarter": "2025-06 (Q2)",
      "signal": "YoY REVENUE GROWTH DECELERATION",
      "detail": "YoY growth: -70.7% vs prior quarter YoY: +646.2% (decel: -717.0%)",
      "severity": "WARNING"
    },
    {
      "quarter": "2025-03 (Q1)",
      "signal": "FCF MARGIN EXPANSION",
      "detail": "FCF margin: -142.6% -> -47.3% (+95.3%)",
      "severity": "MEDIUM"
    },
    {
      "quarter": "2025-03 (Q1)",
      "signal": "OP MARGIN TURNED POSITIVE (YoY)",
      "detail": "Op margin: -329.2% (year-ago) -> +37.8%",
      "severity": "HIGH"
    },
    {
      "quarter": "2025-03 (Q1)",
      "signal": "OP MARGIN TURNED POSITIVE (QoQ)",
      "detail": "Op margin: -98.3% -> +37.8%",
      "severity": "HIGH"
    },
    {
      "quarter": "2024-09 (Q3)",
      "signal": "YoY REVENUE GROWTH ACCELERATION",
      "detail": "YoY growth: +196.0% vs prior quarter YoY: +40.4% (accel: +155.6%)",
      "severity": "HIGH"
    },
    {
      "quarter": "2024-06 (Q2)",
      "signal": "FCF TURNED POSITIVE",
      "detail": "FCF margin: -385.8% -> +64.8%",
      "severity": "HIGH"
    },
    {
      "quarter": "2024-06 (Q2)",
      "signal": "OPERATING LEVERAGE",
      "detail": "Rev growth +202.4% vs OpEx growth +15.1% (leverage: 13.4x)",
      "severity": "MEDIUM"
    },
    {
      "quarter": "2024-06 (Q2)",
      "signal": "YoY REVENUE GROWTH ACCELERATION",
      "detail": "YoY growth: +40.4% vs prior quarter YoY: -22.2% (accel: +62.5%)",
      "severity": "HIGH"
    },
    {
      "quarter": "2024-03 (Q1)",
      "signal": "YoY REVENUE GROWTH ACCELERATION",
      "detail": "YoY growth: -22.2% vs prior quarter YoY: -194.5% (accel: +172.4%)",
      "severity": "HIGH"
    },
    {
      "quarter": "2023-12 (Q4)",
      "signal": "FCF TURNED POSITIVE",
      "detail": "FCF margin: -248.3% -> +193.0%",
      "severity": "HIGH"
    },
    {
      "quarter": "2023-12 (Q4)",
      "signal": "YoY REVENUE GROWTH DECELERATION",
      "detail": "YoY growth: -194.5% vs prior quarter YoY: +14.2% (decel: -208.7%)",
      "severity": "WARNING"
    },
    {
      "quarter": "2023-12 (Q4)",
      "signal": "OP MARGIN TURNED POSITIVE (YoY)",
      "detail": "Op margin: -148.7% (year-ago) -> +383.5%",
      "severity": "HIGH"
    },
    {
      "quarter": "2023-12 (Q4)",
      "signal": "OP MARGIN TURNED POSITIVE (QoQ)",
      "detail": "Op margin: -213.6% -> +383.5%",
      "severity": "HIGH"
    },
    {
      "quarter": "2023-09 (Q3)",
      "signal": "YoY REVENUE GROWTH DECELERATION",
      "detail": "YoY growth: +14.2% vs prior quarter YoY: +74.1% (decel: -59.9%)",
      "severity": "WARNING"
    },
    {
      "quarter": "2023-06 (Q2)",
      "signal": "FCF MARGIN EXPANSION",
      "detail": "FCF margin: -284.0% -> -163.9% (+120.1%)",
      "severity": "MEDIUM"
    },
    {
      "quarter": "2023-06 (Q2)",
      "signal": "OPERATING LEVERAGE",
      "detail": "Rev growth +67.7% vs OpEx growth +7.4% (leverage: 9.1x)",
      "severity": "MEDIUM"
    },
    {
      "quarter": "2023-06 (Q2)",
      "signal": "YoY REVENUE GROWTH ACCELERATION",
      "detail": "YoY growth: +74.1% vs prior quarter YoY: +34.3% (accel: +39.8%)",
      "severity": "HIGH"
    },
    {
      "quarter": "2023-03 (Q1)",
      "signal": "YoY REVENUE GROWTH DECELERATION",
      "detail": "YoY growth: +34.3% vs prior quarter YoY: +73.2% (decel: -38.9%)",
      "severity": "WARNING"
    },
    {
      "quarter": "2022-12 (Q4)",
      "signal": "FCF MARGIN EXPANSION",
      "detail": "FCF margin: -227.1% -> -158.6% (+68.5%)",
      "severity": "MEDIUM"
    },
    {
      "quarter": "2022-12 (Q4)",
      "signal": "OPERATING LEVERAGE",
      "detail": "Rev growth +50.5% vs OpEx growth +16.3% (leverage: 3.1x)",
      "severity": "MEDIUM"
    },
    {
      "quarter": "2022-12 (Q4)",
      "signal": "YoY REVENUE GROWTH DECELERATION",
      "detail": "YoY growth: +73.2% vs prior quarter YoY: +226.3% (decel: -153.2%)",
      "severity": "WARNING"
    },
    {
      "quarter": "2022-09 (Q3)",
      "signal": "FCF MARGIN EXPANSION",
      "detail": "FCF margin: -255.6% -> -227.1% (+28.5%)",
      "severity": "MEDIUM"
    },
    {
      "quarter": "2022-09 (Q3)",
      "signal": "YoY REVENUE GROWTH DECELERATION",
      "detail": "YoY growth: +226.3% vs prior quarter YoY: +464.5% (decel: -238.2%)",
      "severity": "WARNING"
    },
    {
      "quarter": "2022-06 (Q2)",
      "signal": "OPERATING LEVERAGE",
      "detail": "Rev growth +29.3% vs OpEx growth +18.3% (leverage: 1.6x)",
      "severity": "MEDIUM"
    },
    {
      "quarter": "2022-06 (Q2)",
      "signal": "YoY REVENUE GROWTH ACCELERATION",
      "detail": "YoY growth: +464.5% vs prior quarter YoY: +336.9% (accel: +127.7%)",
      "severity": "HIGH"
    },
    {
      "quarter": "2022-03 (Q1)",
      "signal": "YoY REVENUE GROWTH DECELERATION",
      "detail": "YoY growth: +336.9% vs prior quarter YoY: +1087.3% (decel: -750.5%)",
      "severity": "WARNING"
    },
    {
      "quarter": "2021-12 (Q4)",
      "signal": "OPERATING LEVERAGE",
      "detail": "Rev growth +183.6% vs OpEx growth +42.7% (leverage: 4.3x)",
      "severity": "MEDIUM"
    },
    {
      "quarter": "2021-09 (Q3)",
      "signal": "FCF TURNED POSITIVE",
      "detail": "FCF margin: -863.9% -> +7326.0%",
      "severity": "HIGH"
    },
    {
      "quarter": "2021-03 (Q1)",
      "signal": "FCF MARGIN EXPANSION",
      "detail": "FCF margin: -1387.5% -> -722.1% (+665.4%)",
      "severity": "MEDIUM"
    },
    {
      "quarter": "2021-03 (Q1)",
      "signal": "OPERATING LEVERAGE",
      "detail": "Rev growth +149.8% vs OpEx growth +3.9% (leverage: 38.8x)",
      "severity": "MEDIUM"
    }
  ],
  "data_quality": {
    "n_quarters": 20,
    "coverage": {
      "revenue": [
        20,
        20
      ],
      "gross_profit": [
        0,
        20
      ],
      "op_income": [
        20,
        20
      ],
      "fcf": [
        20,
        20
      ]
    },
    "gaps": [],
    "warnings": [
      "gross_profit: no data"
    ]
  },
  "market_cap": null,
  "source": "SEC EDGAR",
  "last_updated": "2026-02-02T22:01:24.637560",
  "sector": "Healthcare",
  "industry": "Biotechnology"
}