{
  "ticker": "ARWR",
  "name": "Arrowhead Pharmaceuticals, Inc.",
  "quarters": [
    {
      "date": "2020-12-31T00:00:00",
      "quarter_label": "2020-12 (Q4)",
      "revenue": 21303000,
      "gross_profit": null,
      "operating_income": -24054000,
      "net_income": -20732000,
      "opex": 45357000,
      "cogs": null,
      "rd": null,
      "sga": null,
      "fcf": -43193000,
      "ocf": -38922000,
      "capex": -4271000,
      "gross_margin": null,
      "op_margin": -1.1291367413040416,
      "fcf_margin": -2.027554804487631
    },
    {
      "date": "2021-03-31T00:00:00",
      "quarter_label": "2021-03 (Q1)",
      "revenue": 32811000,
      "gross_profit": null,
      "operating_income": -28232000,
      "net_income": -26818000,
      "opex": 61043000,
      "cogs": null,
      "rd": null,
      "sga": null,
      "fcf": 256707000,
      "ocf": 263873000,
      "capex": -7166000,
      "gross_margin": null,
      "op_margin": -0.8604431440675383,
      "fcf_margin": 7.82380908841547,
      "op_leverage_ratio": 1.5620365688465454,
      "fcf_margin_change": 9.851363892903102
    },
    {
      "date": "2021-06-30T00:00:00",
      "quarter_label": "2021-06 (Q2)",
      "revenue": 45891000,
      "gross_profit": null,
      "operating_income": -31868000,
      "net_income": -29924000,
      "opex": 77759000,
      "cogs": null,
      "rd": null,
      "sga": null,
      "fcf": -33541000,
      "ocf": -29610000,
      "capex": -3931000,
      "gross_margin": null,
      "op_margin": -0.6944281013706392,
      "fcf_margin": -0.7308840513390426,
      "op_leverage_ratio": 1.4557667100025964,
      "fcf_margin_change": -8.554693139754512
    },
    {
      "date": "2021-09-30T00:00:00",
      "quarter_label": "2021-09 (Q3)",
      "revenue": 38283000,
      "gross_profit": null,
      "operating_income": -64883000,
      "net_income": -63374000,
      "opex": 103166000,
      "cogs": null,
      "rd": null,
      "sga": null,
      "fcf": -32228000,
      "ocf": -24029000,
      "capex": -8199000,
      "gross_margin": null,
      "op_margin": -1.694825379411227,
      "fcf_margin": -0.8418358017919181,
      "fcf_margin_change": -0.11095175045287553
    },
    {
      "date": "2021-12-31T00:00:00",
      "quarter_label": "2021-12 (Q4)",
      "revenue": 27439000,
      "gross_profit": null,
      "operating_income": -63321000,
      "net_income": -62872000,
      "opex": 90760000,
      "cogs": null,
      "rd": null,
      "sga": null,
      "fcf": -67086000,
      "ocf": -61308000,
      "capex": -5778000,
      "gross_margin": null,
      "op_margin": -2.3077007179561937,
      "fcf_margin": -2.4449141732570427,
      "incr_op_margin_yoy": -6.399445893089961,
      "rev_growth_yoy": 0.28803454912453647,
      "fcf_margin_change": -1.6030783714651247
    },
    {
      "date": "2022-03-31T00:00:00",
      "quarter_label": "2022-03 (Q1)",
      "revenue": 151805000,
      "gross_profit": null,
      "operating_income": 41553000,
      "net_income": 44366000,
      "opex": 110252000,
      "cogs": null,
      "rd": null,
      "sga": null,
      "fcf": 57977000,
      "ocf": 62729000,
      "capex": -4752000,
      "gross_margin": null,
      "op_margin": 0.2737261618523764,
      "fcf_margin": 0.3819175916471789,
      "incr_op_margin_yoy": 0.5864581407465923,
      "rev_growth_yoy": 3.626649599219774,
      "rev_growth_yoy_accel": 3.338615050095237,
      "op_leverage_ratio": 21.104325235447362,
      "fcf_margin_change": 2.8268317649042216
    },
    {
      "date": "2022-06-30T00:00:00",
      "quarter_label": "2022-06 (Q2)",
      "revenue": 32412000,
      "gross_profit": null,
      "operating_income": -72909000,
      "net_income": -72046000,
      "opex": 105321000,
      "cogs": null,
      "rd": null,
      "sga": null,
      "fcf": -78351000,
      "ocf": -68815000,
      "capex": -9536000,
      "gross_margin": null,
      "op_margin": -2.2494446501295817,
      "fcf_margin": -2.4173454276194004,
      "incr_op_margin_yoy": 3.0448104458787744,
      "rev_growth_yoy": -0.2937177224292345,
      "rev_growth_yoy_accel": -3.9203673216490085,
      "fcf_margin_change": -2.7992630192665793
    },
    {
      "date": "2022-09-30T00:00:00",
      "quarter_label": "2022-09 (Q3)",
      "revenue": 31575000,
      "gross_profit": null,
      "operating_income": -83830000,
      "net_income": -85511000,
      "opex": 115405000,
      "cogs": null,
      "rd": null,
      "sga": null,
      "fcf": -101448000,
      "ocf": -68737000,
      "capex": -32711000,
      "gross_margin": null,
      "op_margin": -2.654948535233571,
      "fcf_margin": -3.2129216152019002,
      "incr_op_margin_yoy": 2.8245378652355395,
      "rev_growth_yoy": -0.17522137763498158,
      "rev_growth_yoy_accel": 0.11849634479425292,
      "fcf_margin_change": -0.7955761875824998
    },
    {
      "date": "2022-12-31T00:00:00",
      "quarter_label": "2022-12 (Q4)",
      "revenue": 62546000,
      "gross_profit": null,
      "operating_income": -42134000,
      "net_income": -41325000,
      "opex": 104680000,
      "cogs": null,
      "rd": null,
      "sga": null,
      "fcf": -114427000,
      "ocf": -75516000,
      "capex": -38911000,
      "gross_margin": null,
      "op_margin": -0.6736481949285326,
      "fcf_margin": -1.8294854986729767,
      "incr_op_margin_yoy": 0.6034978779160851,
      "rev_growth_yoy": 1.279456248405554,
      "rev_growth_yoy_accel": 1.4546776260405356,
      "op_leverage_ratio": Infinity,
      "fcf_margin_change": 1.3834361165289235
    },
    {
      "date": "2023-03-31T00:00:00",
      "quarter_label": "2023-03 (Q1)",
      "revenue": 146267000,
      "gross_profit": null,
      "operating_income": 48165000,
      "net_income": 48675000,
      "opex": 98102000,
      "cogs": null,
      "rd": null,
      "sga": null,
      "fcf": -58985000,
      "ocf": -31671000,
      "capex": -27314000,
      "gross_margin": null,
      "op_margin": 0.3292950563011479,
      "fcf_margin": -0.4032693635611587,
      "incr_op_margin_yoy": -1.1939328277356447,
      "rev_growth_yoy": -0.03648101182437996,
      "rev_growth_yoy_accel": -1.315937260229934,
      "op_leverage_ratio": Infinity,
      "fcf_margin_change": 1.4262161351118179
    },
    {
      "date": "2023-06-30T00:00:00",
      "quarter_label": "2023-06 (Q2)",
      "revenue": 15825000,
      "gross_profit": null,
      "operating_income": -102703000,
      "net_income": -102946000,
      "opex": 118528000,
      "cogs": null,
      "rd": null,
      "sga": null,
      "fcf": -67382000,
      "ocf": -20777000,
      "capex": -46605000,
      "gross_margin": null,
      "op_margin": -6.489921011058452,
      "fcf_margin": -4.257946287519747,
      "incr_op_margin_yoy": 1.7962259600892265,
      "rev_growth_yoy": -0.5117549055905221,
      "rev_growth_yoy_accel": -0.4752738937661421,
      "fcf_margin_change": -3.8546769239585883
    },
    {
      "date": "2023-09-30T00:00:00",
      "quarter_label": "2023-09 (Q3)",
      "revenue": 16097000,
      "gross_profit": null,
      "operating_income": -108330000,
      "net_income": -109679000,
      "opex": 124427000,
      "cogs": null,
      "rd": null,
      "sga": null,
      "fcf": -89833000,
      "ocf": -25926000,
      "capex": -63907000,
      "gross_margin": null,
      "op_margin": -6.7298254333105545,
      "fcf_margin": -5.580729328446294,
      "incr_op_margin_yoy": 1.5828918464917947,
      "rev_growth_yoy": -0.4901979414093428,
      "rev_growth_yoy_accel": 0.02155696418117925,
      "op_leverage_ratio": 0.3453565884061534,
      "fcf_margin_change": -1.3227830409265469
    },
    {
      "date": "2023-12-31T00:00:00",
      "quarter_label": "2023-12 (Q4)",
      "revenue": 3551000,
      "gross_profit": null,
      "operating_income": -136545000,
      "net_income": -132864000,
      "opex": 140096000,
      "cogs": null,
      "rd": null,
      "sga": null,
      "fcf": -186496000,
      "ocf": -117840000,
      "capex": -68656000,
      "gross_margin": null,
      "op_margin": -38.45254857786539,
      "fcf_margin": -52.51929034074909,
      "incr_op_margin_yoy": 1.6003220611916265,
      "rev_growth_yoy": -0.9432257858216353,
      "rev_growth_yoy_accel": -0.4530278444122925,
      "fcf_margin_change": -46.93856101230279
    },
    {
      "date": "2024-03-31T00:00:00",
      "quarter_label": "2024-03 (Q1)",
      "revenue": 0,
      "gross_profit": null,
      "operating_income": -126191000,
      "net_income": -125300000,
      "opex": 126191000,
      "cogs": null,
      "rd": null,
      "sga": null,
      "fcf": -126452000,
      "ocf": -92377000,
      "capex": -34075000,
      "gross_margin": null,
      "op_margin": null,
      "fcf_margin": null,
      "incr_op_margin_yoy": 1.192039215954385,
      "rev_growth_yoy": -1.0,
      "rev_growth_yoy_accel": -0.0567742141783647
    },
    {
      "date": "2024-06-30T00:00:00",
      "quarter_label": "2024-06 (Q2)",
      "revenue": 0,
      "gross_profit": null,
      "operating_income": -176141000,
      "net_income": -170793000,
      "opex": 176141000,
      "cogs": null,
      "rd": null,
      "sga": null,
      "fcf": -129867000,
      "ocf": -115418000,
      "capex": -14449000,
      "gross_margin": null,
      "op_margin": null,
      "fcf_margin": null,
      "incr_op_margin_yoy": 4.6406319115323855,
      "rev_growth_yoy": -1.0,
      "rev_growth_yoy_accel": 0.0
    },
    {
      "date": "2024-09-30T00:00:00",
      "quarter_label": "2024-09 (Q3)",
      "revenue": 0,
      "gross_profit": null,
      "operating_income": -162203000,
      "net_income": -170536000,
      "opex": 162203000,
      "cogs": null,
      "rd": null,
      "sga": null,
      "fcf": -161505000,
      "ocf": -137216000,
      "capex": -24289000,
      "gross_margin": null,
      "op_margin": null,
      "fcf_margin": null,
      "incr_op_margin_yoy": 3.346772690563459,
      "rev_growth_yoy": -1.0,
      "rev_growth_yoy_accel": 0.0
    },
    {
      "date": "2024-12-31T00:00:00",
      "quarter_label": "2024-12 (Q4)",
      "revenue": 2500000,
      "gross_profit": null,
      "operating_income": -161412000,
      "net_income": -173085000,
      "opex": 163912000,
      "cogs": null,
      "rd": null,
      "sga": null,
      "fcf": -153788000,
      "ocf": -146272000,
      "capex": -7516000,
      "gross_margin": null,
      "op_margin": -64.5648,
      "fcf_margin": -61.5152,
      "incr_op_margin_yoy": 23.66032350142721,
      "rev_growth_yoy": -0.2959729653618699,
      "rev_growth_yoy_accel": 0.7040270346381301
    },
    {
      "date": "2025-03-31T00:00:00",
      "quarter_label": "2025-03 (Q1)",
      "revenue": 542709000,
      "gross_profit": null,
      "operating_income": 381202000,
      "net_income": 370445000,
      "opex": 161507000,
      "cogs": null,
      "rd": null,
      "sga": null,
      "fcf": 454756000,
      "ocf": 460053000,
      "capex": -5297000,
      "gross_margin": null,
      "op_margin": 0.702405893397751,
      "fcf_margin": 0.8379370896742084,
      "incr_op_margin_yoy": 0.9349264522976402,
      "op_leverage_ratio": Infinity,
      "fcf_margin_change": 62.353137089674206
    },
    {
      "date": "2025-06-30T00:00:00",
      "quarter_label": "2025-06 (Q2)",
      "revenue": 27767000,
      "gross_profit": null,
      "operating_income": -165550000,
      "net_income": -175241000,
      "opex": 193317000,
      "cogs": null,
      "rd": null,
      "sga": null,
      "fcf": -157084000,
      "ocf": -154720000,
      "capex": -2364000,
      "gross_margin": null,
      "op_margin": -5.962113299960385,
      "fcf_margin": -5.657219000972377,
      "incr_op_margin_yoy": 0.38142399250909353,
      "fcf_margin_change": -6.495156090646586
    },
    {
      "date": "2025-09-30T00:00:00",
      "quarter_label": "2025-09 (Q3)",
      "revenue": 256472000,
      "gross_profit": null,
      "operating_income": 44106000,
      "net_income": -23750000,
      "opex": 212366000,
      "cogs": null,
      "rd": null,
      "sga": null,
      "fcf": 13002000,
      "ocf": 20491000,
      "capex": -7489000,
      "gross_margin": null,
      "op_margin": 0.17197198914501388,
      "fcf_margin": 0.05069559250132568,
      "incr_op_margin_yoy": 0.8044113977354254,
      "op_leverage_ratio": 83.58812128024778,
      "fcf_margin_change": 5.707914593473703
    }
  ],
  "signals": [
    {
      "quarter": "2025-09 (Q3)",
      "signal": "FCF TURNED POSITIVE",
      "detail": "FCF margin: -565.7% -> +5.1%",
      "severity": "HIGH"
    },
    {
      "quarter": "2025-09 (Q3)",
      "signal": "OPERATING LEVERAGE",
      "detail": "Rev growth +823.7% vs OpEx growth +9.9% (leverage: 83.6x)",
      "severity": "MEDIUM"
    },
    {
      "quarter": "2025-09 (Q3)",
      "signal": "OP MARGIN TURNED POSITIVE (QoQ)",
      "detail": "Op margin: -596.2% -> +17.2%",
      "severity": "HIGH"
    },
    {
      "quarter": "2025-03 (Q1)",
      "signal": "FCF TURNED POSITIVE",
      "detail": "FCF margin: -6151.5% -> +83.8%",
      "severity": "HIGH"
    },
    {
      "quarter": "2025-03 (Q1)",
      "signal": "OP MARGIN TURNED POSITIVE (QoQ)",
      "detail": "Op margin: -6456.5% -> +70.2%",
      "severity": "HIGH"
    },
    {
      "quarter": "2024-12 (Q4)",
      "signal": "YoY REVENUE GROWTH ACCELERATION",
      "detail": "YoY growth: -29.6% vs prior quarter YoY: -100.0% (accel: +70.4%)",
      "severity": "HIGH"
    },
    {
      "quarter": "2024-03 (Q1)",
      "signal": "YoY REVENUE GROWTH DECELERATION",
      "detail": "YoY growth: -100.0% vs prior quarter YoY: -94.3% (decel: -5.7%)",
      "severity": "WARNING"
    },
    {
      "quarter": "2023-12 (Q4)",
      "signal": "YoY REVENUE GROWTH DECELERATION",
      "detail": "YoY growth: -94.3% vs prior quarter YoY: -49.0% (decel: -45.3%)",
      "severity": "WARNING"
    },
    {
      "quarter": "2023-06 (Q2)",
      "signal": "YoY REVENUE GROWTH DECELERATION",
      "detail": "YoY growth: -51.2% vs prior quarter YoY: -3.6% (decel: -47.5%)",
      "severity": "WARNING"
    },
    {
      "quarter": "2023-03 (Q1)",
      "signal": "FCF MARGIN EXPANSION",
      "detail": "FCF margin: -182.9% -> -40.3% (+142.6%)",
      "severity": "MEDIUM"
    },
    {
      "quarter": "2023-03 (Q1)",
      "signal": "YoY REVENUE GROWTH DECELERATION",
      "detail": "YoY growth: -3.6% vs prior quarter YoY: +127.9% (decel: -131.6%)",
      "severity": "WARNING"
    },
    {
      "quarter": "2023-03 (Q1)",
      "signal": "OP MARGIN TURNED POSITIVE (QoQ)",
      "detail": "Op margin: -67.4% -> +32.9%",
      "severity": "HIGH"
    },
    {
      "quarter": "2022-12 (Q4)",
      "signal": "FCF MARGIN EXPANSION",
      "detail": "FCF margin: -321.3% -> -182.9% (+138.3%)",
      "severity": "MEDIUM"
    },
    {
      "quarter": "2022-12 (Q4)",
      "signal": "YoY REVENUE GROWTH ACCELERATION",
      "detail": "YoY growth: +127.9% vs prior quarter YoY: -17.5% (accel: +145.5%)",
      "severity": "HIGH"
    },
    {
      "quarter": "2022-09 (Q3)",
      "signal": "YoY REVENUE GROWTH ACCELERATION",
      "detail": "YoY growth: -17.5% vs prior quarter YoY: -29.4% (accel: +11.8%)",
      "severity": "MEDIUM"
    },
    {
      "quarter": "2022-06 (Q2)",
      "signal": "YoY REVENUE GROWTH DECELERATION",
      "detail": "YoY growth: -29.4% vs prior quarter YoY: +362.7% (decel: -392.0%)",
      "severity": "WARNING"
    },
    {
      "quarter": "2022-03 (Q1)",
      "signal": "FCF TURNED POSITIVE",
      "detail": "FCF margin: -244.5% -> +38.2%",
      "severity": "HIGH"
    },
    {
      "quarter": "2022-03 (Q1)",
      "signal": "OPERATING LEVERAGE",
      "detail": "Rev growth +453.2% vs OpEx growth +21.5% (leverage: 21.1x)",
      "severity": "MEDIUM"
    },
    {
      "quarter": "2022-03 (Q1)",
      "signal": "YoY REVENUE GROWTH ACCELERATION",
      "detail": "YoY growth: +362.7% vs prior quarter YoY: +28.8% (accel: +333.9%)",
      "severity": "HIGH"
    },
    {
      "quarter": "2022-03 (Q1)",
      "signal": "OP MARGIN TURNED POSITIVE (YoY)",
      "detail": "Op margin: -86.0% (year-ago) -> +27.4%",
      "severity": "HIGH"
    },
    {
      "quarter": "2022-03 (Q1)",
      "signal": "OP MARGIN TURNED POSITIVE (QoQ)",
      "detail": "Op margin: -230.8% -> +27.4%",
      "severity": "HIGH"
    },
    {
      "quarter": "2021-03 (Q1)",
      "signal": "FCF TURNED POSITIVE",
      "detail": "FCF margin: -202.8% -> +782.4%",
      "severity": "HIGH"
    },
    {
      "quarter": "2021-03 (Q1)",
      "signal": "OPERATING LEVERAGE",
      "detail": "Rev growth +54.0% vs OpEx growth +34.6% (leverage: 1.6x)",
      "severity": "MEDIUM"
    }
  ],
  "data_quality": {
    "n_quarters": 20,
    "coverage": {
      "revenue": [
        20,
        20
      ],
      "gross_profit": [
        0,
        20
      ],
      "op_income": [
        20,
        20
      ],
      "fcf": [
        20,
        20
      ]
    },
    "gaps": [],
    "warnings": [
      "gross_profit: no data"
    ]
  },
  "market_cap": null,
  "source": "SEC EDGAR",
  "last_updated": "2026-02-02T20:41:06.341760"
}