{
  "ticker": "ASB-PF",
  "name": "Associated Banc-Corp",
  "quarters": [
    {
      "date": "2019-12-31T00:00:00",
      "quarter_label": "2019-12 (Q4)",
      "revenue": 293076000,
      "gross_profit": null,
      "operating_income": null,
      "net_income": null,
      "opex": null,
      "cogs": null,
      "rd": null,
      "sga": null,
      "fcf": null,
      "ocf": null,
      "capex": null,
      "gross_margin": null,
      "op_margin": null,
      "fcf_margin": null
    },
    {
      "date": "2020-03-31T00:00:00",
      "quarter_label": "2020-03 (Q1)",
      "revenue": 301248000,
      "gross_profit": null,
      "operating_income": null,
      "net_income": null,
      "opex": null,
      "cogs": null,
      "rd": null,
      "sga": null,
      "fcf": null,
      "ocf": null,
      "capex": null,
      "gross_margin": null,
      "op_margin": null,
      "fcf_margin": null
    },
    {
      "date": "2020-06-30T00:00:00",
      "quarter_label": "2020-06 (Q2)",
      "revenue": 444362000,
      "gross_profit": null,
      "operating_income": null,
      "net_income": null,
      "opex": null,
      "cogs": null,
      "rd": null,
      "sga": null,
      "fcf": null,
      "ocf": null,
      "capex": null,
      "gross_margin": null,
      "op_margin": null,
      "fcf_margin": null
    },
    {
      "date": "2020-09-30T00:00:00",
      "quarter_label": "2020-09 (Q3)",
      "revenue": 257695000,
      "gross_profit": null,
      "operating_income": null,
      "net_income": null,
      "opex": null,
      "cogs": null,
      "rd": null,
      "sga": null,
      "fcf": null,
      "ocf": null,
      "capex": null,
      "gross_margin": null,
      "op_margin": null,
      "fcf_margin": null
    },
    {
      "date": "2020-12-31T00:00:00",
      "quarter_label": "2020-12 (Q4)",
      "revenue": 273707000,
      "gross_profit": null,
      "operating_income": null,
      "net_income": 67002000,
      "opex": null,
      "cogs": null,
      "rd": null,
      "sga": null,
      "fcf": 126960000,
      "ocf": 126960000,
      "capex": null,
      "gross_margin": null,
      "op_margin": null,
      "fcf_margin": 0.4638536829529387,
      "rev_growth_yoy": -0.06608865959682812
    },
    {
      "date": "2021-03-31T00:00:00",
      "quarter_label": "2021-03 (Q1)",
      "revenue": 271245000,
      "gross_profit": null,
      "operating_income": null,
      "net_income": 94301000,
      "opex": null,
      "cogs": null,
      "rd": null,
      "sga": null,
      "fcf": 157768000,
      "ocf": 157768000,
      "capex": null,
      "gross_margin": null,
      "op_margin": null,
      "fcf_margin": 0.5816439012700695,
      "rev_growth_yoy": -0.09959568196303378,
      "rev_growth_yoy_accel": -0.03350702236620566,
      "fcf_margin_change": 0.11779021831713077
    },
    {
      "date": "2021-06-30T00:00:00",
      "quarter_label": "2021-06 (Q2)",
      "revenue": 252957000,
      "gross_profit": null,
      "operating_income": null,
      "net_income": 91007000,
      "opex": null,
      "cogs": null,
      "rd": null,
      "sga": null,
      "fcf": 72434000,
      "ocf": 72434000,
      "capex": null,
      "gross_margin": null,
      "op_margin": null,
      "fcf_margin": 0.28634906327952975,
      "rev_growth_yoy": -0.43074115248378575,
      "rev_growth_yoy_accel": -0.33114547052075194,
      "fcf_margin_change": -0.29529483799053974
    },
    {
      "date": "2021-09-30T00:00:00",
      "quarter_label": "2021-09 (Q3)",
      "revenue": 265752000,
      "gross_profit": null,
      "operating_income": null,
      "net_income": 88809000,
      "opex": null,
      "cogs": null,
      "rd": null,
      "sga": null,
      "fcf": 133939000,
      "ocf": 133939000,
      "capex": null,
      "gross_margin": null,
      "op_margin": null,
      "fcf_margin": 0.5039999698967459,
      "rev_growth_yoy": 0.031265643493276936,
      "rev_growth_yoy_accel": 0.4620067959770627,
      "fcf_margin_change": 0.21765090661721614
    },
    {
      "date": "2021-12-31T00:00:00",
      "quarter_label": "2021-12 (Q4)",
      "revenue": 268265000,
      "gross_profit": null,
      "operating_income": null,
      "net_income": 76877000,
      "opex": null,
      "cogs": null,
      "rd": null,
      "sga": null,
      "fcf": 165410000,
      "ocf": 165410000,
      "capex": null,
      "gross_margin": null,
      "op_margin": null,
      "fcf_margin": 0.6165918028814792,
      "rev_growth_yoy": -0.019882575162491277,
      "rev_growth_yoy_accel": -0.05114821865576821,
      "fcf_margin_change": 0.1125918329847333
    },
    {
      "date": "2022-03-31T00:00:00",
      "quarter_label": "2022-03 (Q1)",
      "revenue": 262214000,
      "gross_profit": null,
      "operating_income": null,
      "net_income": 74262000,
      "opex": null,
      "cogs": null,
      "rd": null,
      "sga": null,
      "fcf": 246119000,
      "ocf": 246119000,
      "capex": null,
      "gross_margin": null,
      "op_margin": null,
      "fcf_margin": 0.9386188380483117,
      "rev_growth_yoy": -0.03329462294235838,
      "rev_growth_yoy_accel": -0.013412047779867105,
      "fcf_margin_change": 0.3220270351668325
    },
    {
      "date": "2022-06-30T00:00:00",
      "quarter_label": "2022-06 (Q2)",
      "revenue": 291604000,
      "gross_profit": null,
      "operating_income": null,
      "net_income": 86824000,
      "opex": null,
      "cogs": null,
      "rd": null,
      "sga": null,
      "fcf": 242920000,
      "ocf": 242920000,
      "capex": null,
      "gross_margin": null,
      "op_margin": null,
      "fcf_margin": 0.8330475576466715,
      "rev_growth_yoy": 0.152780907426954,
      "rev_growth_yoy_accel": 0.18607553036931238,
      "fcf_margin_change": -0.10557128040164021
    },
    {
      "date": "2022-09-30T00:00:00",
      "quarter_label": "2022-09 (Q3)",
      "revenue": 335227000,
      "gross_profit": null,
      "operating_income": null,
      "net_income": 96275000,
      "opex": null,
      "cogs": null,
      "rd": null,
      "sga": null,
      "fcf": 233291000,
      "ocf": 233291000,
      "capex": null,
      "gross_margin": null,
      "op_margin": null,
      "fcf_margin": 0.6959194814260188,
      "rev_growth_yoy": 0.2614279478611638,
      "rev_growth_yoy_accel": 0.10864704043420981,
      "fcf_margin_change": -0.1371280762206527
    },
    {
      "date": "2022-12-31T00:00:00",
      "quarter_label": "2022-12 (Q4)",
      "revenue": 350646000,
      "gross_profit": null,
      "operating_income": null,
      "net_income": 108762000,
      "opex": null,
      "cogs": null,
      "rd": null,
      "sga": null,
      "fcf": 124236000,
      "ocf": 124236000,
      "capex": null,
      "gross_margin": null,
      "op_margin": null,
      "fcf_margin": 0.3543060522578327,
      "rev_growth_yoy": 0.3070881404581291,
      "rev_growth_yoy_accel": 0.0456601925969653,
      "fcf_margin_change": -0.3416134291681861
    },
    {
      "date": "2023-03-31T00:00:00",
      "quarter_label": "2023-03 (Q1)",
      "revenue": 336083000,
      "gross_profit": null,
      "operating_income": null,
      "net_income": 103360000,
      "opex": null,
      "cogs": null,
      "rd": null,
      "sga": null,
      "fcf": 47470000,
      "ocf": 47470000,
      "capex": null,
      "gross_margin": null,
      "op_margin": null,
      "fcf_margin": 0.1412448710586373,
      "rev_growth_yoy": 0.2817126469219798,
      "rev_growth_yoy_accel": -0.02537549353614932,
      "fcf_margin_change": -0.21306118119919537
    },
    {
      "date": "2023-06-30T00:00:00",
      "quarter_label": "2023-06 (Q2)",
      "revenue": 323460000,
      "gross_profit": null,
      "operating_income": null,
      "net_income": 87154000,
      "opex": null,
      "cogs": null,
      "rd": null,
      "sga": null,
      "fcf": 131301000,
      "ocf": 131301000,
      "capex": null,
      "gross_margin": null,
      "op_margin": null,
      "fcf_margin": 0.40592654424040064,
      "rev_growth_yoy": 0.10924404329158723,
      "rev_growth_yoy_accel": -0.17246860363039257,
      "fcf_margin_change": 0.26468167318176333
    },
    {
      "date": "2023-09-30T00:00:00",
      "quarter_label": "2023-09 (Q3)",
      "revenue": 320823000,
      "gross_profit": null,
      "operating_income": null,
      "net_income": 83248000,
      "opex": null,
      "cogs": null,
      "rd": null,
      "sga": null,
      "fcf": 199339000,
      "ocf": 199339000,
      "capex": null,
      "gross_margin": null,
      "op_margin": null,
      "fcf_margin": 0.6213363755092371,
      "rev_growth_yoy": -0.042967899363714736,
      "rev_growth_yoy_accel": -0.15221194265530197,
      "fcf_margin_change": 0.2154098312688365
    },
    {
      "date": "2023-12-31T00:00:00",
      "quarter_label": "2023-12 (Q4)",
      "revenue": 122390000,
      "gross_profit": null,
      "operating_income": null,
      "net_income": -90806000,
      "opex": null,
      "cogs": null,
      "rd": null,
      "sga": null,
      "fcf": 64630000,
      "ocf": 64630000,
      "capex": null,
      "gross_margin": null,
      "op_margin": null,
      "fcf_margin": 0.5280660184655609,
      "rev_growth_yoy": -0.6509585165665657,
      "rev_growth_yoy_accel": -0.607990617202851,
      "fcf_margin_change": -0.09327035704367626
    },
    {
      "date": "2024-03-31T00:00:00",
      "quarter_label": "2024-03 (Q1)",
      "revenue": 322842000,
      "gross_profit": null,
      "operating_income": null,
      "net_income": 81169000,
      "opex": null,
      "cogs": null,
      "rd": null,
      "sga": null,
      "fcf": 154500000,
      "ocf": 154500000,
      "capex": null,
      "gross_margin": null,
      "op_margin": null,
      "fcf_margin": 0.4785622688497779,
      "rev_growth_yoy": -0.03939800584974545,
      "rev_growth_yoy_accel": 0.6115605107168203,
      "fcf_margin_change": -0.049503749615782966
    },
    {
      "date": "2024-06-30T00:00:00",
      "quarter_label": "2024-06 (Q2)",
      "revenue": 321752000,
      "gross_profit": null,
      "operating_income": null,
      "net_income": 115573000,
      "opex": null,
      "cogs": null,
      "rd": null,
      "sga": null,
      "fcf": 113496000,
      "ocf": 113496000,
      "capex": null,
      "gross_margin": null,
      "op_margin": null,
      "fcf_margin": 0.3527437280887143,
      "rev_growth_yoy": -0.005280405614295431,
      "rev_growth_yoy_accel": 0.03411760023545002,
      "fcf_margin_change": -0.12581854076106364
    },
    {
      "date": "2024-09-30T00:00:00",
      "quarter_label": "2024-09 (Q3)",
      "revenue": 329730000,
      "gross_profit": null,
      "operating_income": null,
      "net_income": 88018000,
      "opex": null,
      "cogs": null,
      "rd": null,
      "sga": null,
      "fcf": 105124000,
      "ocf": 105124000,
      "capex": null,
      "gross_margin": null,
      "op_margin": null,
      "fcf_margin": 0.3188184271980105,
      "rev_growth_yoy": 0.027762972106114586,
      "rev_growth_yoy_accel": 0.033043377720410015,
      "fcf_margin_change": -0.03392530089070378
    }
  ],
  "signals": [
    {
      "quarter": "2024-03 (Q1)",
      "signal": "YoY REVENUE GROWTH ACCELERATION",
      "detail": "YoY growth: -3.9% vs prior quarter YoY: -65.1% (accel: +61.2%)",
      "severity": "HIGH"
    },
    {
      "quarter": "2023-12 (Q4)",
      "signal": "YoY REVENUE GROWTH DECELERATION",
      "detail": "YoY growth: -65.1% vs prior quarter YoY: -4.3% (decel: -60.8%)",
      "severity": "WARNING"
    },
    {
      "quarter": "2023-09 (Q3)",
      "signal": "FCF MARGIN EXPANSION",
      "detail": "FCF margin: +40.6% -> +62.1% (+21.5%)",
      "severity": "MEDIUM"
    },
    {
      "quarter": "2023-09 (Q3)",
      "signal": "YoY REVENUE GROWTH DECELERATION",
      "detail": "YoY growth: -4.3% vs prior quarter YoY: +10.9% (decel: -15.2%)",
      "severity": "WARNING"
    },
    {
      "quarter": "2023-06 (Q2)",
      "signal": "FCF MARGIN EXPANSION",
      "detail": "FCF margin: +14.1% -> +40.6% (+26.5%)",
      "severity": "MEDIUM"
    },
    {
      "quarter": "2023-06 (Q2)",
      "signal": "YoY REVENUE GROWTH DECELERATION",
      "detail": "YoY growth: +10.9% vs prior quarter YoY: +28.2% (decel: -17.2%)",
      "severity": "WARNING"
    },
    {
      "quarter": "2022-09 (Q3)",
      "signal": "YoY REVENUE GROWTH ACCELERATION",
      "detail": "YoY growth: +26.1% vs prior quarter YoY: +15.3% (accel: +10.9%)",
      "severity": "MEDIUM"
    },
    {
      "quarter": "2022-06 (Q2)",
      "signal": "YoY REVENUE GROWTH ACCELERATION",
      "detail": "YoY growth: +15.3% vs prior quarter YoY: -3.3% (accel: +18.6%)",
      "severity": "HIGH"
    },
    {
      "quarter": "2022-03 (Q1)",
      "signal": "FCF MARGIN EXPANSION",
      "detail": "FCF margin: +61.7% -> +93.9% (+32.2%)",
      "severity": "MEDIUM"
    },
    {
      "quarter": "2021-12 (Q4)",
      "signal": "FCF MARGIN EXPANSION",
      "detail": "FCF margin: +50.4% -> +61.7% (+11.3%)",
      "severity": "MEDIUM"
    },
    {
      "quarter": "2021-12 (Q4)",
      "signal": "YoY REVENUE GROWTH DECELERATION",
      "detail": "YoY growth: -2.0% vs prior quarter YoY: +3.1% (decel: -5.1%)",
      "severity": "WARNING"
    },
    {
      "quarter": "2021-09 (Q3)",
      "signal": "FCF MARGIN EXPANSION",
      "detail": "FCF margin: +28.6% -> +50.4% (+21.8%)",
      "severity": "MEDIUM"
    },
    {
      "quarter": "2021-09 (Q3)",
      "signal": "YoY REVENUE GROWTH ACCELERATION",
      "detail": "YoY growth: +3.1% vs prior quarter YoY: -43.1% (accel: +46.2%)",
      "severity": "HIGH"
    },
    {
      "quarter": "2021-06 (Q2)",
      "signal": "YoY REVENUE GROWTH DECELERATION",
      "detail": "YoY growth: -43.1% vs prior quarter YoY: -10.0% (decel: -33.1%)",
      "severity": "WARNING"
    },
    {
      "quarter": "2021-03 (Q1)",
      "signal": "FCF MARGIN EXPANSION",
      "detail": "FCF margin: +46.4% -> +58.2% (+11.8%)",
      "severity": "MEDIUM"
    }
  ],
  "data_quality": {
    "n_quarters": 20,
    "coverage": {
      "revenue": [
        20,
        20
      ],
      "gross_profit": [
        0,
        20
      ],
      "op_income": [
        0,
        20
      ],
      "fcf": [
        16,
        20
      ]
    },
    "gaps": [],
    "warnings": [
      "gross_profit: no data",
      "op_income: no data"
    ]
  },
  "market_cap": null,
  "source": "SEC EDGAR",
  "last_updated": "2026-02-03T01:08:07.512252",
  "sector": "Financial Services",
  "industry": "Banks - Regional"
}