{
  "ticker": "ASC",
  "name": "Ardmore Shipping Corp",
  "quarters": [
    {
      "date": "2020-12-31T00:00:00",
      "quarter_label": "2020-12 (Q4)",
      "revenue": 41725326,
      "gross_profit": null,
      "operating_income": null,
      "net_income": -19515402,
      "opex": null,
      "cogs": null,
      "rd": null,
      "sga": null,
      "fcf": -821954,
      "ocf": -821954,
      "capex": null,
      "gross_margin": null,
      "op_margin": null,
      "fcf_margin": -0.019699163045484653
    },
    {
      "date": "2021-03-31T00:00:00",
      "quarter_label": "2021-03 (Q1)",
      "revenue": 45551320,
      "gross_profit": null,
      "operating_income": null,
      "net_income": -8496463,
      "opex": null,
      "cogs": null,
      "rd": null,
      "sga": null,
      "fcf": -1111,
      "ocf": -1111,
      "capex": null,
      "gross_margin": null,
      "op_margin": null,
      "fcf_margin": -2.4390072559917034e-05,
      "fcf_margin_change": 0.019674772972924737
    },
    {
      "date": "2021-06-30T00:00:00",
      "quarter_label": "2021-06 (Q2)",
      "revenue": 47274052,
      "gross_profit": null,
      "operating_income": null,
      "net_income": -8125568,
      "opex": null,
      "cogs": null,
      "rd": null,
      "sga": null,
      "fcf": 318111,
      "ocf": 318111,
      "capex": null,
      "gross_margin": null,
      "op_margin": null,
      "fcf_margin": 0.006729082584247274,
      "fcf_margin_change": 0.006753472656807191
    },
    {
      "date": "2021-09-30T00:00:00",
      "quarter_label": "2021-09 (Q3)",
      "revenue": 47199860,
      "gross_profit": null,
      "operating_income": null,
      "net_income": -12294537,
      "opex": null,
      "cogs": null,
      "rd": null,
      "sga": null,
      "fcf": -2564000,
      "ocf": -2564000,
      "capex": null,
      "gross_margin": null,
      "op_margin": null,
      "fcf_margin": -0.054322195023459814,
      "fcf_margin_change": -0.06105127760770709
    },
    {
      "date": "2021-12-31T00:00:00",
      "quarter_label": "2021-12 (Q4)",
      "revenue": 52459069,
      "gross_profit": null,
      "operating_income": null,
      "net_income": -7916075,
      "opex": null,
      "cogs": null,
      "rd": null,
      "sga": null,
      "fcf": -638000,
      "ocf": -638000,
      "capex": null,
      "gross_margin": null,
      "op_margin": null,
      "fcf_margin": -0.012161862803931956,
      "rev_growth_yoy": 0.25724767255263625,
      "fcf_margin_change": 0.042160332219527856
    },
    {
      "date": "2022-03-31T00:00:00",
      "quarter_label": "2022-03 (Q1)",
      "revenue": 63368,
      "gross_profit": null,
      "operating_income": null,
      "net_income": -7002,
      "opex": null,
      "cogs": null,
      "rd": null,
      "sga": null,
      "fcf": -5673000,
      "ocf": -5673000,
      "capex": null,
      "gross_margin": null,
      "op_margin": null,
      "fcf_margin": -89.52468122711778,
      "rev_growth_yoy": -0.9986088657803989,
      "rev_growth_yoy_accel": -1.2558565383330351,
      "fcf_margin_change": -89.51251936431385
    },
    {
      "date": "2022-06-30T00:00:00",
      "quarter_label": "2022-06 (Q2)",
      "revenue": 107125000,
      "gross_profit": null,
      "operating_income": null,
      "net_income": 29687000,
      "opex": null,
      "cogs": null,
      "rd": null,
      "sga": null,
      "fcf": 14546000,
      "ocf": 14546000,
      "capex": null,
      "gross_margin": null,
      "op_margin": null,
      "fcf_margin": 0.1357852975495916,
      "rev_growth_yoy": 1.266042267753989,
      "rev_growth_yoy_accel": 2.2646511335343877,
      "fcf_margin_change": 89.66046652466737
    },
    {
      "date": "2022-09-30T00:00:00",
      "quarter_label": "2022-09 (Q3)",
      "revenue": 142417000,
      "gross_profit": null,
      "operating_income": null,
      "net_income": 61832000,
      "opex": null,
      "cogs": null,
      "rd": null,
      "sga": null,
      "fcf": 54593000,
      "ocf": 54593000,
      "capex": null,
      "gross_margin": null,
      "op_margin": null,
      "fcf_margin": 0.38333204603383025,
      "rev_growth_yoy": 2.017318271706738,
      "rev_growth_yoy_accel": 0.7512760039527488,
      "fcf_margin_change": 0.24754674848423866
    },
    {
      "date": "2022-12-31T00:00:00",
      "quarter_label": "2022-12 (Q4)",
      "revenue": 132831000,
      "gross_profit": null,
      "operating_income": null,
      "net_income": 53936000,
      "opex": null,
      "cogs": null,
      "rd": null,
      "sga": null,
      "fcf": 60741000,
      "ocf": 60741000,
      "capex": null,
      "gross_margin": null,
      "op_margin": null,
      "fcf_margin": 0.4572803035436005,
      "rev_growth_yoy": 1.532088398290103,
      "rev_growth_yoy_accel": -0.4852298734166349,
      "fcf_margin_change": 0.07394825750977024
    },
    {
      "date": "2023-03-31T00:00:00",
      "quarter_label": "2023-03 (Q1)",
      "revenue": 118233000,
      "gross_profit": null,
      "operating_income": null,
      "net_income": 44090000,
      "opex": null,
      "cogs": null,
      "rd": null,
      "sga": null,
      "fcf": 56822000,
      "ocf": 56822000,
      "capex": null,
      "gross_margin": null,
      "op_margin": null,
      "fcf_margin": 0.48059340454864546,
      "rev_growth_yoy": 1864.8155535917183,
      "rev_growth_yoy_accel": 1863.2834651934281,
      "fcf_margin_change": 0.023313101005044967
    },
    {
      "date": "2023-06-30T00:00:00",
      "quarter_label": "2023-06 (Q2)",
      "revenue": 91927000,
      "gross_profit": null,
      "operating_income": null,
      "net_income": 24507000,
      "opex": null,
      "cogs": null,
      "rd": null,
      "sga": null,
      "fcf": 42077000,
      "ocf": 42077000,
      "capex": null,
      "gross_margin": null,
      "op_margin": null,
      "fcf_margin": 0.4577218880198418,
      "rev_growth_yoy": -0.14187164527421237,
      "rev_growth_yoy_accel": -1864.9574252369925,
      "fcf_margin_change": -0.022871516528803648
    },
    {
      "date": "2023-09-30T00:00:00",
      "quarter_label": "2023-09 (Q3)",
      "revenue": 86940000,
      "gross_profit": null,
      "operating_income": null,
      "net_income": 21203000,
      "opex": null,
      "cogs": null,
      "rd": null,
      "sga": null,
      "fcf": 41967000,
      "ocf": 41967000,
      "capex": null,
      "gross_margin": null,
      "op_margin": null,
      "fcf_margin": 0.48271221532091096,
      "rev_growth_yoy": -0.38953917018333484,
      "rev_growth_yoy_accel": -0.24766752490912247,
      "fcf_margin_change": 0.02499032730106915
    },
    {
      "date": "2023-12-31T00:00:00",
      "quarter_label": "2023-12 (Q4)",
      "revenue": 98879000,
      "gross_profit": null,
      "operating_income": null,
      "net_income": 27009000,
      "opex": null,
      "cogs": null,
      "rd": null,
      "sga": null,
      "fcf": 18743000,
      "ocf": 18743000,
      "capex": null,
      "gross_margin": null,
      "op_margin": null,
      "fcf_margin": 0.1895549105472345,
      "rev_growth_yoy": -0.255602984243136,
      "rev_growth_yoy_accel": 0.13393618594019885,
      "fcf_margin_change": -0.29315730477367646
    },
    {
      "date": "2024-03-31T00:00:00",
      "quarter_label": "2024-03 (Q1)",
      "revenue": 106301000,
      "gross_profit": null,
      "operating_income": null,
      "net_income": 39237000,
      "opex": null,
      "cogs": null,
      "rd": null,
      "sga": null,
      "fcf": 49178000,
      "ocf": 49178000,
      "capex": null,
      "gross_margin": null,
      "op_margin": null,
      "fcf_margin": 0.462629702448707,
      "rev_growth_yoy": -0.10091937107237405,
      "rev_growth_yoy_accel": 0.15468361317076196,
      "fcf_margin_change": 0.2730747919014725
    },
    {
      "date": "2024-06-30T00:00:00",
      "quarter_label": "2024-06 (Q2)",
      "revenue": 121325000,
      "gross_profit": null,
      "operating_income": null,
      "net_income": 62692000,
      "opex": null,
      "cogs": null,
      "rd": null,
      "sga": null,
      "fcf": 48410000,
      "ocf": 48410000,
      "capex": null,
      "gross_margin": null,
      "op_margin": null,
      "fcf_margin": 0.3990109210797445,
      "rev_growth_yoy": 0.31979723041108704,
      "rev_growth_yoy_accel": 0.4207166014834611,
      "fcf_margin_change": -0.06361878136896248
    },
    {
      "date": "2024-09-30T00:00:00",
      "quarter_label": "2024-09 (Q3)",
      "revenue": 96118000,
      "gross_profit": null,
      "operating_income": null,
      "net_income": 24144000,
      "opex": null,
      "cogs": null,
      "rd": null,
      "sga": null,
      "fcf": 39880000,
      "ocf": 39880000,
      "capex": null,
      "gross_margin": null,
      "op_margin": null,
      "fcf_margin": 0.4149066772092636,
      "rev_growth_yoy": 0.10556705774097079,
      "rev_growth_yoy_accel": -0.21423017267011624,
      "fcf_margin_change": 0.0158957561295191
    },
    {
      "date": "2024-12-31T00:00:00",
      "quarter_label": "2024-12 (Q4)",
      "revenue": 82039000,
      "gross_profit": null,
      "operating_income": null,
      "net_income": 6935000,
      "opex": null,
      "cogs": null,
      "rd": null,
      "sga": null,
      "fcf": 22977000,
      "ocf": 22977000,
      "capex": null,
      "gross_margin": null,
      "op_margin": null,
      "fcf_margin": 0.28007411109350433,
      "rev_growth_yoy": -0.17030916574803548,
      "rev_growth_yoy_accel": -0.27587622348900626,
      "fcf_margin_change": -0.13483256611575928
    },
    {
      "date": "2025-03-31T00:00:00",
      "quarter_label": "2025-03 (Q1)",
      "revenue": 73996000,
      "gross_profit": null,
      "operating_income": null,
      "net_income": 6253000,
      "opex": null,
      "cogs": null,
      "rd": null,
      "sga": null,
      "fcf": 26257000,
      "ocf": 26257000,
      "capex": null,
      "gross_margin": null,
      "op_margin": null,
      "fcf_margin": 0.35484350505432727,
      "rev_growth_yoy": -0.30390118625412743,
      "rev_growth_yoy_accel": -0.13359202050609195,
      "fcf_margin_change": 0.07476939396082294
    },
    {
      "date": "2025-06-30T00:00:00",
      "quarter_label": "2025-06 (Q2)",
      "revenue": 72046000,
      "gross_profit": null,
      "operating_income": null,
      "net_income": 9599000,
      "opex": null,
      "cogs": null,
      "rd": null,
      "sga": null,
      "fcf": 11233000,
      "ocf": 11233000,
      "capex": null,
      "gross_margin": null,
      "op_margin": null,
      "fcf_margin": 0.15591427698970103,
      "rev_growth_yoy": -0.4061735009272615,
      "rev_growth_yoy_accel": -0.10227231467313408,
      "fcf_margin_change": -0.19892922806462623
    },
    {
      "date": "2025-09-30T00:00:00",
      "quarter_label": "2025-09 (Q3)",
      "revenue": 81245000,
      "gross_profit": null,
      "operating_income": null,
      "net_income": 12786000,
      "opex": null,
      "cogs": null,
      "rd": null,
      "sga": null,
      "fcf": 17944000,
      "ocf": 17944000,
      "capex": null,
      "gross_margin": null,
      "op_margin": null,
      "fcf_margin": 0.22086282232752785,
      "rev_growth_yoy": -0.15473688591106766,
      "rev_growth_yoy_accel": 0.25143661501619385,
      "fcf_margin_change": 0.06494854533782682
    }
  ],
  "signals": [
    {
      "quarter": "2025-09 (Q3)",
      "signal": "FCF MARGIN EXPANSION",
      "detail": "FCF margin: +15.6% -> +22.1% (+6.5%)",
      "severity": "MEDIUM"
    },
    {
      "quarter": "2025-09 (Q3)",
      "signal": "YoY REVENUE GROWTH ACCELERATION",
      "detail": "YoY growth: -15.5% vs prior quarter YoY: -40.6% (accel: +25.1%)",
      "severity": "HIGH"
    },
    {
      "quarter": "2025-06 (Q2)",
      "signal": "YoY REVENUE GROWTH DECELERATION",
      "detail": "YoY growth: -40.6% vs prior quarter YoY: -30.4% (decel: -10.2%)",
      "severity": "WARNING"
    },
    {
      "quarter": "2025-03 (Q1)",
      "signal": "FCF MARGIN EXPANSION",
      "detail": "FCF margin: +28.0% -> +35.5% (+7.5%)",
      "severity": "MEDIUM"
    },
    {
      "quarter": "2025-03 (Q1)",
      "signal": "YoY REVENUE GROWTH DECELERATION",
      "detail": "YoY growth: -30.4% vs prior quarter YoY: -17.0% (decel: -13.4%)",
      "severity": "WARNING"
    },
    {
      "quarter": "2024-12 (Q4)",
      "signal": "YoY REVENUE GROWTH DECELERATION",
      "detail": "YoY growth: -17.0% vs prior quarter YoY: +10.6% (decel: -27.6%)",
      "severity": "WARNING"
    },
    {
      "quarter": "2024-09 (Q3)",
      "signal": "YoY REVENUE GROWTH DECELERATION",
      "detail": "YoY growth: +10.6% vs prior quarter YoY: +32.0% (decel: -21.4%)",
      "severity": "WARNING"
    },
    {
      "quarter": "2024-06 (Q2)",
      "signal": "YoY REVENUE GROWTH ACCELERATION",
      "detail": "YoY growth: +32.0% vs prior quarter YoY: -10.1% (accel: +42.1%)",
      "severity": "HIGH"
    },
    {
      "quarter": "2024-03 (Q1)",
      "signal": "FCF MARGIN EXPANSION",
      "detail": "FCF margin: +19.0% -> +46.3% (+27.3%)",
      "severity": "MEDIUM"
    },
    {
      "quarter": "2024-03 (Q1)",
      "signal": "YoY REVENUE GROWTH ACCELERATION",
      "detail": "YoY growth: -10.1% vs prior quarter YoY: -25.6% (accel: +15.5%)",
      "severity": "HIGH"
    },
    {
      "quarter": "2023-12 (Q4)",
      "signal": "YoY REVENUE GROWTH ACCELERATION",
      "detail": "YoY growth: -25.6% vs prior quarter YoY: -39.0% (accel: +13.4%)",
      "severity": "MEDIUM"
    },
    {
      "quarter": "2023-09 (Q3)",
      "signal": "YoY REVENUE GROWTH DECELERATION",
      "detail": "YoY growth: -39.0% vs prior quarter YoY: -14.2% (decel: -24.8%)",
      "severity": "WARNING"
    },
    {
      "quarter": "2023-06 (Q2)",
      "signal": "YoY REVENUE GROWTH DECELERATION",
      "detail": "YoY growth: -14.2% vs prior quarter YoY: +186481.6% (decel: -186495.7%)",
      "severity": "WARNING"
    },
    {
      "quarter": "2023-03 (Q1)",
      "signal": "YoY REVENUE GROWTH ACCELERATION",
      "detail": "YoY growth: +186481.6% vs prior quarter YoY: +153.2% (accel: +186328.3%)",
      "severity": "HIGH"
    },
    {
      "quarter": "2022-12 (Q4)",
      "signal": "FCF MARGIN EXPANSION",
      "detail": "FCF margin: +38.3% -> +45.7% (+7.4%)",
      "severity": "MEDIUM"
    },
    {
      "quarter": "2022-12 (Q4)",
      "signal": "YoY REVENUE GROWTH DECELERATION",
      "detail": "YoY growth: +153.2% vs prior quarter YoY: +201.7% (decel: -48.5%)",
      "severity": "WARNING"
    },
    {
      "quarter": "2022-09 (Q3)",
      "signal": "FCF MARGIN EXPANSION",
      "detail": "FCF margin: +13.6% -> +38.3% (+24.8%)",
      "severity": "MEDIUM"
    },
    {
      "quarter": "2022-09 (Q3)",
      "signal": "YoY REVENUE GROWTH ACCELERATION",
      "detail": "YoY growth: +201.7% vs prior quarter YoY: +126.6% (accel: +75.1%)",
      "severity": "HIGH"
    },
    {
      "quarter": "2022-06 (Q2)",
      "signal": "FCF TURNED POSITIVE",
      "detail": "FCF margin: -8952.5% -> +13.6%",
      "severity": "HIGH"
    },
    {
      "quarter": "2022-06 (Q2)",
      "signal": "YoY REVENUE GROWTH ACCELERATION",
      "detail": "YoY growth: +126.6% vs prior quarter YoY: -99.9% (accel: +226.5%)",
      "severity": "HIGH"
    },
    {
      "quarter": "2022-03 (Q1)",
      "signal": "YoY REVENUE GROWTH DECELERATION",
      "detail": "YoY growth: -99.9% vs prior quarter YoY: +25.7% (decel: -125.6%)",
      "severity": "WARNING"
    },
    {
      "quarter": "2021-06 (Q2)",
      "signal": "FCF TURNED POSITIVE",
      "detail": "FCF margin: -0.0% -> +0.7%",
      "severity": "HIGH"
    }
  ],
  "data_quality": {
    "n_quarters": 20,
    "coverage": {
      "revenue": [
        20,
        20
      ],
      "gross_profit": [
        0,
        20
      ],
      "op_income": [
        0,
        20
      ],
      "fcf": [
        20,
        20
      ]
    },
    "gaps": [],
    "warnings": [
      "gross_profit: no data",
      "op_income: no data"
    ]
  },
  "market_cap": null,
  "source": "SEC EDGAR",
  "last_updated": "2026-02-02T22:27:03.441559",
  "sector": "Industrials",
  "industry": "Marine Shipping"
}