{
  "ticker": "ASGN",
  "name": "ASGN Inc",
  "quarters": [
    {
      "date": "2020-12-31T00:00:00",
      "quarter_label": "2020-12 (Q4)",
      "revenue": 900400000,
      "gross_profit": 240800000,
      "operating_income": 82600000,
      "net_income": 55400000,
      "opex": 158200000,
      "cogs": 734800000,
      "rd": null,
      "sga": 179900000,
      "fcf": 82700000,
      "ocf": 87000000,
      "capex": -4300000,
      "gross_margin": 0.2674366948023101,
      "op_margin": 0.09173700577521102,
      "fcf_margin": 0.0918480675255442
    },
    {
      "date": "2021-03-31T00:00:00",
      "quarter_label": "2021-03 (Q1)",
      "revenue": 1025700000,
      "gross_profit": 281000000,
      "operating_income": 74800000,
      "net_income": 48700000,
      "opex": 206200000,
      "cogs": 744700000,
      "rd": null,
      "sga": 194000000,
      "fcf": 110500000,
      "ocf": 119800000,
      "capex": -9300000,
      "gross_margin": 0.27395924734327776,
      "op_margin": 0.07292580676611095,
      "fcf_margin": 0.10773130544993663,
      "op_leverage_ratio": 0.45864939656448983,
      "fcf_margin_change": 0.015883237924392432
    },
    {
      "date": "2021-06-30T00:00:00",
      "quarter_label": "2021-06 (Q2)",
      "revenue": 974900000,
      "gross_profit": 276300000,
      "operating_income": 87900000,
      "net_income": 64200000,
      "opex": 188400000,
      "cogs": 698600000,
      "rd": null,
      "sga": 176400000,
      "fcf": 76600000,
      "ocf": 84900000,
      "capex": -8300000,
      "gross_margin": 0.2834136834547133,
      "op_margin": 0.09016309365063084,
      "fcf_margin": 0.07857216124730741,
      "fcf_margin_change": -0.029159144202629217
    },
    {
      "date": "2021-09-30T00:00:00",
      "quarter_label": "2021-09 (Q3)",
      "revenue": 1073800000,
      "gross_profit": 308700000,
      "operating_income": 100100000,
      "net_income": 212000000,
      "opex": 208600000,
      "cogs": 765100000,
      "rd": null,
      "sga": 192700000,
      "fcf": 63200000,
      "ocf": 71200000,
      "capex": -8000000,
      "gross_margin": 0.28748370273794005,
      "op_margin": 0.09322033898305085,
      "fcf_margin": 0.05885639783944869,
      "op_leverage_ratio": 0.9461625411694928,
      "fcf_margin_change": -0.019715763407858723
    },
    {
      "date": "2021-12-31T00:00:00",
      "quarter_label": "2021-12 (Q4)",
      "revenue": 1053800000,
      "gross_profit": 313700000,
      "operating_income": 95500000,
      "net_income": 85000000,
      "opex": 218200000,
      "cogs": 740100000,
      "rd": null,
      "sga": 202400000,
      "fcf": -91300000,
      "ocf": -82200000,
      "capex": -9100000,
      "gross_margin": 0.2976845701271589,
      "op_margin": 0.09062440690833175,
      "fcf_margin": -0.08663883089770355,
      "incr_op_margin_yoy": 0.08409387222946545,
      "rev_growth_yoy": 0.17036872501110617,
      "fcf_margin_change": -0.14549522873715223
    },
    {
      "date": "2022-03-31T00:00:00",
      "quarter_label": "2022-03 (Q1)",
      "revenue": 1091000000,
      "gross_profit": 326600000,
      "operating_income": 100600000,
      "net_income": 66800000,
      "opex": 226000000,
      "cogs": 764400000,
      "rd": null,
      "sga": 212100000,
      "fcf": 46400000,
      "ocf": 56000000,
      "capex": -9600000,
      "gross_margin": 0.2993583868010999,
      "op_margin": 0.0922089825847846,
      "fcf_margin": 0.04252978918423465,
      "incr_op_margin_yoy": 0.39509954058192953,
      "rev_growth_yoy": 0.06366383932923857,
      "rev_growth_yoy_accel": -0.1067048856818676,
      "op_leverage_ratio": 0.9875177015051755,
      "fcf_margin_change": 0.1291686200819382
    },
    {
      "date": "2022-06-30T00:00:00",
      "quarter_label": "2022-06 (Q2)",
      "revenue": 1141800000,
      "gross_profit": 344000000,
      "operating_income": 110100000,
      "net_income": 72500000,
      "opex": 233900000,
      "cogs": 797800000,
      "rd": null,
      "sga": 220400000,
      "fcf": 79600000,
      "ocf": 88400000,
      "capex": -8800000,
      "gross_margin": 0.30127868278157294,
      "op_margin": 0.09642669469259064,
      "fcf_margin": 0.069714485899457,
      "incr_op_margin_yoy": 0.1330137807070102,
      "rev_growth_yoy": 0.1711970458508565,
      "rev_growth_yoy_accel": 0.10753320652161792,
      "op_leverage_ratio": 1.3320493334416224,
      "fcf_margin_change": 0.027184696715222355
    },
    {
      "date": "2022-09-30T00:00:00",
      "quarter_label": "2022-09 (Q3)",
      "revenue": 1197900000,
      "gross_profit": 358900000,
      "operating_income": 108400000,
      "net_income": 73200000,
      "opex": 250500000,
      "cogs": 839000000,
      "rd": null,
      "sga": 232600000,
      "fcf": 79500000,
      "ocf": 88100000,
      "capex": -8600000,
      "gross_margin": 0.2996076467150847,
      "op_margin": 0.09049169379747893,
      "fcf_margin": 0.06636614074630603,
      "incr_op_margin_yoy": 0.06688154713940371,
      "rev_growth_yoy": 0.11557086980815795,
      "rev_growth_yoy_accel": -0.05562617604269854,
      "op_leverage_ratio": 0.6923009958910789,
      "fcf_margin_change": -0.0033483451531509667
    },
    {
      "date": "2022-12-31T00:00:00",
      "quarter_label": "2022-12 (Q4)",
      "revenue": 1150400000,
      "gross_profit": 340100000,
      "operating_income": 90400000,
      "net_income": 55600000,
      "opex": 249700000,
      "cogs": 810300000,
      "rd": null,
      "sga": 229900000,
      "fcf": 64800000,
      "ocf": 75300000,
      "capex": -10500000,
      "gross_margin": 0.2956363004172462,
      "op_margin": 0.07858136300417246,
      "fcf_margin": 0.056328233657858134,
      "incr_op_margin_yoy": -0.052795031055900624,
      "rev_growth_yoy": 0.09166824824444866,
      "rev_growth_yoy_accel": -0.023902621563709286,
      "fcf_margin_change": -0.0100379070884479
    },
    {
      "date": "2023-03-31T00:00:00",
      "quarter_label": "2023-03 (Q1)",
      "revenue": 1128800000,
      "gross_profit": 326400000,
      "operating_income": 84200000,
      "net_income": 49500000,
      "opex": 242200000,
      "cogs": 802400000,
      "rd": null,
      "sga": 224100000,
      "fcf": 68800000,
      "ocf": 80500000,
      "capex": -11700000,
      "gross_margin": 0.2891566265060241,
      "op_margin": 0.07459248759744862,
      "fcf_margin": 0.06094968107725018,
      "incr_op_margin_yoy": -0.43386243386243384,
      "rev_growth_yoy": 0.034647112740604946,
      "rev_growth_yoy_accel": -0.05702113550384372,
      "fcf_margin_change": 0.004621447419392043
    },
    {
      "date": "2023-06-30T00:00:00",
      "quarter_label": "2023-06 (Q2)",
      "revenue": 1130900000,
      "gross_profit": 326300000,
      "operating_income": 97900000,
      "net_income": 60100000,
      "opex": 228400000,
      "cogs": 804600000,
      "rd": null,
      "sga": 210500000,
      "fcf": 101300000,
      "ocf": 112500000,
      "capex": -11200000,
      "gross_margin": 0.28853125828985765,
      "op_margin": 0.0865682200017685,
      "fcf_margin": 0.08957467503758068,
      "incr_op_margin_yoy": 1.1192660550458715,
      "rev_growth_yoy": -0.00954633035557891,
      "rev_growth_yoy_accel": -0.04419344309618386,
      "fcf_margin_change": 0.028624993960330504
    },
    {
      "date": "2023-09-30T00:00:00",
      "quarter_label": "2023-09 (Q3)",
      "revenue": 1116800000,
      "gross_profit": 322400000,
      "operating_income": 98600000,
      "net_income": 59400000,
      "opex": 223800000,
      "cogs": 794400000,
      "rd": null,
      "sga": 206000000,
      "fcf": 137700000,
      "ocf": 147500000,
      "capex": -9800000,
      "gross_margin": 0.28868194842406875,
      "op_margin": 0.08828796561604585,
      "fcf_margin": 0.1232987106017192,
      "incr_op_margin_yoy": 0.12083847102342787,
      "rev_growth_yoy": -0.0677018115034644,
      "rev_growth_yoy_accel": -0.058155481147885484,
      "fcf_margin_change": 0.03372403556413851
    },
    {
      "date": "2023-12-31T00:00:00",
      "quarter_label": "2023-12 (Q4)",
      "revenue": 1074100000,
      "gross_profit": 304900000,
      "operating_income": 83400000,
      "net_income": 50300000,
      "opex": 221500000,
      "cogs": 769200000,
      "rd": null,
      "sga": 203600000,
      "fcf": 109200000,
      "ocf": 116400000,
      "capex": -7200000,
      "gross_margin": 0.2838655618657481,
      "op_margin": 0.07764640163858114,
      "fcf_margin": 0.10166651149799832,
      "incr_op_margin_yoy": 0.09174311926605505,
      "rev_growth_yoy": -0.06632475660639778,
      "rev_growth_yoy_accel": 0.001377054897066618,
      "fcf_margin_change": -0.02163219910372087
    },
    {
      "date": "2024-03-31T00:00:00",
      "quarter_label": "2024-03 (Q1)",
      "revenue": 1049000000,
      "gross_profit": 296200000,
      "operating_income": 70900000,
      "net_income": 38100000,
      "opex": 225300000,
      "cogs": 752800000,
      "rd": null,
      "sga": 210200000,
      "fcf": 62500000,
      "ocf": 73300000,
      "capex": -10800000,
      "gross_margin": 0.28236415633937084,
      "op_margin": 0.06758817921830315,
      "fcf_margin": 0.05958055290753098,
      "incr_op_margin_yoy": 0.16666666666666666,
      "rev_growth_yoy": -0.07069454287739192,
      "rev_growth_yoy_accel": -0.004369786270994144,
      "fcf_margin_change": -0.04208595859046734
    },
    {
      "date": "2024-06-30T00:00:00",
      "quarter_label": "2024-06 (Q2)",
      "revenue": 1034700000,
      "gross_profit": 301100000,
      "operating_income": 80400000,
      "net_income": 47200000,
      "opex": 220700000,
      "cogs": 733600000,
      "rd": null,
      "sga": 205600000,
      "fcf": 85400000,
      "ocf": 90700000,
      "capex": -5300000,
      "gross_margin": 0.2910022228665314,
      "op_margin": 0.07770368222673239,
      "fcf_margin": 0.08253600077317097,
      "incr_op_margin_yoy": 0.18191268191268192,
      "rev_growth_yoy": -0.08506499248386241,
      "rev_growth_yoy_accel": -0.014370449606470492,
      "fcf_margin_change": 0.022955447865639987
    },
    {
      "date": "2024-09-30T00:00:00",
      "quarter_label": "2024-09 (Q3)",
      "revenue": 1031000000,
      "gross_profit": 300400000,
      "operating_income": 78900000,
      "net_income": 47500000,
      "opex": 221500000,
      "cogs": 730600000,
      "rd": null,
      "sga": 207500000,
      "fcf": 127900000,
      "ocf": 135800000,
      "capex": -7900000,
      "gross_margin": 0.29136760426770125,
      "op_margin": 0.07652764306498545,
      "fcf_margin": 0.12405431619786615,
      "incr_op_margin_yoy": 0.2296037296037296,
      "rev_growth_yoy": -0.07682664756446991,
      "rev_growth_yoy_accel": 0.008238344919392501,
      "fcf_margin_change": 0.04151831542469518
    },
    {
      "date": "2024-12-31T00:00:00",
      "quarter_label": "2024-12 (Q4)",
      "revenue": 985000000,
      "gross_profit": 286000000,
      "operating_income": 74200000,
      "net_income": 42400000,
      "opex": 211800000,
      "cogs": 699000000,
      "rd": null,
      "sga": 197900000,
      "fcf": 88900000,
      "ocf": 100200000,
      "capex": -11300000,
      "gross_margin": 0.29035532994923857,
      "op_margin": 0.07532994923857868,
      "fcf_margin": 0.09025380710659898,
      "incr_op_margin_yoy": 0.10325476992143659,
      "rev_growth_yoy": -0.08295317009589424,
      "rev_growth_yoy_accel": -0.0061265225314243305,
      "fcf_margin_change": -0.03380050909126717
    },
    {
      "date": "2025-03-31T00:00:00",
      "quarter_label": "2025-03 (Q1)",
      "revenue": 968300000,
      "gross_profit": 275400000,
      "operating_income": 46600000,
      "net_income": 20900000,
      "opex": 228800000,
      "cogs": 692900000,
      "rd": null,
      "sga": 214500000,
      "fcf": 6600000,
      "ocf": 16800000,
      "capex": -10200000,
      "gross_margin": 0.2844159867809563,
      "op_margin": 0.04812558091500568,
      "fcf_margin": 0.006816069399979345,
      "incr_op_margin_yoy": 0.30111524163568776,
      "rev_growth_yoy": -0.07693040991420401,
      "rev_growth_yoy_accel": 0.006022760181690234,
      "fcf_margin_change": -0.08343773770661964
    },
    {
      "date": "2025-06-30T00:00:00",
      "quarter_label": "2025-06 (Q2)",
      "revenue": 1020600000,
      "gross_profit": 293300000,
      "operating_income": 59600000,
      "net_income": 29300000,
      "opex": 233700000,
      "cogs": 727300000,
      "rd": null,
      "sga": 216800000,
      "fcf": 115800000,
      "ocf": 124900000,
      "capex": -9100000,
      "gross_margin": 0.28737997256515774,
      "op_margin": 0.05839702135998432,
      "fcf_margin": 0.11346266901822458,
      "incr_op_margin_yoy": 1.475177304964539,
      "rev_growth_yoy": -0.0136271383009568,
      "rev_growth_yoy_accel": 0.06330327161324721,
      "op_leverage_ratio": 2.5220384136304523,
      "fcf_margin_change": 0.10664659961824523
    },
    {
      "date": "2025-09-30T00:00:00",
      "quarter_label": "2025-09 (Q3)",
      "revenue": 1011400000,
      "gross_profit": 296900000,
      "operating_income": 67900000,
      "net_income": 38100000,
      "opex": 229000000,
      "cogs": 714500000,
      "rd": null,
      "sga": 212200000,
      "fcf": 72000000,
      "ocf": 83900000,
      "capex": -11900000,
      "gross_margin": 0.2935534902115879,
      "op_margin": 0.06713466482104015,
      "fcf_margin": 0.07118845165117658,
      "incr_op_margin_yoy": 0.5612244897959183,
      "rev_growth_yoy": -0.019010669253152278,
      "rev_growth_yoy_accel": -0.005383530952195478,
      "fcf_margin_change": -0.04227421736704799
    }
  ],
  "signals": [
    {
      "quarter": "2025-09 (Q3)",
      "signal": "INCREMENTAL MARGIN (YoY)",
      "detail": "YoY Incr OPM: +56.1% vs year-ago OPM: +7.7%",
      "severity": "HIGH"
    },
    {
      "quarter": "2025-06 (Q2)",
      "signal": "FCF MARGIN EXPANSION",
      "detail": "FCF margin: +0.7% -> +11.3% (+10.7%)",
      "severity": "MEDIUM"
    },
    {
      "quarter": "2025-06 (Q2)",
      "signal": "OPERATING LEVERAGE",
      "detail": "Rev growth +5.4% vs OpEx growth +2.1% (leverage: 2.5x)",
      "severity": "MEDIUM"
    },
    {
      "quarter": "2025-06 (Q2)",
      "signal": "YoY REVENUE GROWTH ACCELERATION",
      "detail": "YoY growth: -1.4% vs prior quarter YoY: -7.7% (accel: +6.3%)",
      "severity": "MEDIUM"
    },
    {
      "quarter": "2025-06 (Q2)",
      "signal": "INCREMENTAL MARGIN (YoY)",
      "detail": "YoY Incr OPM: +147.5% vs year-ago OPM: +7.8%",
      "severity": "HIGH"
    },
    {
      "quarter": "2025-03 (Q1)",
      "signal": "INCREMENTAL MARGIN (YoY)",
      "detail": "YoY Incr OPM: +30.1% vs year-ago OPM: +6.8%",
      "severity": "HIGH"
    },
    {
      "quarter": "2024-09 (Q3)",
      "signal": "INCREMENTAL MARGIN (YoY)",
      "detail": "YoY Incr OPM: +23.0% vs year-ago OPM: +8.8%",
      "severity": "MEDIUM"
    },
    {
      "quarter": "2023-09 (Q3)",
      "signal": "YoY REVENUE GROWTH DECELERATION",
      "detail": "YoY growth: -6.8% vs prior quarter YoY: -1.0% (decel: -5.8%)",
      "severity": "WARNING"
    },
    {
      "quarter": "2023-06 (Q2)",
      "signal": "INCREMENTAL MARGIN (YoY)",
      "detail": "YoY Incr OPM: +111.9% vs year-ago OPM: +9.6%",
      "severity": "HIGH"
    },
    {
      "quarter": "2023-03 (Q1)",
      "signal": "YoY REVENUE GROWTH DECELERATION",
      "detail": "YoY growth: +3.5% vs prior quarter YoY: +9.2% (decel: -5.7%)",
      "severity": "WARNING"
    },
    {
      "quarter": "2022-09 (Q3)",
      "signal": "YoY REVENUE GROWTH DECELERATION",
      "detail": "YoY growth: +11.6% vs prior quarter YoY: +17.1% (decel: -5.6%)",
      "severity": "WARNING"
    },
    {
      "quarter": "2022-06 (Q2)",
      "signal": "YoY REVENUE GROWTH ACCELERATION",
      "detail": "YoY growth: +17.1% vs prior quarter YoY: +6.4% (accel: +10.8%)",
      "severity": "MEDIUM"
    },
    {
      "quarter": "2022-03 (Q1)",
      "signal": "FCF TURNED POSITIVE",
      "detail": "FCF margin: -8.7% -> +4.3%",
      "severity": "HIGH"
    },
    {
      "quarter": "2022-03 (Q1)",
      "signal": "YoY REVENUE GROWTH DECELERATION",
      "detail": "YoY growth: +6.4% vs prior quarter YoY: +17.0% (decel: -10.7%)",
      "severity": "WARNING"
    },
    {
      "quarter": "2022-03 (Q1)",
      "signal": "INCREMENTAL MARGIN (YoY)",
      "detail": "YoY Incr OPM: +39.5% vs year-ago OPM: +7.3%",
      "severity": "HIGH"
    }
  ],
  "data_quality": {
    "n_quarters": 20,
    "coverage": {
      "revenue": [
        20,
        20
      ],
      "gross_profit": [
        20,
        20
      ],
      "op_income": [
        20,
        20
      ],
      "fcf": [
        20,
        20
      ]
    },
    "gaps": [],
    "warnings": []
  },
  "market_cap": null,
  "source": "SEC EDGAR",
  "last_updated": "2026-02-02T21:33:18.363317"
}