{
  "ticker": "ASIX",
  "name": "AdvanSix Inc.",
  "sector": "Basic Materials",
  "industry": "Chemicals",
  "quarters": [
    {
      "date": "2021-03-31T00:00:00",
      "quarter_label": "2021-03 (Q1)",
      "revenue": 376383000,
      "gross_profit": 58484000,
      "operating_income": null,
      "net_income": 28131000,
      "opex": null,
      "cogs": 317899000,
      "rd": null,
      "sga": 19308000,
      "fcf": 42913000,
      "ocf": 57090000,
      "capex": -14177000,
      "gross_margin": 0.15538427612299174,
      "op_margin": null,
      "fcf_margin": 0.11401418236211519
    },
    {
      "date": "2021-06-30T00:00:00",
      "quarter_label": "2021-06 (Q2)",
      "revenue": 437682000,
      "gross_profit": 80798000,
      "operating_income": null,
      "net_income": 44131000,
      "opex": null,
      "cogs": 356884000,
      "rd": null,
      "sga": 21682000,
      "fcf": 41644000,
      "ocf": 51945000,
      "capex": -10301000,
      "gross_margin": 0.18460434744860424,
      "op_margin": null,
      "fcf_margin": 0.0951467046851367,
      "fcf_margin_change": -0.018867477676978495
    },
    {
      "date": "2021-09-30T00:00:00",
      "quarter_label": "2021-09 (Q3)",
      "revenue": 446495000,
      "gross_profit": 80315000,
      "operating_income": null,
      "net_income": 43942000,
      "opex": null,
      "cogs": 366180000,
      "rd": null,
      "sga": 21121000,
      "fcf": 63495000,
      "ocf": 76488000,
      "capex": -12993000,
      "gross_margin": 0.17987883402949642,
      "op_margin": null,
      "fcf_margin": 0.14220763950324192,
      "fcf_margin_change": 0.04706093481810522
    },
    {
      "date": "2021-12-31T00:00:00",
      "quarter_label": "2021-12 (Q4)",
      "revenue": 424064000,
      "gross_profit": 54526000,
      "operating_income": null,
      "net_income": 23587000,
      "opex": null,
      "cogs": 369538000,
      "rd": null,
      "sga": 20873000,
      "fcf": 13986000,
      "ocf": 33326000,
      "capex": -19340000,
      "gross_margin": 0.1285796483549653,
      "op_margin": null,
      "fcf_margin": 0.03298087081195291,
      "fcf_margin_change": -0.109226768691289
    },
    {
      "date": "2022-03-31T00:00:00",
      "quarter_label": "2022-03 (Q1)",
      "revenue": 479073000,
      "gross_profit": 103427000,
      "operating_income": null,
      "net_income": 63073000,
      "opex": null,
      "cogs": 375646000,
      "rd": null,
      "sga": 21210000,
      "fcf": 28143000,
      "ocf": 49162000,
      "capex": -21019000,
      "gross_margin": 0.215889853947102,
      "op_margin": null,
      "fcf_margin": 0.05874470070323312,
      "rev_growth_yoy": 0.27283378898621885,
      "fcf_margin_change": 0.02576382989128021
    },
    {
      "date": "2022-06-30T00:00:00",
      "quarter_label": "2022-06 (Q2)",
      "revenue": 583736000,
      "gross_profit": 106901000,
      "operating_income": null,
      "net_income": 65157000,
      "opex": null,
      "cogs": 476835000,
      "rd": null,
      "sga": 20841000,
      "fcf": 78131000,
      "ocf": 95891000,
      "capex": -17760000,
      "gross_margin": 0.18313244343333288,
      "op_margin": null,
      "fcf_margin": 0.13384646484027027,
      "rev_growth_yoy": 0.3336988955451675,
      "rev_growth_yoy_accel": 0.06086510655894867,
      "fcf_margin_change": 0.07510176413703715
    },
    {
      "date": "2022-09-30T00:00:00",
      "quarter_label": "2022-09 (Q3)",
      "revenue": 478769000,
      "gross_profit": 35123000,
      "operating_income": null,
      "net_income": 10032000,
      "opex": null,
      "cogs": 443646000,
      "rd": null,
      "sga": 23069000,
      "fcf": 36703000,
      "ocf": 58934000,
      "capex": -22231000,
      "gross_margin": 0.0733610572113065,
      "op_margin": null,
      "fcf_margin": 0.07666118733669056,
      "rev_growth_yoy": 0.0722830042889618,
      "rev_growth_yoy_accel": -0.26141589125620573,
      "fcf_margin_change": -0.05718527750357971
    },
    {
      "date": "2022-12-31T00:00:00",
      "quarter_label": "2022-12 (Q4)",
      "revenue": 404062000,
      "gross_profit": 69029000,
      "operating_income": null,
      "net_income": 33624000,
      "opex": null,
      "cogs": 335033000,
      "rd": null,
      "sga": 22628000,
      "fcf": 41175000,
      "ocf": 69614000,
      "capex": -28439000,
      "gross_margin": 0.17083764372794275,
      "op_margin": null,
      "fcf_margin": 0.10190267830184477,
      "rev_growth_yoy": -0.04716740869302747,
      "rev_growth_yoy_accel": -0.11945041298198927,
      "fcf_margin_change": 0.025241490965154212
    },
    {
      "date": "2023-03-31T00:00:00",
      "quarter_label": "2023-03 (Q1)",
      "revenue": 400544000,
      "gross_profit": 70502000,
      "operating_income": null,
      "net_income": 34954000,
      "opex": null,
      "cogs": 330042000,
      "rd": null,
      "sga": 25114000,
      "fcf": -23028000,
      "ocf": 1575000,
      "capex": -24603000,
      "gross_margin": 0.17601561875848845,
      "op_margin": null,
      "fcf_margin": -0.05749181113685388,
      "rev_growth_yoy": -0.1639186512285184,
      "rev_growth_yoy_accel": -0.11675124253549093,
      "fcf_margin_change": -0.15939448943869866
    },
    {
      "date": "2023-06-30T00:00:00",
      "quarter_label": "2023-06 (Q2)",
      "revenue": 427940000,
      "gross_profit": 67923000,
      "operating_income": null,
      "net_income": 32728000,
      "opex": null,
      "cogs": 360017000,
      "rd": null,
      "sga": 24011000,
      "fcf": 15713000,
      "ocf": 35004000,
      "capex": -19291000,
      "gross_margin": 0.15872084871710987,
      "op_margin": null,
      "fcf_margin": 0.03671776417254755,
      "rev_growth_yoy": -0.26689462359696847,
      "rev_growth_yoy_accel": -0.10297597236845007,
      "fcf_margin_change": 0.09420957530940144
    },
    {
      "date": "2023-09-30T00:00:00",
      "quarter_label": "2023-09 (Q3)",
      "revenue": 322907000,
      "gross_profit": 8122000,
      "operating_income": null,
      "net_income": -7977000,
      "opex": null,
      "cogs": 314785000,
      "rd": null,
      "sga": 21585000,
      "fcf": -4329000,
      "ocf": 20802000,
      "capex": -25131000,
      "gross_margin": 0.02515275295983054,
      "op_margin": null,
      "fcf_margin": -0.013406336809050283,
      "rev_growth_yoy": -0.32554739341937344,
      "rev_growth_yoy_accel": -0.05865276982240497,
      "fcf_margin_change": -0.050124100981597836
    },
    {
      "date": "2023-12-31T00:00:00",
      "quarter_label": "2023-12 (Q4)",
      "revenue": 382208000,
      "gross_profit": 18541000,
      "operating_income": null,
      "net_income": -5082000,
      "opex": null,
      "cogs": 363667000,
      "rd": null,
      "sga": 24827000,
      "fcf": 21817000,
      "ocf": 60169000,
      "capex": -38352000,
      "gross_margin": 0.048510235264567984,
      "op_margin": null,
      "fcf_margin": 0.05708148442732753,
      "rev_growth_yoy": -0.05408575911617524,
      "rev_growth_yoy_accel": 0.2714616343031982,
      "fcf_margin_change": 0.07048782123637781
    },
    {
      "date": "2024-03-31T00:00:00",
      "quarter_label": "2024-03 (Q1)",
      "revenue": 336829000,
      "gross_profit": 2965000,
      "operating_income": null,
      "net_income": -17396000,
      "opex": null,
      "cogs": 333864000,
      "rd": null,
      "sga": 23593000,
      "fcf": -71590000,
      "ocf": -36202000,
      "capex": -35388000,
      "gross_margin": 0.008802686229511117,
      "op_margin": null,
      "fcf_margin": -0.21254108167645896,
      "rev_growth_yoy": -0.15907116321802348,
      "rev_growth_yoy_accel": -0.10498540410184823,
      "fcf_margin_change": -0.2696225661037865
    },
    {
      "date": "2024-06-30T00:00:00",
      "quarter_label": "2024-06 (Q2)",
      "revenue": 453479000,
      "gross_profit": 81368000,
      "operating_income": null,
      "net_income": 38927000,
      "opex": null,
      "cogs": 372111000,
      "rd": null,
      "sga": 24431000,
      "fcf": 16705000,
      "ocf": 50200000,
      "capex": -33495000,
      "gross_margin": 0.17943058002685902,
      "op_margin": null,
      "fcf_margin": 0.03683742797351145,
      "rev_growth_yoy": 0.059678926952376504,
      "rev_growth_yoy_accel": 0.21875009017039998,
      "fcf_margin_change": 0.2493785096499704
    },
    {
      "date": "2024-09-30T00:00:00",
      "quarter_label": "2024-09 (Q3)",
      "revenue": 398187000,
      "gross_profit": 57302000,
      "operating_income": null,
      "net_income": 22266000,
      "opex": null,
      "cogs": 340885000,
      "rd": null,
      "sga": 24265000,
      "fcf": 26760000,
      "ocf": 57250000,
      "capex": -30490000,
      "gross_margin": 0.1439072596543835,
      "op_margin": null,
      "fcf_margin": 0.06720460487158043,
      "rev_growth_yoy": 0.23313214021374576,
      "rev_growth_yoy_accel": 0.17345321326136925,
      "fcf_margin_change": 0.030367176898068983
    },
    {
      "date": "2024-12-31T00:00:00",
      "quarter_label": "2024-12 (Q4)",
      "revenue": 329062000,
      "gross_profit": 11301000,
      "operating_income": null,
      "net_income": 352000,
      "opex": null,
      "cogs": 317761000,
      "rd": null,
      "sga": 21733000,
      "fcf": 29816000,
      "ocf": 64165000,
      "capex": -34349000,
      "gross_margin": 0.034343072126225456,
      "op_margin": null,
      "fcf_margin": 0.0906090645531845,
      "rev_growth_yoy": -0.13904994139316812,
      "rev_growth_yoy_accel": -0.3721820816069139,
      "fcf_margin_change": 0.023404459681604067
    },
    {
      "date": "2025-03-31T00:00:00",
      "quarter_label": "2025-03 (Q1)",
      "revenue": 377791000,
      "gross_profit": 53471000,
      "operating_income": null,
      "net_income": 23344000,
      "opex": null,
      "cogs": 324320000,
      "rd": null,
      "sga": 23409000,
      "fcf": -22619000,
      "ocf": 11443000,
      "capex": -34062000,
      "gross_margin": 0.14153592859544034,
      "op_margin": null,
      "fcf_margin": -0.0598717280189311,
      "rev_growth_yoy": 0.12161066891508748,
      "rev_growth_yoy_accel": 0.2606606103082556,
      "fcf_margin_change": -0.1504807925721156
    },
    {
      "date": "2025-06-30T00:00:00",
      "quarter_label": "2025-06 (Q2)",
      "revenue": 410022000,
      "gross_profit": 58714000,
      "operating_income": null,
      "net_income": 31371000,
      "opex": null,
      "cogs": 351308000,
      "rd": null,
      "sga": 25416000,
      "fcf": -7155000,
      "ocf": 21110000,
      "capex": -28265000,
      "gross_margin": 0.14319719429689137,
      "op_margin": null,
      "fcf_margin": -0.017450283155537996,
      "rev_growth_yoy": -0.09583023690181905,
      "rev_growth_yoy_accel": -0.21744090581690653,
      "fcf_margin_change": 0.0424214448633931
    },
    {
      "date": "2025-09-30T00:00:00",
      "quarter_label": "2025-09 (Q3)",
      "revenue": 374473000,
      "gross_profit": 25385000,
      "operating_income": null,
      "net_income": -2638000,
      "opex": null,
      "cogs": 349088000,
      "rd": null,
      "sga": 27425000,
      "fcf": 66000,
      "ocf": 26588000,
      "capex": -26522000,
      "gross_margin": 0.06778859891100293,
      "op_margin": null,
      "fcf_margin": 0.00017624768674911142,
      "rev_growth_yoy": -0.05955493273261056,
      "rev_growth_yoy_accel": 0.03627530416920849,
      "fcf_margin_change": 0.017626530842287106
    },
    {
      "date": "2025-12-31T00:00:00",
      "quarter_label": "2025-12 (Q4)",
      "revenue": 359947000,
      "gross_profit": 27370000,
      "operating_income": null,
      "net_income": -2791000,
      "opex": null,
      "cogs": 332577000,
      "rd": null,
      "sga": 28500000,
      "fcf": 36126000,
      "ocf": 63722000,
      "capex": -27596000,
      "gross_margin": 0.07603897240427063,
      "op_margin": null,
      "fcf_margin": 0.10036477592534457,
      "rev_growth_yoy": 0.0938576924713276,
      "rev_growth_yoy_accel": 0.15341262520393817,
      "fcf_margin_change": 0.10018852823859546
    }
  ],
  "signals": [
    {
      "quarter": "2025-12 (Q4)",
      "signal": "FCF MARGIN EXPANSION",
      "detail": "FCF margin: +0.0% -> +10.0% (+10.0%)",
      "severity": "MEDIUM"
    },
    {
      "quarter": "2025-12 (Q4)",
      "signal": "YoY REVENUE GROWTH ACCELERATION",
      "detail": "YoY growth: +9.4% vs prior quarter YoY: -6.0% (accel: +15.3%)",
      "severity": "HIGH"
    },
    {
      "quarter": "2025-09 (Q3)",
      "signal": "FCF TURNED POSITIVE",
      "detail": "FCF margin: -1.7% -> +0.0%",
      "severity": "HIGH"
    },
    {
      "quarter": "2025-06 (Q2)",
      "signal": "YoY REVENUE GROWTH DECELERATION",
      "detail": "YoY growth: -9.6% vs prior quarter YoY: +12.2% (decel: -21.7%)",
      "severity": "WARNING"
    },
    {
      "quarter": "2025-03 (Q1)",
      "signal": "GROSS MARGIN INFLECTION",
      "detail": "GM: +14.4% -> +3.4% -> +14.2% (reversal +10.7%)",
      "severity": "HIGH"
    },
    {
      "quarter": "2025-03 (Q1)",
      "signal": "YoY REVENUE GROWTH ACCELERATION",
      "detail": "YoY growth: +12.2% vs prior quarter YoY: -13.9% (accel: +26.1%)",
      "severity": "HIGH"
    },
    {
      "quarter": "2024-12 (Q4)",
      "signal": "YoY REVENUE GROWTH DECELERATION",
      "detail": "YoY growth: -13.9% vs prior quarter YoY: +23.3% (decel: -37.2%)",
      "severity": "WARNING"
    },
    {
      "quarter": "2024-09 (Q3)",
      "signal": "YoY REVENUE GROWTH ACCELERATION",
      "detail": "YoY growth: +23.3% vs prior quarter YoY: +6.0% (accel: +17.3%)",
      "severity": "HIGH"
    },
    {
      "quarter": "2024-06 (Q2)",
      "signal": "FCF TURNED POSITIVE",
      "detail": "FCF margin: -21.3% -> +3.7%",
      "severity": "HIGH"
    },
    {
      "quarter": "2024-06 (Q2)",
      "signal": "GROSS MARGIN INFLECTION",
      "detail": "GM: +4.9% -> +0.9% -> +17.9% (reversal +17.1%)",
      "severity": "HIGH"
    },
    {
      "quarter": "2024-06 (Q2)",
      "signal": "YoY REVENUE GROWTH ACCELERATION",
      "detail": "YoY growth: +6.0% vs prior quarter YoY: -15.9% (accel: +21.9%)",
      "severity": "HIGH"
    },
    {
      "quarter": "2024-03 (Q1)",
      "signal": "YoY REVENUE GROWTH DECELERATION",
      "detail": "YoY growth: -15.9% vs prior quarter YoY: -5.4% (decel: -10.5%)",
      "severity": "WARNING"
    },
    {
      "quarter": "2023-12 (Q4)",
      "signal": "FCF TURNED POSITIVE",
      "detail": "FCF margin: -1.3% -> +5.7%",
      "severity": "HIGH"
    },
    {
      "quarter": "2023-12 (Q4)",
      "signal": "GROSS MARGIN INFLECTION",
      "detail": "GM: +15.9% -> +2.5% -> +4.9% (reversal +2.3%)",
      "severity": "MEDIUM"
    },
    {
      "quarter": "2023-12 (Q4)",
      "signal": "YoY REVENUE GROWTH ACCELERATION",
      "detail": "YoY growth: -5.4% vs prior quarter YoY: -32.6% (accel: +27.1%)",
      "severity": "HIGH"
    },
    {
      "quarter": "2023-09 (Q3)",
      "signal": "YoY REVENUE GROWTH DECELERATION",
      "detail": "YoY growth: -32.6% vs prior quarter YoY: -26.7% (decel: -5.9%)",
      "severity": "WARNING"
    },
    {
      "quarter": "2023-06 (Q2)",
      "signal": "FCF TURNED POSITIVE",
      "detail": "FCF margin: -5.7% -> +3.7%",
      "severity": "HIGH"
    },
    {
      "quarter": "2023-06 (Q2)",
      "signal": "YoY REVENUE GROWTH DECELERATION",
      "detail": "YoY growth: -26.7% vs prior quarter YoY: -16.4% (decel: -10.3%)",
      "severity": "WARNING"
    },
    {
      "quarter": "2023-03 (Q1)",
      "signal": "YoY REVENUE GROWTH DECELERATION",
      "detail": "YoY growth: -16.4% vs prior quarter YoY: -4.7% (decel: -11.7%)",
      "severity": "WARNING"
    },
    {
      "quarter": "2022-12 (Q4)",
      "signal": "GROSS MARGIN INFLECTION",
      "detail": "GM: +18.3% -> +7.3% -> +17.1% (reversal +9.7%)",
      "severity": "HIGH"
    },
    {
      "quarter": "2022-12 (Q4)",
      "signal": "YoY REVENUE GROWTH DECELERATION",
      "detail": "YoY growth: -4.7% vs prior quarter YoY: +7.2% (decel: -11.9%)",
      "severity": "WARNING"
    },
    {
      "quarter": "2022-09 (Q3)",
      "signal": "YoY REVENUE GROWTH DECELERATION",
      "detail": "YoY growth: +7.2% vs prior quarter YoY: +33.4% (decel: -26.1%)",
      "severity": "WARNING"
    },
    {
      "quarter": "2022-06 (Q2)",
      "signal": "FCF MARGIN EXPANSION",
      "detail": "FCF margin: +5.9% -> +13.4% (+7.5%)",
      "severity": "MEDIUM"
    },
    {
      "quarter": "2022-06 (Q2)",
      "signal": "YoY REVENUE GROWTH ACCELERATION",
      "detail": "YoY growth: +33.4% vs prior quarter YoY: +27.3% (accel: +6.1%)",
      "severity": "MEDIUM"
    },
    {
      "quarter": "2022-03 (Q1)",
      "signal": "GROSS MARGIN INFLECTION",
      "detail": "GM: +18.0% -> +12.9% -> +21.6% (reversal +8.7%)",
      "severity": "HIGH"
    }
  ],
  "data_quality": {
    "n_quarters": 20,
    "coverage": {
      "revenue": [
        20,
        20
      ],
      "gross_profit": [
        20,
        20
      ],
      "op_income": [
        0,
        20
      ],
      "fcf": [
        20,
        20
      ]
    },
    "gaps": [],
    "warnings": [
      "op_income: no data"
    ]
  },
  "market_cap": null,
  "source": "SEC EDGAR",
  "last_updated": "2026-02-24T10:15:04.526637"
}