{
  "ticker": "ASMB",
  "name": "ASSEMBLY BIOSCIENCES, INC.",
  "quarters": [
    {
      "date": "2019-06-30T00:00:00",
      "quarter_label": "2019-06 (Q2)",
      "revenue": 3080000,
      "gross_profit": null,
      "operating_income": null,
      "net_income": null,
      "opex": null,
      "cogs": null,
      "rd": null,
      "sga": null,
      "fcf": null,
      "ocf": null,
      "capex": null,
      "gross_margin": null,
      "op_margin": null,
      "fcf_margin": null
    },
    {
      "date": "2019-09-30T00:00:00",
      "quarter_label": "2019-09 (Q3)",
      "revenue": 4231000,
      "gross_profit": null,
      "operating_income": null,
      "net_income": null,
      "opex": null,
      "cogs": null,
      "rd": null,
      "sga": null,
      "fcf": null,
      "ocf": null,
      "capex": null,
      "gross_margin": null,
      "op_margin": null,
      "fcf_margin": null
    },
    {
      "date": "2019-12-31T00:00:00",
      "quarter_label": "2019-12 (Q4)",
      "revenue": 4767000,
      "gross_profit": null,
      "operating_income": null,
      "net_income": null,
      "opex": null,
      "cogs": null,
      "rd": null,
      "sga": null,
      "fcf": null,
      "ocf": null,
      "capex": null,
      "gross_margin": null,
      "op_margin": null,
      "fcf_margin": null
    },
    {
      "date": "2020-03-31T00:00:00",
      "quarter_label": "2020-03 (Q1)",
      "revenue": 4081000,
      "gross_profit": null,
      "operating_income": null,
      "net_income": null,
      "opex": null,
      "cogs": null,
      "rd": null,
      "sga": null,
      "fcf": null,
      "ocf": null,
      "capex": null,
      "gross_margin": null,
      "op_margin": null,
      "fcf_margin": null
    },
    {
      "date": "2020-06-30T00:00:00",
      "quarter_label": "2020-06 (Q2)",
      "revenue": 39376000,
      "gross_profit": null,
      "operating_income": null,
      "net_income": null,
      "opex": null,
      "cogs": null,
      "rd": null,
      "sga": null,
      "fcf": null,
      "ocf": null,
      "capex": null,
      "gross_margin": null,
      "op_margin": null,
      "fcf_margin": null,
      "rev_growth_yoy": 11.784415584415584
    },
    {
      "date": "2020-09-30T00:00:00",
      "quarter_label": "2020-09 (Q3)",
      "revenue": 34611000,
      "gross_profit": null,
      "operating_income": null,
      "net_income": null,
      "opex": null,
      "cogs": null,
      "rd": null,
      "sga": null,
      "fcf": null,
      "ocf": null,
      "capex": null,
      "gross_margin": null,
      "op_margin": null,
      "fcf_margin": null,
      "rev_growth_yoy": 7.180335618057197,
      "rev_growth_yoy_accel": -4.604079966358387
    },
    {
      "date": "2020-12-31T00:00:00",
      "quarter_label": "2020-12 (Q4)",
      "revenue": 1037000,
      "gross_profit": null,
      "operating_income": -39642000,
      "net_income": -39418000,
      "opex": 40679000,
      "cogs": null,
      "rd": 33509000,
      "sga": null,
      "fcf": -25269000,
      "ocf": -25269000,
      "capex": null,
      "gross_margin": null,
      "op_margin": -38.22757955641273,
      "fcf_margin": -24.367405978784955,
      "rev_growth_yoy": -0.7824627648416195,
      "rev_growth_yoy_accel": -7.962798382898816
    },
    {
      "date": "2021-09-30T00:00:00",
      "quarter_label": "2021-09 (Q3)",
      "revenue": 6254000,
      "gross_profit": null,
      "operating_income": -18875000,
      "net_income": -18803000,
      "opex": 25129000,
      "cogs": null,
      "rd": 18474000,
      "sga": null,
      "fcf": -18882000,
      "ocf": -18882000,
      "capex": null,
      "gross_margin": null,
      "op_margin": -3.0180684362008314,
      "fcf_margin": -3.01918771985929,
      "rev_growth_yoy": -0.8193060009823466,
      "rev_growth_yoy_accel": -0.036843236140727154,
      "op_leverage_ratio": Infinity,
      "fcf_margin_change": 21.348218258925666
    },
    {
      "date": "2021-12-31T00:00:00",
      "quarter_label": "2021-12 (Q4)",
      "revenue": 0,
      "gross_profit": null,
      "operating_income": -62889000,
      "net_income": -60257000,
      "opex": 62889000,
      "cogs": null,
      "rd": 14747000,
      "sga": null,
      "fcf": -19380000,
      "ocf": -19362000,
      "capex": -18000,
      "gross_margin": null,
      "op_margin": null,
      "fcf_margin": null,
      "incr_op_margin_yoy": 22.4175506268081,
      "rev_growth_yoy": -1.0,
      "rev_growth_yoy_accel": -0.18069399901765337
    },
    {
      "date": "2023-03-31T00:00:00",
      "quarter_label": "2023-03 (Q1)",
      "revenue": 0,
      "gross_profit": null,
      "operating_income": -19559000,
      "net_income": -18950000,
      "opex": 19559000,
      "cogs": null,
      "rd": 14547000,
      "sga": null,
      "fcf": -23428000,
      "ocf": -23428000,
      "capex": null,
      "gross_margin": null,
      "op_margin": null,
      "fcf_margin": null
    },
    {
      "date": "2023-06-30T00:00:00",
      "quarter_label": "2023-06 (Q2)",
      "revenue": 0,
      "gross_profit": null,
      "operating_income": -17488000,
      "net_income": -16896000,
      "opex": 17488000,
      "cogs": null,
      "rd": 12523000,
      "sga": null,
      "fcf": -13676000,
      "ocf": -13628000,
      "capex": -48000,
      "gross_margin": null,
      "op_margin": null,
      "fcf_margin": null
    },
    {
      "date": "2023-09-30T00:00:00",
      "quarter_label": "2023-09 (Q3)",
      "revenue": 0,
      "gross_profit": null,
      "operating_income": -15048000,
      "net_income": -14420000,
      "opex": 15048000,
      "cogs": null,
      "rd": 10824000,
      "sga": null,
      "fcf": -13984000,
      "ocf": -13848000,
      "capex": -136000,
      "gross_margin": null,
      "op_margin": null,
      "fcf_margin": null
    },
    {
      "date": "2023-12-31T00:00:00",
      "quarter_label": "2023-12 (Q4)",
      "revenue": 7163000,
      "gross_profit": null,
      "operating_income": -12551000,
      "net_income": -10962000,
      "opex": 19714000,
      "cogs": null,
      "rd": 11006000,
      "sga": null,
      "fcf": 73576000,
      "ocf": 73647000,
      "capex": -71000,
      "gross_margin": null,
      "op_margin": -1.7521987993857322,
      "fcf_margin": 10.27167387965936
    },
    {
      "date": "2024-03-31T00:00:00",
      "quarter_label": "2024-03 (Q1)",
      "revenue": 5785000,
      "gross_profit": null,
      "operating_income": -10729000,
      "net_income": -9077000,
      "opex": 16514000,
      "cogs": null,
      "rd": 11879000,
      "sga": null,
      "fcf": -18378000,
      "ocf": -18364000,
      "capex": -14000,
      "gross_margin": null,
      "op_margin": -1.8546240276577355,
      "fcf_margin": -3.176836646499568,
      "incr_op_margin_yoy": 1.5263612791702679,
      "fcf_margin_change": -13.448510526158929
    },
    {
      "date": "2024-06-30T00:00:00",
      "quarter_label": "2024-06 (Q2)",
      "revenue": 8533000,
      "gross_profit": null,
      "operating_income": -12203000,
      "net_income": -11152000,
      "opex": 20736000,
      "cogs": null,
      "rd": 16259000,
      "sga": null,
      "fcf": -17116000,
      "ocf": -17102000,
      "capex": -14000,
      "gross_margin": null,
      "op_margin": -1.4300949255830306,
      "fcf_margin": -2.005859603890777,
      "incr_op_margin_yoy": 0.6193601312551271,
      "op_leverage_ratio": 1.8580073017535426,
      "fcf_margin_change": 1.1709770426087909
    },
    {
      "date": "2024-09-30T00:00:00",
      "quarter_label": "2024-09 (Q3)",
      "revenue": 6845000,
      "gross_profit": null,
      "operating_income": -10956000,
      "net_income": -9613000,
      "opex": 17801000,
      "cogs": null,
      "rd": 13515000,
      "sga": null,
      "fcf": -15244000,
      "ocf": -15244000,
      "capex": null,
      "gross_margin": null,
      "op_margin": -1.6005843681519356,
      "fcf_margin": -2.227027027027027,
      "incr_op_margin_yoy": 0.5978086194302411,
      "fcf_margin_change": -0.22116742313624993
    },
    {
      "date": "2024-12-31T00:00:00",
      "quarter_label": "2024-12 (Q4)",
      "revenue": 7357000,
      "gross_profit": null,
      "operating_income": -11532000,
      "net_income": -10335000,
      "opex": 18889000,
      "cogs": null,
      "rd": 14280000,
      "sga": null,
      "fcf": -407000,
      "ocf": -407000,
      "capex": null,
      "gross_margin": null,
      "op_margin": -1.5674867473154819,
      "fcf_margin": -0.055321462552670925,
      "rev_growth_yoy": 0.02708362417981293,
      "op_leverage_ratio": 1.2238044085420874,
      "fcf_margin_change": 2.171705564474356
    },
    {
      "date": "2025-03-31T00:00:00",
      "quarter_label": "2025-03 (Q1)",
      "revenue": 9419000,
      "gross_profit": null,
      "operating_income": -9941000,
      "net_income": -8818000,
      "opex": 19360000,
      "cogs": null,
      "rd": 14851000,
      "sga": null,
      "fcf": -23439000,
      "ocf": -23439000,
      "capex": null,
      "gross_margin": null,
      "op_margin": -1.0554198959549845,
      "fcf_margin": -2.4884807304384755,
      "incr_op_margin_yoy": 0.21684094661529996,
      "rev_growth_yoy": 0.6281763180639585,
      "rev_growth_yoy_accel": 0.6010926938841455,
      "op_leverage_ratio": 11.240249836442725,
      "fcf_margin_change": -2.4331592678858045
    },
    {
      "date": "2025-06-30T00:00:00",
      "quarter_label": "2025-06 (Q2)",
      "revenue": 9626000,
      "gross_profit": null,
      "operating_income": -11093000,
      "net_income": -10198000,
      "opex": 20719000,
      "cogs": null,
      "rd": 16125000,
      "sga": null,
      "fcf": -16758000,
      "ocf": -16758000,
      "capex": null,
      "gross_margin": null,
      "op_margin": -1.1523997506752546,
      "fcf_margin": -1.7409100353210056,
      "incr_op_margin_yoy": 1.0155535224153704,
      "rev_growth_yoy": 0.12809094105238486,
      "rev_growth_yoy_accel": -0.5000853770115736,
      "op_leverage_ratio": 0.31307720269513006,
      "fcf_margin_change": 0.7475706951174699
    },
    {
      "date": "2025-09-30T00:00:00",
      "quarter_label": "2025-09 (Q3)",
      "revenue": 10789000,
      "gross_profit": null,
      "operating_income": -10883000,
      "net_income": -9196000,
      "opex": 21672000,
      "cogs": null,
      "rd": 16587000,
      "sga": null,
      "fcf": -15175000,
      "ocf": -15133000,
      "capex": -42000,
      "gross_margin": null,
      "op_margin": -1.0087125776253592,
      "fcf_margin": -1.406525164519418,
      "incr_op_margin_yoy": 0.018509127789046655,
      "rev_growth_yoy": 0.5761869978086195,
      "rev_growth_yoy_accel": 0.44809605675623465,
      "op_leverage_ratio": 2.62669560339488,
      "fcf_margin_change": 0.33438487080158774
    }
  ],
  "signals": [
    {
      "quarter": "2025-09 (Q3)",
      "signal": "FCF MARGIN EXPANSION",
      "detail": "FCF margin: -174.1% -> -140.7% (+33.4%)",
      "severity": "MEDIUM"
    },
    {
      "quarter": "2025-09 (Q3)",
      "signal": "OPERATING LEVERAGE",
      "detail": "Rev growth +12.1% vs OpEx growth +4.6% (leverage: 2.6x)",
      "severity": "MEDIUM"
    },
    {
      "quarter": "2025-09 (Q3)",
      "signal": "YoY REVENUE GROWTH ACCELERATION",
      "detail": "YoY growth: +57.6% vs prior quarter YoY: +12.8% (accel: +44.8%)",
      "severity": "HIGH"
    },
    {
      "quarter": "2025-06 (Q2)",
      "signal": "FCF MARGIN EXPANSION",
      "detail": "FCF margin: -248.8% -> -174.1% (+74.8%)",
      "severity": "MEDIUM"
    },
    {
      "quarter": "2025-06 (Q2)",
      "signal": "YoY REVENUE GROWTH DECELERATION",
      "detail": "YoY growth: +12.8% vs prior quarter YoY: +62.8% (decel: -50.0%)",
      "severity": "WARNING"
    },
    {
      "quarter": "2025-03 (Q1)",
      "signal": "OPERATING LEVERAGE",
      "detail": "Rev growth +28.0% vs OpEx growth +2.5% (leverage: 11.2x)",
      "severity": "MEDIUM"
    },
    {
      "quarter": "2025-03 (Q1)",
      "signal": "YoY REVENUE GROWTH ACCELERATION",
      "detail": "YoY growth: +62.8% vs prior quarter YoY: +2.7% (accel: +60.1%)",
      "severity": "HIGH"
    },
    {
      "quarter": "2024-12 (Q4)",
      "signal": "FCF MARGIN EXPANSION",
      "detail": "FCF margin: -222.7% -> -5.5% (+217.2%)",
      "severity": "MEDIUM"
    },
    {
      "quarter": "2024-06 (Q2)",
      "signal": "FCF MARGIN EXPANSION",
      "detail": "FCF margin: -317.7% -> -200.6% (+117.1%)",
      "severity": "MEDIUM"
    },
    {
      "quarter": "2024-06 (Q2)",
      "signal": "OPERATING LEVERAGE",
      "detail": "Rev growth +47.5% vs OpEx growth +25.6% (leverage: 1.9x)",
      "severity": "MEDIUM"
    },
    {
      "quarter": "2021-12 (Q4)",
      "signal": "YoY REVENUE GROWTH DECELERATION",
      "detail": "YoY growth: -100.0% vs prior quarter YoY: -81.9% (decel: -18.1%)",
      "severity": "WARNING"
    },
    {
      "quarter": "2021-09 (Q3)",
      "signal": "FCF MARGIN EXPANSION",
      "detail": "FCF margin: -2436.7% -> -301.9% (+2134.8%)",
      "severity": "MEDIUM"
    },
    {
      "quarter": "2020-12 (Q4)",
      "signal": "YoY REVENUE GROWTH DECELERATION",
      "detail": "YoY growth: -78.2% vs prior quarter YoY: +718.0% (decel: -796.3%)",
      "severity": "WARNING"
    },
    {
      "quarter": "2020-09 (Q3)",
      "signal": "YoY REVENUE GROWTH DECELERATION",
      "detail": "YoY growth: +718.0% vs prior quarter YoY: +1178.4% (decel: -460.4%)",
      "severity": "WARNING"
    }
  ],
  "data_quality": {
    "n_quarters": 20,
    "coverage": {
      "revenue": [
        20,
        20
      ],
      "gross_profit": [
        0,
        20
      ],
      "op_income": [
        14,
        20
      ],
      "fcf": [
        14,
        20
      ]
    },
    "gaps": [
      [
        "2020-12 (Q4)",
        "2021-09 (Q3)",
        273
      ],
      [
        "2021-12 (Q4)",
        "2023-03 (Q1)",
        455
      ]
    ],
    "warnings": [
      "gross_profit: no data",
      "op_income: 14/20Q",
      "fcf: 14/20Q",
      "gap: 2Q missing between 2020-12 (Q4) and 2021-09 (Q3)",
      "gap: 4Q missing between 2021-12 (Q4) and 2023-03 (Q1)"
    ]
  },
  "market_cap": null,
  "source": "SEC EDGAR",
  "last_updated": "2026-02-02T22:31:11.462271"
}