{
  "ticker": "ATCH",
  "name": "AtlasClear Holdings, Inc.",
  "sector": "Financial Services",
  "industry": "Capital Markets",
  "quarters": [
    {
      "date": "2024-03-31T00:00:00",
      "quarter_label": "2024-03 (Q1)",
      "revenue": 1270684,
      "gross_profit": null,
      "operating_income": -13869907,
      "net_income": -88577417,
      "opex": 15140591,
      "cogs": null,
      "rd": null,
      "sga": null,
      "fcf": -13337453,
      "ocf": -13337453,
      "capex": null,
      "gross_margin": null,
      "op_margin": -10.915307818466275,
      "fcf_margin": -10.496278382351552
    },
    {
      "date": "2024-06-30T00:00:00",
      "quarter_label": "2024-06 (Q2)",
      "revenue": 2730799,
      "gross_profit": null,
      "operating_income": -398919,
      "net_income": -31629530,
      "opex": 3129718,
      "cogs": null,
      "rd": null,
      "sga": null,
      "fcf": 2125226,
      "ocf": 2125226,
      "capex": null,
      "gross_margin": null,
      "op_margin": -0.14608142159126322,
      "fcf_margin": 0.7782432906999014,
      "op_leverage_ratio": null,
      "fcf_margin_change": 11.274521673051453
    },
    {
      "date": "2024-09-30T00:00:00",
      "quarter_label": "2024-09 (Q3)",
      "revenue": 2804082,
      "gross_profit": null,
      "operating_income": -941102,
      "net_income": 10748033,
      "opex": 3745184,
      "cogs": null,
      "rd": null,
      "sga": null,
      "fcf": 175607,
      "ocf": 175607,
      "capex": null,
      "gross_margin": null,
      "op_margin": -0.3356185732086294,
      "fcf_margin": 0.0626254867011735,
      "op_leverage_ratio": 0.13646291560942853,
      "fcf_margin_change": -0.7156178039987279
    },
    {
      "date": "2024-12-31T00:00:00",
      "quarter_label": "2024-12 (Q4)",
      "revenue": 2746499,
      "gross_profit": null,
      "operating_income": -1149149,
      "net_income": -419690,
      "opex": 3895648,
      "cogs": null,
      "rd": null,
      "sga": null,
      "fcf": 585799,
      "ocf": 585799,
      "capex": null,
      "gross_margin": null,
      "op_margin": -0.41840503127800155,
      "fcf_margin": 0.21328935492057344,
      "fcf_margin_change": 0.15066386821939992
    },
    {
      "date": "2025-03-31T00:00:00",
      "quarter_label": "2025-03 (Q1)",
      "revenue": 2543103,
      "gross_profit": null,
      "operating_income": -1072174,
      "net_income": -2902828,
      "opex": 3615277,
      "cogs": null,
      "rd": null,
      "sga": null,
      "fcf": -1815356,
      "ocf": -1815356,
      "capex": null,
      "gross_margin": null,
      "op_margin": -0.4216006980448688,
      "fcf_margin": -0.7138350275234625,
      "incr_op_margin_yoy": 10.057797785163535,
      "rev_growth_yoy": 1.001365406348077,
      "fcf_margin_change": -0.9271243824440359
    },
    {
      "date": "2025-06-30T00:00:00",
      "quarter_label": "2025-06 (Q2)",
      "revenue": 2762928,
      "gross_profit": null,
      "operating_income": -1754856,
      "net_income": -1675222,
      "opex": 4517784,
      "cogs": null,
      "rd": null,
      "sga": null,
      "fcf": 1875977,
      "ocf": 1875977,
      "capex": null,
      "gross_margin": null,
      "op_margin": -0.6351435868035649,
      "fcf_margin": 0.6789815007846748,
      "rev_growth_yoy": 0.011765421036114339,
      "rev_growth_yoy_accel": -0.9895999853119627,
      "op_leverage_ratio": 0.34626144001953807,
      "fcf_margin_change": 1.3928165283081373
    },
    {
      "date": "2025-09-30T00:00:00",
      "quarter_label": "2025-09 (Q3)",
      "revenue": 4250590,
      "gross_profit": null,
      "operating_income": -877238,
      "net_income": -440294,
      "opex": 5127828,
      "cogs": null,
      "rd": null,
      "sga": null,
      "fcf": -2500236,
      "ocf": -2500236,
      "capex": null,
      "gross_margin": null,
      "op_margin": -0.20638029073610958,
      "fcf_margin": -0.5882091662569197,
      "incr_op_margin_yoy": 0.04415046442881754,
      "rev_growth_yoy": 0.5158579527988126,
      "rev_growth_yoy_accel": 0.5040925317626983,
      "op_leverage_ratio": 3.98748447428606,
      "fcf_margin_change": -1.2671906670415944
    },
    {
      "date": "2025-12-31T00:00:00",
      "quarter_label": "2025-12 (Q4)",
      "revenue": 5057094,
      "gross_profit": null,
      "operating_income": -2455322,
      "net_income": 6784171,
      "opex": 7512416,
      "cogs": null,
      "rd": null,
      "sga": null,
      "fcf": 1498432,
      "ocf": 1498432,
      "capex": null,
      "gross_margin": null,
      "op_margin": -0.48552034033775127,
      "fcf_margin": 0.29630297558241947,
      "incr_op_margin_yoy": -0.5652972502753619,
      "rev_growth_yoy": 0.8412873989759326,
      "rev_growth_yoy_accel": 0.32542944617712,
      "op_leverage_ratio": 0.4080161981859488,
      "fcf_margin_change": 0.8845121418393391
    }
  ],
  "signals": [
    {
      "quarter": "2025-12 (Q4)",
      "signal": "FCF TURNED POSITIVE",
      "detail": "FCF margin: -58.8% -> +29.6%",
      "severity": "HIGH"
    },
    {
      "quarter": "2025-12 (Q4)",
      "signal": "YoY REVENUE GROWTH ACCELERATION",
      "detail": "YoY growth: +84.1% vs prior quarter YoY: +51.6% (accel: +32.5%)",
      "severity": "HIGH"
    },
    {
      "quarter": "2025-09 (Q3)",
      "signal": "OPERATING LEVERAGE",
      "detail": "Rev growth +53.8% vs OpEx growth +13.5% (leverage: 4.0x)",
      "severity": "MEDIUM"
    },
    {
      "quarter": "2025-09 (Q3)",
      "signal": "YoY REVENUE GROWTH ACCELERATION",
      "detail": "YoY growth: +51.6% vs prior quarter YoY: +1.2% (accel: +50.4%)",
      "severity": "HIGH"
    },
    {
      "quarter": "2025-06 (Q2)",
      "signal": "FCF TURNED POSITIVE",
      "detail": "FCF margin: -71.4% -> +67.9%",
      "severity": "HIGH"
    },
    {
      "quarter": "2025-06 (Q2)",
      "signal": "YoY REVENUE GROWTH DECELERATION",
      "detail": "YoY growth: +1.2% vs prior quarter YoY: +100.1% (decel: -99.0%)",
      "severity": "WARNING"
    },
    {
      "quarter": "2024-12 (Q4)",
      "signal": "FCF MARGIN EXPANSION",
      "detail": "FCF margin: +6.3% -> +21.3% (+15.1%)",
      "severity": "MEDIUM"
    },
    {
      "quarter": "2024-06 (Q2)",
      "signal": "FCF TURNED POSITIVE",
      "detail": "FCF margin: -1049.6% -> +77.8%",
      "severity": "HIGH"
    }
  ],
  "data_quality": {
    "n_quarters": 8,
    "coverage": {
      "revenue": [
        8,
        8
      ],
      "gross_profit": [
        0,
        8
      ],
      "op_income": [
        8,
        8
      ],
      "fcf": [
        8,
        8
      ]
    },
    "gaps": [],
    "warnings": [
      "gross_profit: no data"
    ]
  },
  "market_cap": null,
  "source": "SEC EDGAR",
  "last_updated": "2026-02-24T10:43:21.499443"
}