{
  "ticker": "ATH-PB",
  "name": "ATHENE HOLDING LTD",
  "quarters": [
    {
      "date": "2020-12-31T00:00:00",
      "quarter_label": "2020-12 (Q4)",
      "revenue": 8640000000,
      "gross_profit": null,
      "operating_income": null,
      "net_income": 1093000000,
      "opex": null,
      "cogs": null,
      "rd": null,
      "sga": null,
      "fcf": 3229000000,
      "ocf": 3229000000,
      "capex": null,
      "gross_margin": null,
      "op_margin": null,
      "fcf_margin": 0.37372685185185184
    },
    {
      "date": "2021-03-31T00:00:00",
      "quarter_label": "2021-03 (Q1)",
      "revenue": 4391000000,
      "gross_profit": null,
      "operating_income": null,
      "net_income": 614000000,
      "opex": null,
      "cogs": null,
      "rd": null,
      "sga": null,
      "fcf": 1626000000,
      "ocf": 1626000000,
      "capex": null,
      "gross_margin": null,
      "op_margin": null,
      "fcf_margin": 0.37030289227966295,
      "fcf_margin_change": -0.003423959572188884
    },
    {
      "date": "2021-06-30T00:00:00",
      "quarter_label": "2021-06 (Q2)",
      "revenue": 6423000000,
      "gross_profit": null,
      "operating_income": null,
      "net_income": 1417000000,
      "opex": null,
      "cogs": null,
      "rd": null,
      "sga": null,
      "fcf": 872000000,
      "ocf": 872000000,
      "capex": null,
      "gross_margin": null,
      "op_margin": null,
      "fcf_margin": 0.13576210493538846,
      "fcf_margin_change": -0.2345407873442745
    },
    {
      "date": "2021-09-30T00:00:00",
      "quarter_label": "2021-09 (Q3)",
      "revenue": 8724000000,
      "gross_profit": null,
      "operating_income": null,
      "net_income": 733000000,
      "opex": null,
      "cogs": null,
      "rd": null,
      "sga": null,
      "fcf": 4763000000,
      "ocf": 4763000000,
      "capex": null,
      "gross_margin": null,
      "op_margin": null,
      "fcf_margin": 0.5459651535992663,
      "fcf_margin_change": 0.4102030486638779
    },
    {
      "date": "2021-12-31T00:00:00",
      "quarter_label": "2021-12 (Q4)",
      "revenue": 6782000000,
      "gross_profit": null,
      "operating_income": null,
      "net_income": 1095000000,
      "opex": null,
      "cogs": null,
      "rd": null,
      "sga": null,
      "fcf": 3031000000,
      "ocf": 3031000000,
      "capex": null,
      "gross_margin": null,
      "op_margin": null,
      "fcf_margin": 0.44691831318195224,
      "rev_growth_yoy": -0.2150462962962963,
      "fcf_margin_change": -0.0990468404173141
    },
    {
      "date": "2022-03-31T00:00:00",
      "quarter_label": "2022-03 (Q1)",
      "revenue": -269000000,
      "gross_profit": null,
      "operating_income": null,
      "net_income": -1483000000,
      "opex": null,
      "cogs": null,
      "rd": null,
      "sga": null,
      "fcf": 155000000,
      "ocf": 155000000,
      "capex": null,
      "gross_margin": null,
      "op_margin": null,
      "fcf_margin": -0.5762081784386617,
      "rev_growth_yoy": -1.0612616716010022,
      "rev_growth_yoy_accel": -0.8462153753047059,
      "fcf_margin_change": -1.023126491620614
    },
    {
      "date": "2022-06-30T00:00:00",
      "quarter_label": "2022-06 (Q2)",
      "revenue": 1795000000,
      "gross_profit": null,
      "operating_income": null,
      "net_income": -2120000000,
      "opex": null,
      "cogs": null,
      "rd": null,
      "sga": null,
      "fcf": 4571000000,
      "ocf": 4571000000,
      "capex": null,
      "gross_margin": null,
      "op_margin": null,
      "fcf_margin": 2.5465181058495823,
      "rev_growth_yoy": -0.7205355752763506,
      "rev_growth_yoy_accel": 0.34072609632465156,
      "fcf_margin_change": 3.1227262842882437
    },
    {
      "date": "2022-09-30T00:00:00",
      "quarter_label": "2022-09 (Q3)",
      "revenue": 2309000000,
      "gross_profit": null,
      "operating_income": null,
      "net_income": -901000000,
      "opex": null,
      "cogs": null,
      "rd": null,
      "sga": null,
      "fcf": 1351000000,
      "ocf": 1351000000,
      "capex": null,
      "gross_margin": null,
      "op_margin": null,
      "fcf_margin": 0.5851017756604591,
      "rev_growth_yoy": -0.7353278312700596,
      "rev_growth_yoy_accel": -0.014792255993709036,
      "fcf_margin_change": -1.9614163301891232
    },
    {
      "date": "2022-12-31T00:00:00",
      "quarter_label": "2022-12 (Q4)",
      "revenue": 3787000000,
      "gross_profit": null,
      "operating_income": null,
      "net_income": 397000000,
      "opex": null,
      "cogs": null,
      "rd": null,
      "sga": null,
      "fcf": 181000000,
      "ocf": 181000000,
      "capex": null,
      "gross_margin": null,
      "op_margin": null,
      "fcf_margin": 0.04779508846052284,
      "rev_growth_yoy": -0.44161014450014746,
      "rev_growth_yoy_accel": 0.29371768676991217,
      "fcf_margin_change": -0.5373066871999362
    },
    {
      "date": "2023-03-31T00:00:00",
      "quarter_label": "2023-03 (Q1)",
      "revenue": 4060000000,
      "gross_profit": null,
      "operating_income": null,
      "net_income": 768000000,
      "opex": 435000000,
      "cogs": null,
      "rd": null,
      "sga": null,
      "fcf": 75000000,
      "ocf": 75000000,
      "capex": null,
      "gross_margin": null,
      "op_margin": null,
      "fcf_margin": 0.01847290640394089,
      "fcf_margin_change": -0.029322182056581953
    },
    {
      "date": "2023-06-30T00:00:00",
      "quarter_label": "2023-06 (Q2)",
      "revenue": 12686000000,
      "gross_profit": null,
      "operating_income": null,
      "net_income": 441000000,
      "opex": 452000000,
      "cogs": null,
      "rd": null,
      "sga": null,
      "fcf": 4331000000,
      "ocf": 4331000000,
      "capex": null,
      "gross_margin": null,
      "op_margin": null,
      "fcf_margin": 0.34139996846917864,
      "rev_growth_yoy": 6.067409470752089,
      "op_leverage_ratio": 54.3655462184874,
      "fcf_margin_change": 0.32292706206523775
    },
    {
      "date": "2023-09-30T00:00:00",
      "quarter_label": "2023-09 (Q3)",
      "revenue": 1436000000,
      "gross_profit": null,
      "operating_income": null,
      "net_income": 486000000,
      "opex": 472000000,
      "cogs": null,
      "rd": null,
      "sga": null,
      "fcf": -702000000,
      "ocf": -702000000,
      "capex": null,
      "gross_margin": null,
      "op_margin": null,
      "fcf_margin": -0.48885793871866295,
      "rev_growth_yoy": -0.37808575140753575,
      "rev_growth_yoy_accel": -6.445495222159625,
      "fcf_margin_change": -0.8302579071878415
    },
    {
      "date": "2023-12-31T00:00:00",
      "quarter_label": "2023-12 (Q4)",
      "revenue": 10012000000,
      "gross_profit": null,
      "operating_income": null,
      "net_income": 2970000000,
      "opex": null,
      "cogs": null,
      "rd": null,
      "sga": null,
      "fcf": 1279000000,
      "ocf": 1279000000,
      "capex": null,
      "gross_margin": null,
      "op_margin": null,
      "fcf_margin": 0.1277467039552537,
      "rev_growth_yoy": 1.6437813572748878,
      "rev_growth_yoy_accel": 2.0218671086824234,
      "fcf_margin_change": 0.6166046426739167
    },
    {
      "date": "2024-03-31T00:00:00",
      "quarter_label": "2024-03 (Q1)",
      "revenue": 5721000000,
      "gross_profit": null,
      "operating_income": null,
      "net_income": 1192000000,
      "opex": 459000000,
      "cogs": null,
      "rd": null,
      "sga": null,
      "fcf": 185000000,
      "ocf": 185000000,
      "capex": null,
      "gross_margin": null,
      "op_margin": null,
      "fcf_margin": 0.03233700402027617,
      "rev_growth_yoy": 0.40911330049261085,
      "rev_growth_yoy_accel": -1.234668056782277,
      "fcf_margin_change": -0.09540969993497753
    },
    {
      "date": "2024-06-30T00:00:00",
      "quarter_label": "2024-06 (Q2)",
      "revenue": 4664000000,
      "gross_profit": null,
      "operating_income": null,
      "net_income": 629000000,
      "opex": 507000000,
      "cogs": null,
      "rd": null,
      "sga": null,
      "fcf": 525000000,
      "ocf": 525000000,
      "capex": null,
      "gross_margin": null,
      "op_margin": null,
      "fcf_margin": 0.11256432246998285,
      "rev_growth_yoy": -0.6323506227337222,
      "rev_growth_yoy_accel": -1.041463923226333,
      "fcf_margin_change": 0.08022731844970668
    },
    {
      "date": "2024-09-30T00:00:00",
      "quarter_label": "2024-09 (Q3)",
      "revenue": 6522000000,
      "gross_profit": null,
      "operating_income": null,
      "net_income": 625000000,
      "opex": 687000000,
      "cogs": null,
      "rd": null,
      "sga": null,
      "fcf": 780000000,
      "ocf": 780000000,
      "capex": null,
      "gross_margin": null,
      "op_margin": null,
      "fcf_margin": 0.11959521619135234,
      "rev_growth_yoy": 3.5417827298050137,
      "rev_growth_yoy_accel": 4.174133352538736,
      "op_leverage_ratio": 1.122076901086335,
      "fcf_margin_change": 0.007030893721369488
    },
    {
      "date": "2024-12-31T00:00:00",
      "quarter_label": "2024-12 (Q4)",
      "revenue": 3782000000,
      "gross_profit": null,
      "operating_income": null,
      "net_income": 1015000000,
      "opex": null,
      "cogs": null,
      "rd": null,
      "sga": null,
      "fcf": 386000000,
      "ocf": 386000000,
      "capex": null,
      "gross_margin": null,
      "op_margin": null,
      "fcf_margin": 0.10206240084611316,
      "rev_growth_yoy": -0.6222532960447463,
      "rev_growth_yoy_accel": -4.16403602584976,
      "fcf_margin_change": -0.017532815345239178
    },
    {
      "date": "2025-03-31T00:00:00",
      "quarter_label": "2025-03 (Q1)",
      "revenue": 4186000000,
      "gross_profit": null,
      "operating_income": null,
      "net_income": 465000000,
      "opex": null,
      "cogs": null,
      "rd": null,
      "sga": null,
      "fcf": 426000000,
      "ocf": 426000000,
      "capex": null,
      "gross_margin": null,
      "op_margin": null,
      "fcf_margin": 0.10176779741997133,
      "rev_growth_yoy": -0.26830973606012937,
      "rev_growth_yoy_accel": 0.35394355998461696,
      "fcf_margin_change": -0.00029460342614183455
    },
    {
      "date": "2025-06-30T00:00:00",
      "quarter_label": "2025-06 (Q2)",
      "revenue": 5359000000,
      "gross_profit": null,
      "operating_income": null,
      "net_income": 464000000,
      "opex": null,
      "cogs": null,
      "rd": null,
      "sga": null,
      "fcf": 1056000000,
      "ocf": 1056000000,
      "capex": null,
      "gross_margin": null,
      "op_margin": null,
      "fcf_margin": 0.19705168874790072,
      "rev_growth_yoy": 0.14901372212692968,
      "rev_growth_yoy_accel": 0.41732345818705907,
      "fcf_margin_change": 0.09528389132792939
    },
    {
      "date": "2025-09-30T00:00:00",
      "quarter_label": "2025-09 (Q3)",
      "revenue": 7998000000,
      "gross_profit": null,
      "operating_income": null,
      "net_income": 1259000000,
      "opex": null,
      "cogs": null,
      "rd": null,
      "sga": null,
      "fcf": 636000000,
      "ocf": 636000000,
      "capex": null,
      "gross_margin": null,
      "op_margin": null,
      "fcf_margin": 0.0795198799699925,
      "rev_growth_yoy": 0.22631094756209752,
      "rev_growth_yoy_accel": 0.07729722543516784,
      "fcf_margin_change": -0.11753180877790821
    }
  ],
  "signals": [
    {
      "quarter": "2025-09 (Q3)",
      "signal": "YoY REVENUE GROWTH ACCELERATION",
      "detail": "YoY growth: +22.6% vs prior quarter YoY: +14.9% (accel: +7.7%)",
      "severity": "MEDIUM"
    },
    {
      "quarter": "2025-06 (Q2)",
      "signal": "FCF MARGIN EXPANSION",
      "detail": "FCF margin: +10.2% -> +19.7% (+9.5%)",
      "severity": "MEDIUM"
    },
    {
      "quarter": "2025-06 (Q2)",
      "signal": "YoY REVENUE GROWTH ACCELERATION",
      "detail": "YoY growth: +14.9% vs prior quarter YoY: -26.8% (accel: +41.7%)",
      "severity": "HIGH"
    },
    {
      "quarter": "2025-03 (Q1)",
      "signal": "YoY REVENUE GROWTH ACCELERATION",
      "detail": "YoY growth: -26.8% vs prior quarter YoY: -62.2% (accel: +35.4%)",
      "severity": "HIGH"
    },
    {
      "quarter": "2024-12 (Q4)",
      "signal": "YoY REVENUE GROWTH DECELERATION",
      "detail": "YoY growth: -62.2% vs prior quarter YoY: +354.2% (decel: -416.4%)",
      "severity": "WARNING"
    },
    {
      "quarter": "2024-09 (Q3)",
      "signal": "YoY REVENUE GROWTH ACCELERATION",
      "detail": "YoY growth: +354.2% vs prior quarter YoY: -63.2% (accel: +417.4%)",
      "severity": "HIGH"
    },
    {
      "quarter": "2024-06 (Q2)",
      "signal": "FCF MARGIN EXPANSION",
      "detail": "FCF margin: +3.2% -> +11.3% (+8.0%)",
      "severity": "MEDIUM"
    },
    {
      "quarter": "2024-06 (Q2)",
      "signal": "YoY REVENUE GROWTH DECELERATION",
      "detail": "YoY growth: -63.2% vs prior quarter YoY: +40.9% (decel: -104.1%)",
      "severity": "WARNING"
    },
    {
      "quarter": "2024-03 (Q1)",
      "signal": "YoY REVENUE GROWTH DECELERATION",
      "detail": "YoY growth: +40.9% vs prior quarter YoY: +164.4% (decel: -123.5%)",
      "severity": "WARNING"
    },
    {
      "quarter": "2023-12 (Q4)",
      "signal": "FCF TURNED POSITIVE",
      "detail": "FCF margin: -48.9% -> +12.8%",
      "severity": "HIGH"
    },
    {
      "quarter": "2023-12 (Q4)",
      "signal": "YoY REVENUE GROWTH ACCELERATION",
      "detail": "YoY growth: +164.4% vs prior quarter YoY: -37.8% (accel: +202.2%)",
      "severity": "HIGH"
    },
    {
      "quarter": "2023-09 (Q3)",
      "signal": "YoY REVENUE GROWTH DECELERATION",
      "detail": "YoY growth: -37.8% vs prior quarter YoY: +606.7% (decel: -644.5%)",
      "severity": "WARNING"
    },
    {
      "quarter": "2023-06 (Q2)",
      "signal": "FCF MARGIN EXPANSION",
      "detail": "FCF margin: +1.8% -> +34.1% (+32.3%)",
      "severity": "MEDIUM"
    },
    {
      "quarter": "2023-06 (Q2)",
      "signal": "OPERATING LEVERAGE",
      "detail": "Rev growth +212.5% vs OpEx growth +3.9% (leverage: 54.4x)",
      "severity": "MEDIUM"
    },
    {
      "quarter": "2022-12 (Q4)",
      "signal": "YoY REVENUE GROWTH ACCELERATION",
      "detail": "YoY growth: -44.2% vs prior quarter YoY: -73.5% (accel: +29.4%)",
      "severity": "HIGH"
    },
    {
      "quarter": "2022-06 (Q2)",
      "signal": "FCF TURNED POSITIVE",
      "detail": "FCF margin: -57.6% -> +254.7%",
      "severity": "HIGH"
    },
    {
      "quarter": "2022-06 (Q2)",
      "signal": "YoY REVENUE GROWTH ACCELERATION",
      "detail": "YoY growth: -72.1% vs prior quarter YoY: -106.1% (accel: +34.1%)",
      "severity": "HIGH"
    },
    {
      "quarter": "2022-03 (Q1)",
      "signal": "YoY REVENUE GROWTH DECELERATION",
      "detail": "YoY growth: -106.1% vs prior quarter YoY: -21.5% (decel: -84.6%)",
      "severity": "WARNING"
    },
    {
      "quarter": "2021-09 (Q3)",
      "signal": "FCF MARGIN EXPANSION",
      "detail": "FCF margin: +13.6% -> +54.6% (+41.0%)",
      "severity": "MEDIUM"
    }
  ],
  "data_quality": {
    "n_quarters": 20,
    "coverage": {
      "revenue": [
        20,
        20
      ],
      "gross_profit": [
        0,
        20
      ],
      "op_income": [
        0,
        20
      ],
      "fcf": [
        20,
        20
      ]
    },
    "gaps": [],
    "warnings": [
      "gross_profit: no data",
      "op_income: no data"
    ]
  },
  "market_cap": null,
  "source": "SEC EDGAR",
  "last_updated": "2026-02-03T01:09:07.522718",
  "sector": "Financial Services",
  "industry": "Insurance - Life"
}