{
  "ticker": "ATI",
  "name": "ATI Inc.",
  "quarters": [
    {
      "date": "2022-06-30T00:00:00",
      "quarter_label": "2022-06 (Q2)",
      "revenue": 959500000,
      "gross_profit": 175300000,
      "operating_income": -11600000,
      "net_income": -38000000,
      "opex": 186900000,
      "cogs": 784200000,
      "rd": null,
      "sga": 72300000,
      "fcf": -5200000,
      "ocf": -5200000,
      "capex": null,
      "gross_margin": 0.18269932256383534,
      "op_margin": -0.012089630015633143,
      "fcf_margin": -0.005419489317352788
    },
    {
      "date": "2022-07-03T00:00:00",
      "quarter_label": "2022-07 (Q3)",
      "revenue": 959500000,
      "gross_profit": null,
      "operating_income": 17200000,
      "net_income": 6700000,
      "opex": null,
      "cogs": null,
      "rd": null,
      "sga": null,
      "fcf": null,
      "ocf": null,
      "capex": null,
      "gross_margin": null,
      "op_margin": 0.017926003126628454,
      "fcf_margin": null
    },
    {
      "date": "2022-09-30T00:00:00",
      "quarter_label": "2022-09 (Q3)",
      "revenue": 1032000000,
      "gross_profit": 183800000,
      "operating_income": 113200000,
      "net_income": 61100000,
      "opex": 70600000,
      "cogs": 848200000,
      "rd": null,
      "sga": 73200000,
      "fcf": 123000000,
      "ocf": 123000000,
      "capex": null,
      "gross_margin": 0.17810077519379844,
      "op_margin": 0.10968992248062015,
      "fcf_margin": 0.11918604651162791
    },
    {
      "date": "2022-10-02T00:00:00",
      "quarter_label": "2022-10 (Q4)",
      "revenue": 1032000000,
      "gross_profit": null,
      "operating_income": 113200000,
      "net_income": 76900000,
      "opex": null,
      "cogs": null,
      "rd": null,
      "sga": null,
      "fcf": null,
      "ocf": null,
      "capex": null,
      "gross_margin": null,
      "op_margin": 0.10968992248062015,
      "fcf_margin": null
    },
    {
      "date": "2022-12-31T00:00:00",
      "quarter_label": "2022-12 (Q4)",
      "revenue": 1010400000,
      "gross_profit": 185700000,
      "operating_income": 108700000,
      "net_income": 76900000,
      "opex": 77000000,
      "cogs": 824700000,
      "rd": null,
      "sga": 76800000,
      "fcf": 324300000,
      "ocf": 324300000,
      "capex": null,
      "gross_margin": 0.18378859857482185,
      "op_margin": 0.10758115597783056,
      "fcf_margin": 0.32096199524940616
    },
    {
      "date": "2023-01-01T00:00:00",
      "quarter_label": "2023-01 (Q1)",
      "revenue": 1010400000,
      "gross_profit": 185700000,
      "operating_income": 108700000,
      "net_income": 193000000,
      "opex": 77000000,
      "cogs": 824700000,
      "rd": null,
      "sga": 76800000,
      "fcf": null,
      "ocf": null,
      "capex": null,
      "gross_margin": 0.18378859857482185,
      "op_margin": 0.10758115597783056,
      "fcf_margin": null
    },
    {
      "date": "2023-03-31T00:00:00",
      "quarter_label": "2023-03 (Q1)",
      "revenue": 1038100000,
      "gross_profit": 193200000,
      "operating_income": 112600000,
      "net_income": 70100000,
      "opex": 80600000,
      "cogs": 844900000,
      "rd": null,
      "sga": 80600000,
      "fcf": -285200000,
      "ocf": -285200000,
      "capex": null,
      "gross_margin": 0.1861092380310182,
      "op_margin": 0.10846739235141123,
      "fcf_margin": -0.27473268471245543,
      "op_leverage_ratio": 0.5863739333157385
    },
    {
      "date": "2023-04-02T00:00:00",
      "quarter_label": "2023-04 (Q2)",
      "revenue": 1038100000,
      "gross_profit": 193200000,
      "operating_income": 112600000,
      "net_income": 84500000,
      "opex": 80600000,
      "cogs": 844900000,
      "rd": null,
      "sga": 80600000,
      "fcf": -285200000,
      "ocf": -285200000,
      "capex": null,
      "gross_margin": 0.1861092380310182,
      "op_margin": 0.10846739235141123,
      "fcf_margin": -0.27473268471245543,
      "fcf_margin_change": 0.0
    },
    {
      "date": "2023-06-30T00:00:00",
      "quarter_label": "2023-06 (Q2)",
      "revenue": 1046000000,
      "gross_profit": 209100000,
      "operating_income": 120300000,
      "net_income": 76000000,
      "opex": 88800000,
      "cogs": 836900000,
      "rd": null,
      "sga": 85400000,
      "fcf": 68100000,
      "ocf": 68100000,
      "capex": null,
      "gross_margin": 0.19990439770554494,
      "op_margin": 0.1150095602294455,
      "fcf_margin": 0.06510516252390057,
      "incr_op_margin_yoy": 1.5248554913294798,
      "rev_growth_yoy": 0.09015112037519542,
      "fcf_margin_change": 0.339837847236356
    },
    {
      "date": "2023-07-02T00:00:00",
      "quarter_label": "2023-07 (Q3)",
      "revenue": 1046000000,
      "gross_profit": 209100000,
      "operating_income": 120300000,
      "net_income": 90400000,
      "opex": 88800000,
      "cogs": 836900000,
      "rd": null,
      "sga": 85400000,
      "fcf": 68100000,
      "ocf": 68100000,
      "capex": null,
      "gross_margin": 0.19990439770554494,
      "op_margin": 0.1150095602294455,
      "fcf_margin": 0.06510516252390057,
      "incr_op_margin_yoy": 1.191907514450867,
      "rev_growth_yoy": 0.09015112037519542,
      "rev_growth_yoy_accel": 0.0,
      "fcf_margin_change": 0.0
    },
    {
      "date": "2023-09-30T00:00:00",
      "quarter_label": "2023-09 (Q3)",
      "revenue": 1025600000,
      "gross_profit": 194600000,
      "operating_income": 125200000,
      "net_income": 75700000,
      "opex": 69400000,
      "cogs": 831000000,
      "rd": null,
      "sga": 69800000,
      "fcf": -114200000,
      "ocf": -114200000,
      "capex": null,
      "gross_margin": 0.18974258970358815,
      "op_margin": 0.12207488299531981,
      "fcf_margin": -0.11134945397815912,
      "incr_op_margin_yoy": -1.875,
      "rev_growth_yoy": -0.006201550387596899,
      "rev_growth_yoy_accel": -0.09635267076279232,
      "fcf_margin_change": -0.17645461650205968
    },
    {
      "date": "2023-10-01T00:00:00",
      "quarter_label": "2023-10 (Q4)",
      "revenue": 1025600000,
      "gross_profit": 194600000,
      "operating_income": 125200000,
      "net_income": 90200000,
      "opex": 69400000,
      "cogs": 831000000,
      "rd": null,
      "sga": 69800000,
      "fcf": -114200000,
      "ocf": -114200000,
      "capex": null,
      "gross_margin": 0.18974258970358815,
      "op_margin": 0.12207488299531981,
      "fcf_margin": -0.11134945397815912,
      "incr_op_margin_yoy": -1.875,
      "rev_growth_yoy": -0.006201550387596899,
      "rev_growth_yoy_accel": 0.0,
      "fcf_margin_change": 0.0
    },
    {
      "date": "2023-12-31T00:00:00",
      "quarter_label": "2023-12 (Q4)",
      "revenue": 1064000000,
      "gross_profit": 205700000,
      "operating_income": 108300000,
      "net_income": 145700000,
      "opex": 97400000,
      "cogs": 858300000,
      "rd": null,
      "sga": 92300000,
      "fcf": 417200000,
      "ocf": 417200000,
      "capex": null,
      "gross_margin": 0.19332706766917293,
      "op_margin": 0.10178571428571428,
      "fcf_margin": 0.39210526315789473,
      "incr_op_margin_yoy": -0.007462686567164179,
      "rev_growth_yoy": 0.05304829770387965,
      "rev_growth_yoy_accel": 0.05924984809147655,
      "op_leverage_ratio": 0.09280142634276799,
      "fcf_margin_change": 0.5034547171360538
    },
    {
      "date": "2024-03-31T00:00:00",
      "quarter_label": "2024-03 (Q1)",
      "revenue": 1042900000,
      "gross_profit": 197400000,
      "operating_income": 115200000,
      "net_income": 66100000,
      "opex": 82200000,
      "cogs": 845500000,
      "rd": null,
      "sga": 82000000,
      "fcf": -98800000,
      "ocf": -98800000,
      "capex": null,
      "gross_margin": 0.18927989260715314,
      "op_margin": 0.1104612139227155,
      "fcf_margin": -0.0947358327739956,
      "incr_op_margin_yoy": 0.5416666666666666,
      "rev_growth_yoy": 0.004623832000770638,
      "rev_growth_yoy_accel": -0.048424465703109015,
      "fcf_margin_change": -0.48684109593189034
    },
    {
      "date": "2024-06-30T00:00:00",
      "quarter_label": "2024-06 (Q2)",
      "revenue": 1095300000,
      "gross_profit": 227400000,
      "operating_income": 142600000,
      "net_income": 81900000,
      "opex": 84800000,
      "cogs": 867900000,
      "rd": null,
      "sga": 88900000,
      "fcf": 101100000,
      "ocf": 101100000,
      "capex": null,
      "gross_margin": 0.20761435223226513,
      "op_margin": 0.13019264128549257,
      "fcf_margin": 0.09230347849904136,
      "incr_op_margin_yoy": 0.45233265720081134,
      "rev_growth_yoy": 0.04713193116634799,
      "rev_growth_yoy_accel": 0.04250809916557735,
      "op_leverage_ratio": 1.5884995242555888,
      "fcf_margin_change": 0.18703931127303697
    },
    {
      "date": "2024-09-29T00:00:00",
      "quarter_label": "2024-09 (Q3)",
      "revenue": 1051200000,
      "gross_profit": 224800000,
      "operating_income": 142200000,
      "net_income": 82700000,
      "opex": 82600000,
      "cogs": 826400000,
      "rd": null,
      "sga": 82400000,
      "fcf": 24000000,
      "ocf": 24000000,
      "capex": null,
      "gross_margin": 0.21385083713850836,
      "op_margin": 0.13527397260273974,
      "fcf_margin": 0.0228310502283105,
      "incr_op_margin_yoy": 0.6640625,
      "rev_growth_yoy": 0.0249609984399376,
      "rev_growth_yoy_accel": -0.022170932726410394,
      "fcf_margin_change": -0.06947242827073086
    },
    {
      "date": "2024-12-29T00:00:00",
      "quarter_label": "2024-12 (Q4)",
      "revenue": 1172700000,
      "gross_profit": 248600000,
      "operating_income": 208900000,
      "net_income": 137100000,
      "opex": 39700000,
      "cogs": 924100000,
      "rd": null,
      "sga": 89000000,
      "fcf": 380900000,
      "ocf": 380900000,
      "capex": null,
      "gross_margin": 0.21198942611068475,
      "op_margin": 0.1781359256416816,
      "fcf_margin": 0.32480600324038544,
      "incr_op_margin_yoy": 0.9254829806807727,
      "rev_growth_yoy": 0.10216165413533834,
      "rev_growth_yoy_accel": 0.07720065569540074,
      "op_leverage_ratio": Infinity,
      "fcf_margin_change": 0.30197495301207494
    },
    {
      "date": "2025-03-30T00:00:00",
      "quarter_label": "2025-03 (Q1)",
      "revenue": 1144400000,
      "gross_profit": 235800000,
      "operating_income": 146900000,
      "net_income": 97000000,
      "opex": 88900000,
      "cogs": 908600000,
      "rd": null,
      "sga": 85000000,
      "fcf": -92500000,
      "ocf": -92500000,
      "capex": null,
      "gross_margin": 0.20604683677036,
      "op_margin": 0.12836420831876966,
      "fcf_margin": -0.08082838168472561,
      "incr_op_margin_yoy": 0.31231527093596056,
      "rev_growth_yoy": 0.09732476747530923,
      "rev_growth_yoy_accel": -0.004836886660029113,
      "fcf_margin_change": -0.40563438492511106
    },
    {
      "date": "2025-06-29T00:00:00",
      "quarter_label": "2025-06 (Q2)",
      "revenue": 1140400000,
      "gross_profit": 242500000,
      "operating_income": 161000000,
      "net_income": 100700000,
      "opex": 81500000,
      "cogs": 897900000,
      "rd": null,
      "sga": 82800000,
      "fcf": 161500000,
      "ocf": 161500000,
      "capex": null,
      "gross_margin": 0.21264468607506137,
      "op_margin": 0.1411785338477727,
      "fcf_margin": 0.14161697649947386,
      "incr_op_margin_yoy": 0.4079822616407982,
      "rev_growth_yoy": 0.04117593353419154,
      "rev_growth_yoy_accel": -0.056148833941117686,
      "fcf_margin_change": 0.22244535818419947
    },
    {
      "date": "2025-09-28T00:00:00",
      "quarter_label": "2025-09 (Q3)",
      "revenue": 1125500000,
      "gross_profit": 255300000,
      "operating_income": 162400000,
      "net_income": 110000000,
      "opex": 92900000,
      "cogs": 870200000,
      "rd": null,
      "sga": 94600000,
      "fcf": 229500000,
      "ocf": 229500000,
      "capex": null,
      "gross_margin": 0.22683251888049755,
      "op_margin": 0.1442914260328743,
      "fcf_margin": 0.20390937361172812,
      "incr_op_margin_yoy": 0.2718707940780619,
      "rev_growth_yoy": 0.07068112633181127,
      "rev_growth_yoy_accel": 0.029505192797619727,
      "fcf_margin_change": 0.06229239711225426
    }
  ],
  "signals": [
    {
      "quarter": "2025-09 (Q3)",
      "signal": "FCF MARGIN EXPANSION",
      "detail": "FCF margin: +14.2% -> +20.4% (+6.2%)",
      "severity": "MEDIUM"
    },
    {
      "quarter": "2025-09 (Q3)",
      "signal": "INCREMENTAL MARGIN (YoY)",
      "detail": "YoY Incr OPM: +27.2% vs year-ago OPM: +13.5%",
      "severity": "MEDIUM"
    },
    {
      "quarter": "2025-06 (Q2)",
      "signal": "FCF TURNED POSITIVE",
      "detail": "FCF margin: -8.1% -> +14.2%",
      "severity": "HIGH"
    },
    {
      "quarter": "2025-06 (Q2)",
      "signal": "YoY REVENUE GROWTH DECELERATION",
      "detail": "YoY growth: +4.1% vs prior quarter YoY: +9.7% (decel: -5.6%)",
      "severity": "WARNING"
    },
    {
      "quarter": "2025-06 (Q2)",
      "signal": "INCREMENTAL MARGIN (YoY)",
      "detail": "YoY Incr OPM: +40.8% vs year-ago OPM: +13.0%",
      "severity": "HIGH"
    },
    {
      "quarter": "2025-03 (Q1)",
      "signal": "INCREMENTAL MARGIN (YoY)",
      "detail": "YoY Incr OPM: +31.2% vs year-ago OPM: +11.0%",
      "severity": "HIGH"
    },
    {
      "quarter": "2024-12 (Q4)",
      "signal": "FCF MARGIN EXPANSION",
      "detail": "FCF margin: +2.3% -> +32.5% (+30.2%)",
      "severity": "MEDIUM"
    },
    {
      "quarter": "2024-12 (Q4)",
      "signal": "YoY REVENUE GROWTH ACCELERATION",
      "detail": "YoY growth: +10.2% vs prior quarter YoY: +2.5% (accel: +7.7%)",
      "severity": "MEDIUM"
    },
    {
      "quarter": "2024-12 (Q4)",
      "signal": "INCREMENTAL MARGIN (YoY)",
      "detail": "YoY Incr OPM: +92.5% vs year-ago OPM: +10.2%",
      "severity": "HIGH"
    },
    {
      "quarter": "2024-09 (Q3)",
      "signal": "INCREMENTAL MARGIN (YoY)",
      "detail": "YoY Incr OPM: +66.4% vs year-ago OPM: +12.2%",
      "severity": "HIGH"
    },
    {
      "quarter": "2024-06 (Q2)",
      "signal": "FCF TURNED POSITIVE",
      "detail": "FCF margin: -9.5% -> +9.2%",
      "severity": "HIGH"
    },
    {
      "quarter": "2024-06 (Q2)",
      "signal": "OPERATING LEVERAGE",
      "detail": "Rev growth +5.0% vs OpEx growth +3.2% (leverage: 1.6x)",
      "severity": "MEDIUM"
    },
    {
      "quarter": "2024-06 (Q2)",
      "signal": "INCREMENTAL MARGIN (YoY)",
      "detail": "YoY Incr OPM: +45.2% vs year-ago OPM: +11.5%",
      "severity": "HIGH"
    },
    {
      "quarter": "2024-03 (Q1)",
      "signal": "INCREMENTAL MARGIN (YoY)",
      "detail": "YoY Incr OPM: +54.2% vs year-ago OPM: +10.8%",
      "severity": "HIGH"
    },
    {
      "quarter": "2023-12 (Q4)",
      "signal": "FCF TURNED POSITIVE",
      "detail": "FCF margin: -11.1% -> +39.2%",
      "severity": "HIGH"
    },
    {
      "quarter": "2023-12 (Q4)",
      "signal": "YoY REVENUE GROWTH ACCELERATION",
      "detail": "YoY growth: +5.3% vs prior quarter YoY: -0.6% (accel: +5.9%)",
      "severity": "MEDIUM"
    },
    {
      "quarter": "2023-09 (Q3)",
      "signal": "YoY REVENUE GROWTH DECELERATION",
      "detail": "YoY growth: -0.6% vs prior quarter YoY: +9.0% (decel: -9.6%)",
      "severity": "WARNING"
    },
    {
      "quarter": "2023-07 (Q3)",
      "signal": "INCREMENTAL MARGIN (YoY)",
      "detail": "YoY Incr OPM: +119.2% vs year-ago OPM: +1.8%",
      "severity": "HIGH"
    },
    {
      "quarter": "2023-06 (Q2)",
      "signal": "FCF TURNED POSITIVE",
      "detail": "FCF margin: -27.5% -> +6.5%",
      "severity": "HIGH"
    },
    {
      "quarter": "2023-06 (Q2)",
      "signal": "OP MARGIN TURNED POSITIVE (YoY)",
      "detail": "Op margin: -1.2% (year-ago) -> +11.5%",
      "severity": "HIGH"
    },
    {
      "quarter": "2022-07 (Q3)",
      "signal": "OP MARGIN TURNED POSITIVE (QoQ)",
      "detail": "Op margin: -1.2% -> +1.8%",
      "severity": "HIGH"
    }
  ],
  "data_quality": {
    "n_quarters": 20,
    "coverage": {
      "revenue": [
        20,
        20
      ],
      "gross_profit": [
        18,
        20
      ],
      "op_income": [
        20,
        20
      ],
      "fcf": [
        17,
        20
      ]
    },
    "gaps": [],
    "warnings": []
  },
  "market_cap": null,
  "source": "SEC EDGAR",
  "last_updated": "2026-02-02T20:22:17.928434"
}