{
  "ticker": "ATLCZ",
  "name": "Atlanticus Holdings Corp",
  "quarters": [
    {
      "date": "2020-12-31T00:00:00",
      "quarter_label": "2020-12 (Q4)",
      "revenue": 142668000,
      "gross_profit": 127368000,
      "operating_income": null,
      "net_income": 26675000,
      "opex": null,
      "cogs": 15300000,
      "rd": null,
      "sga": null,
      "fcf": 64956000,
      "ocf": 64960000,
      "capex": -4000,
      "gross_margin": 0.8927580116073681,
      "op_margin": null,
      "fcf_margin": 0.4552948103288754
    },
    {
      "date": "2021-03-31T00:00:00",
      "quarter_label": "2021-03 (Q1)",
      "revenue": 144735000,
      "gross_profit": 127348000,
      "operating_income": null,
      "net_income": 44075000,
      "opex": null,
      "cogs": 17387000,
      "rd": null,
      "sga": null,
      "fcf": 52707000,
      "ocf": 52780000,
      "capex": -73000,
      "gross_margin": 0.879870107437731,
      "op_margin": null,
      "fcf_margin": 0.36416208933568245,
      "fcf_margin_change": -0.09113272099319297
    },
    {
      "date": "2021-06-30T00:00:00",
      "quarter_label": "2021-06 (Q2)",
      "revenue": 182105000,
      "gross_profit": 163893000,
      "operating_income": null,
      "net_income": 36876000,
      "opex": null,
      "cogs": 18212000,
      "rd": null,
      "sga": null,
      "fcf": 71719000,
      "ocf": 71741000,
      "capex": -22000,
      "gross_margin": 0.8999917629938772,
      "op_margin": null,
      "fcf_margin": 0.39383322808269955,
      "fcf_margin_change": 0.0296711387470171
    },
    {
      "date": "2021-09-30T00:00:00",
      "quarter_label": "2021-09 (Q3)",
      "revenue": 203949000,
      "gross_profit": 184710000,
      "operating_income": null,
      "net_income": 46974000,
      "opex": null,
      "cogs": 19239000,
      "rd": null,
      "sga": null,
      "fcf": 14875000,
      "ocf": 14875000,
      "capex": null,
      "gross_margin": 0.9056675933689304,
      "op_margin": null,
      "fcf_margin": 0.0729349003917646,
      "fcf_margin_change": -0.32089832769093496
    },
    {
      "date": "2021-12-31T00:00:00",
      "quarter_label": "2021-12 (Q4)",
      "revenue": 217267000,
      "gross_profit": 196708000,
      "operating_income": null,
      "net_income": 49977000,
      "opex": null,
      "cogs": 20559000,
      "rd": null,
      "sga": null,
      "fcf": 72970000,
      "ocf": 72970000,
      "capex": null,
      "gross_margin": 0.9053744931351747,
      "op_margin": null,
      "fcf_margin": 0.3358540413408387,
      "rev_growth_yoy": 0.5228853001373819,
      "fcf_margin_change": 0.2629191409490741
    },
    {
      "date": "2022-03-31T00:00:00",
      "quarter_label": "2022-03 (Q1)",
      "revenue": 229831000,
      "gross_profit": 207156000,
      "operating_income": null,
      "net_income": 45010000,
      "opex": null,
      "cogs": 22675000,
      "rd": null,
      "sga": null,
      "fcf": 80749000,
      "ocf": 80749000,
      "capex": null,
      "gross_margin": 0.9013405502303867,
      "op_margin": null,
      "fcf_margin": 0.35134076778154383,
      "rev_growth_yoy": 0.5879434829170553,
      "rev_growth_yoy_accel": 0.06505818277967346,
      "fcf_margin_change": 0.015486726440705145
    },
    {
      "date": "2022-06-30T00:00:00",
      "quarter_label": "2022-06 (Q2)",
      "revenue": 270035000,
      "gross_profit": 246038000,
      "operating_income": null,
      "net_income": 34025000,
      "opex": null,
      "cogs": 23997000,
      "rd": null,
      "sga": null,
      "fcf": 71857000,
      "ocf": 71857000,
      "capex": null,
      "gross_margin": 0.9111337419223434,
      "op_margin": null,
      "fcf_margin": 0.26610254226304,
      "rev_growth_yoy": 0.4828532989209522,
      "rev_growth_yoy_accel": -0.10509018399610315,
      "fcf_margin_change": -0.08523822551850385
    },
    {
      "date": "2022-09-30T00:00:00",
      "quarter_label": "2022-09 (Q3)",
      "revenue": 277954000,
      "gross_profit": 253179000,
      "operating_income": null,
      "net_income": 32571000,
      "opex": null,
      "cogs": 24775000,
      "rd": null,
      "sga": null,
      "fcf": 93034000,
      "ocf": 93034000,
      "capex": null,
      "gross_margin": 0.9108665462630507,
      "op_margin": null,
      "fcf_margin": 0.33471005993797537,
      "rev_growth_yoy": 0.3628603229238682,
      "rev_growth_yoy_accel": -0.11999297599708397,
      "fcf_margin_change": 0.06860751767493539
    },
    {
      "date": "2022-12-31T00:00:00",
      "quarter_label": "2022-12 (Q4)",
      "revenue": 269093000,
      "gross_profit": 245112000,
      "operating_income": null,
      "net_income": 23991000,
      "opex": null,
      "cogs": 23981000,
      "rd": null,
      "sga": null,
      "fcf": 101990000,
      "ocf": 101990000,
      "capex": null,
      "gross_margin": 0.9108821113889993,
      "op_margin": null,
      "fcf_margin": 0.37901394685108863,
      "rev_growth_yoy": 0.23853599488187346,
      "rev_growth_yoy_accel": -0.12432432804199475,
      "fcf_margin_change": 0.044303886913113266
    },
    {
      "date": "2023-03-31T00:00:00",
      "quarter_label": "2023-03 (Q1)",
      "revenue": 261041000,
      "gross_profit": 236706000,
      "operating_income": null,
      "net_income": 26212000,
      "opex": null,
      "cogs": 24335000,
      "rd": null,
      "sga": null,
      "fcf": 101698000,
      "ocf": 101698000,
      "capex": null,
      "gross_margin": 0.9067770963182029,
      "op_margin": null,
      "fcf_margin": 0.38958631019648254,
      "rev_growth_yoy": 0.13579543229590438,
      "rev_growth_yoy_accel": -0.10274056258596909,
      "fcf_margin_change": 0.01057236334539391
    },
    {
      "date": "2023-06-30T00:00:00",
      "quarter_label": "2023-06 (Q2)",
      "revenue": 290838000,
      "gross_profit": 267024000,
      "operating_income": null,
      "net_income": 25089000,
      "opex": null,
      "cogs": 23814000,
      "rd": null,
      "sga": null,
      "fcf": 108089000,
      "ocf": 108089000,
      "capex": null,
      "gross_margin": 0.9181193654199244,
      "op_margin": null,
      "fcf_margin": 0.3716467586766516,
      "rev_growth_yoy": 0.07703816171977707,
      "rev_growth_yoy_accel": -0.05875727057612731,
      "fcf_margin_change": -0.017939551519830954
    },
    {
      "date": "2023-09-30T00:00:00",
      "quarter_label": "2023-09 (Q3)",
      "revenue": 294907000,
      "gross_profit": 269043000,
      "operating_income": null,
      "net_income": 25240000,
      "opex": null,
      "cogs": 25864000,
      "rd": null,
      "sga": null,
      "fcf": 116863000,
      "ocf": 116863000,
      "capex": null,
      "gross_margin": 0.9122977752308354,
      "op_margin": null,
      "fcf_margin": 0.39627068872559823,
      "rev_growth_yoy": 0.06099210660756816,
      "rev_growth_yoy_accel": -0.016046055112208905,
      "fcf_margin_change": 0.02462393004894664
    },
    {
      "date": "2023-12-31T00:00:00",
      "quarter_label": "2023-12 (Q4)",
      "revenue": 309090000,
      "gross_profit": 282483000,
      "operating_income": null,
      "net_income": 26304000,
      "opex": null,
      "cogs": 26607000,
      "rd": null,
      "sga": null,
      "fcf": 132667000,
      "ocf": 132667000,
      "capex": null,
      "gross_margin": 0.9139182762302243,
      "op_margin": null,
      "fcf_margin": 0.4292180271118444,
      "rev_growth_yoy": 0.14863634505542694,
      "rev_growth_yoy_accel": 0.08764423844785879,
      "fcf_margin_change": 0.032947338386246194
    },
    {
      "date": "2024-03-31T00:00:00",
      "quarter_label": "2024-03 (Q1)",
      "revenue": 290706000,
      "gross_profit": 263884000,
      "operating_income": null,
      "net_income": 26170000,
      "opex": null,
      "cogs": 26822000,
      "rd": null,
      "sga": null,
      "fcf": 118796000,
      "ocf": 118796000,
      "capex": null,
      "gross_margin": 0.9077349624706749,
      "op_margin": null,
      "fcf_margin": 0.40864653636319853,
      "rev_growth_yoy": 0.11364115215617471,
      "rev_growth_yoy_accel": -0.034995192899252237,
      "fcf_margin_change": -0.020571490748645893
    },
    {
      "date": "2024-06-30T00:00:00",
      "quarter_label": "2024-06 (Q2)",
      "revenue": 316023000,
      "gross_profit": 288325000,
      "operating_income": null,
      "net_income": 24280000,
      "opex": null,
      "cogs": 27698000,
      "rd": null,
      "sga": null,
      "fcf": 115643000,
      "ocf": 115643000,
      "capex": null,
      "gross_margin": 0.912354480528316,
      "op_margin": null,
      "fcf_margin": 0.3659322264518722,
      "rev_growth_yoy": 0.0865945990551441,
      "rev_growth_yoy_accel": -0.0270465531010306,
      "fcf_margin_change": -0.042714309911326354
    },
    {
      "date": "2024-09-30T00:00:00",
      "quarter_label": "2024-09 (Q3)",
      "revenue": 351224000,
      "gross_profit": 323155000,
      "operating_income": null,
      "net_income": 29543000,
      "opex": null,
      "cogs": 28069000,
      "rd": null,
      "sga": null,
      "fcf": 112364000,
      "ocf": 112364000,
      "capex": null,
      "gross_margin": 0.9200823406145366,
      "op_margin": null,
      "fcf_margin": 0.3199211898959069,
      "rev_growth_yoy": 0.19096528736177845,
      "rev_growth_yoy_accel": 0.10437068830663435,
      "fcf_margin_change": -0.04601103655596528
    },
    {
      "date": "2024-12-31T00:00:00",
      "quarter_label": "2024-12 (Q4)",
      "revenue": 353491000,
      "gross_profit": 317680000,
      "operating_income": null,
      "net_income": 31303000,
      "opex": null,
      "cogs": 35811000,
      "rd": null,
      "sga": null,
      "fcf": 122602000,
      "ocf": 122602000,
      "capex": null,
      "gross_margin": 0.8986933189246685,
      "op_margin": null,
      "fcf_margin": 0.34683202684085307,
      "rev_growth_yoy": 0.14365071661975476,
      "rev_growth_yoy_accel": -0.04731457074202369,
      "fcf_margin_change": 0.02691083694494617
    },
    {
      "date": "2025-03-31T00:00:00",
      "quarter_label": "2025-03 (Q1)",
      "revenue": 345166000,
      "gross_profit": 313014000,
      "operating_income": null,
      "net_income": 31520000,
      "opex": null,
      "cogs": 32152000,
      "rd": null,
      "sga": null,
      "fcf": 131572000,
      "ocf": 131572000,
      "capex": null,
      "gross_margin": 0.9068506168046679,
      "op_margin": null,
      "fcf_margin": 0.38118470533018894,
      "rev_growth_yoy": 0.18733703466732712,
      "rev_growth_yoy_accel": 0.043686318047572364,
      "fcf_margin_change": 0.034352678489335875
    },
    {
      "date": "2025-06-30T00:00:00",
      "quarter_label": "2025-06 (Q2)",
      "revenue": 394163000,
      "gross_profit": 360078000,
      "operating_income": null,
      "net_income": 30573000,
      "opex": null,
      "cogs": 34085000,
      "rd": null,
      "sga": null,
      "fcf": 132688000,
      "ocf": 132688000,
      "capex": null,
      "gross_margin": 0.9135256226484982,
      "op_margin": null,
      "fcf_margin": 0.3366323069390075,
      "rev_growth_yoy": 0.24726048420526353,
      "rev_growth_yoy_accel": 0.05992344953793641,
      "fcf_margin_change": -0.04455239839118147
    },
    {
      "date": "2025-09-30T00:00:00",
      "quarter_label": "2025-09 (Q3)",
      "revenue": 494676000,
      "gross_profit": 455652000,
      "operating_income": null,
      "net_income": 24977000,
      "opex": null,
      "cogs": 39024000,
      "rd": null,
      "sga": null,
      "fcf": 107452000,
      "ocf": 107452000,
      "capex": null,
      "gross_margin": 0.9211120005821992,
      "op_margin": null,
      "fcf_margin": 0.21721692582619734,
      "rev_growth_yoy": 0.4084345033369018,
      "rev_growth_yoy_accel": 0.16117401913163826,
      "fcf_margin_change": -0.11941538111281014
    }
  ],
  "signals": [
    {
      "quarter": "2025-09 (Q3)",
      "signal": "YoY REVENUE GROWTH ACCELERATION",
      "detail": "YoY growth: +40.8% vs prior quarter YoY: +24.7% (accel: +16.1%)",
      "severity": "HIGH"
    },
    {
      "quarter": "2025-06 (Q2)",
      "signal": "YoY REVENUE GROWTH ACCELERATION",
      "detail": "YoY growth: +24.7% vs prior quarter YoY: +18.7% (accel: +6.0%)",
      "severity": "MEDIUM"
    },
    {
      "quarter": "2024-09 (Q3)",
      "signal": "YoY REVENUE GROWTH ACCELERATION",
      "detail": "YoY growth: +19.1% vs prior quarter YoY: +8.7% (accel: +10.4%)",
      "severity": "MEDIUM"
    },
    {
      "quarter": "2023-12 (Q4)",
      "signal": "YoY REVENUE GROWTH ACCELERATION",
      "detail": "YoY growth: +14.9% vs prior quarter YoY: +6.1% (accel: +8.8%)",
      "severity": "MEDIUM"
    },
    {
      "quarter": "2023-06 (Q2)",
      "signal": "YoY REVENUE GROWTH DECELERATION",
      "detail": "YoY growth: +7.7% vs prior quarter YoY: +13.6% (decel: -5.9%)",
      "severity": "WARNING"
    },
    {
      "quarter": "2023-03 (Q1)",
      "signal": "YoY REVENUE GROWTH DECELERATION",
      "detail": "YoY growth: +13.6% vs prior quarter YoY: +23.9% (decel: -10.3%)",
      "severity": "WARNING"
    },
    {
      "quarter": "2022-12 (Q4)",
      "signal": "YoY REVENUE GROWTH DECELERATION",
      "detail": "YoY growth: +23.9% vs prior quarter YoY: +36.3% (decel: -12.4%)",
      "severity": "WARNING"
    },
    {
      "quarter": "2022-09 (Q3)",
      "signal": "FCF MARGIN EXPANSION",
      "detail": "FCF margin: +26.6% -> +33.5% (+6.9%)",
      "severity": "MEDIUM"
    },
    {
      "quarter": "2022-09 (Q3)",
      "signal": "YoY REVENUE GROWTH DECELERATION",
      "detail": "YoY growth: +36.3% vs prior quarter YoY: +48.3% (decel: -12.0%)",
      "severity": "WARNING"
    },
    {
      "quarter": "2022-06 (Q2)",
      "signal": "YoY REVENUE GROWTH DECELERATION",
      "detail": "YoY growth: +48.3% vs prior quarter YoY: +58.8% (decel: -10.5%)",
      "severity": "WARNING"
    },
    {
      "quarter": "2022-03 (Q1)",
      "signal": "YoY REVENUE GROWTH ACCELERATION",
      "detail": "YoY growth: +58.8% vs prior quarter YoY: +52.3% (accel: +6.5%)",
      "severity": "MEDIUM"
    },
    {
      "quarter": "2021-12 (Q4)",
      "signal": "FCF MARGIN EXPANSION",
      "detail": "FCF margin: +7.3% -> +33.6% (+26.3%)",
      "severity": "MEDIUM"
    },
    {
      "quarter": "2021-06 (Q2)",
      "signal": "GROSS MARGIN INFLECTION",
      "detail": "GM: +89.3% -> +88.0% -> +90.0% (reversal +2.0%)",
      "severity": "MEDIUM"
    }
  ],
  "data_quality": {
    "n_quarters": 20,
    "coverage": {
      "revenue": [
        20,
        20
      ],
      "gross_profit": [
        20,
        20
      ],
      "op_income": [
        0,
        20
      ],
      "fcf": [
        20,
        20
      ]
    },
    "gaps": [],
    "warnings": [
      "op_income: no data"
    ]
  },
  "market_cap": null,
  "source": "SEC EDGAR",
  "last_updated": "2026-02-03T01:09:51.412516"
}