{
  "ticker": "ATNI",
  "name": "ATN INTERNATIONAL,\u00a0INC.",
  "quarters": [
    {
      "date": "2020-12-31T00:00:00",
      "quarter_label": "2020-12 (Q4)",
      "revenue": 123702000,
      "gross_profit": null,
      "operating_income": -14700000,
      "net_income": null,
      "opex": 138402000,
      "cogs": null,
      "rd": null,
      "sga": 35378000,
      "fcf": -9968000,
      "ocf": 14693000,
      "capex": -24661000,
      "gross_margin": null,
      "op_margin": -0.11883397196488335,
      "fcf_margin": -0.08058075051333043
    },
    {
      "date": "2021-03-31T00:00:00",
      "quarter_label": "2021-03 (Q1)",
      "revenue": 124510000,
      "gross_profit": null,
      "operating_income": 3349000,
      "net_income": null,
      "opex": 121161000,
      "cogs": null,
      "rd": null,
      "sga": 37693000,
      "fcf": -20357000,
      "ocf": 5323000,
      "capex": -25680000,
      "gross_margin": null,
      "op_margin": 0.02689743795679062,
      "fcf_margin": -0.16349690787888524,
      "fcf_margin_change": -0.08291615736555481
    },
    {
      "date": "2021-06-30T00:00:00",
      "quarter_label": "2021-06 (Q2)",
      "revenue": 123865000,
      "gross_profit": null,
      "operating_income": 2905000,
      "net_income": null,
      "opex": 120960000,
      "cogs": null,
      "rd": null,
      "sga": 40652000,
      "fcf": 5885000,
      "ocf": 22137000,
      "capex": -16252000,
      "gross_margin": null,
      "op_margin": 0.02345295281152868,
      "fcf_margin": 0.047511403544181166,
      "fcf_margin_change": 0.21100831142306642
    },
    {
      "date": "2021-09-30T00:00:00",
      "quarter_label": "2021-09 (Q3)",
      "revenue": 166760000,
      "gross_profit": null,
      "operating_income": -982000,
      "net_income": null,
      "opex": 167742000,
      "cogs": null,
      "rd": null,
      "sga": 53360000,
      "fcf": -8734000,
      "ocf": 20256000,
      "capex": -28990000,
      "gross_margin": null,
      "op_margin": -0.00588870232669705,
      "fcf_margin": -0.05237467018469657,
      "op_leverage_ratio": 0.8954081824024086,
      "fcf_margin_change": -0.09988607372887773
    },
    {
      "date": "2021-12-31T00:00:00",
      "quarter_label": "2021-12 (Q4)",
      "revenue": 187572000,
      "gross_profit": null,
      "operating_income": -20297000,
      "net_income": null,
      "opex": 207869000,
      "cogs": null,
      "rd": null,
      "sga": 56578000,
      "fcf": 7312000,
      "ocf": 32832000,
      "capex": -25520000,
      "gross_margin": null,
      "op_margin": -0.10820911436674983,
      "fcf_margin": 0.038982364105516816,
      "incr_op_margin_yoy": -0.08763112572412714,
      "rev_growth_yoy": 0.5163214822719115,
      "op_leverage_ratio": 0.521707470601421,
      "fcf_margin_change": 0.09135703429021338
    },
    {
      "date": "2022-03-31T00:00:00",
      "quarter_label": "2022-03 (Q1)",
      "revenue": 172019000,
      "gross_profit": null,
      "operating_income": 108000,
      "net_income": null,
      "opex": 171911000,
      "cogs": null,
      "rd": null,
      "sga": 56343000,
      "fcf": -23080000,
      "ocf": 11388000,
      "capex": -34468000,
      "gross_margin": null,
      "op_margin": 0.0006278376225882025,
      "fcf_margin": -0.13417122527162698,
      "incr_op_margin_yoy": -0.06821865330779431,
      "rev_growth_yoy": 0.3815677455626054,
      "rev_growth_yoy_accel": -0.13475373670930613,
      "fcf_margin_change": -0.17315358937714379
    },
    {
      "date": "2022-06-30T00:00:00",
      "quarter_label": "2022-06 (Q2)",
      "revenue": 179497000,
      "gross_profit": null,
      "operating_income": 1722000,
      "net_income": null,
      "opex": 177775000,
      "cogs": null,
      "rd": null,
      "sga": 59178000,
      "fcf": 2596000,
      "ocf": 39332000,
      "capex": -36736000,
      "gross_margin": null,
      "op_margin": 0.009593475099862393,
      "fcf_margin": 0.014462637258561424,
      "incr_op_margin_yoy": -0.021264739718147827,
      "rev_growth_yoy": 0.44913413797279295,
      "rev_growth_yoy_accel": 0.06756639241018753,
      "op_leverage_ratio": 1.2744381020222177,
      "fcf_margin_change": 0.1486338625301884
    },
    {
      "date": "2022-09-30T00:00:00",
      "quarter_label": "2022-09 (Q3)",
      "revenue": 182213000,
      "gross_profit": null,
      "operating_income": 1439000,
      "net_income": null,
      "opex": 180774000,
      "cogs": null,
      "rd": null,
      "sga": 58056000,
      "fcf": -10485000,
      "ocf": 28255000,
      "capex": -38740000,
      "gross_margin": null,
      "op_margin": 0.007897350902515188,
      "fcf_margin": -0.057542546360578005,
      "incr_op_margin_yoy": 0.1566686080372743,
      "rev_growth_yoy": 0.09266610698009115,
      "rev_growth_yoy_accel": -0.3564680309927018,
      "op_leverage_ratio": 0.8969470228838857,
      "fcf_margin_change": -0.07200518361913943
    },
    {
      "date": "2022-12-31T00:00:00",
      "quarter_label": "2022-12 (Q4)",
      "revenue": 192015000,
      "gross_profit": null,
      "operating_income": 4670000,
      "net_income": null,
      "opex": 187345000,
      "cogs": null,
      "rd": null,
      "sga": 58230000,
      "fcf": -26233000,
      "ocf": 23937000,
      "capex": -50170000,
      "gross_margin": null,
      "op_margin": 0.024321016587245788,
      "fcf_margin": -0.13661953493216675,
      "incr_op_margin_yoy": 5.619401305424263,
      "rev_growth_yoy": 0.02368690422877615,
      "rev_growth_yoy_accel": -0.068979202751315,
      "op_leverage_ratio": 1.4799254552508823,
      "fcf_margin_change": -0.07907698857158874
    },
    {
      "date": "2023-03-31T00:00:00",
      "quarter_label": "2023-03 (Q1)",
      "revenue": 185774000,
      "gross_profit": null,
      "operating_income": 636000,
      "net_income": null,
      "opex": 185138000,
      "cogs": null,
      "rd": null,
      "sga": 61348000,
      "fcf": -34586000,
      "ocf": 16012000,
      "capex": -50598000,
      "gross_margin": null,
      "op_margin": 0.003423514593000097,
      "fcf_margin": -0.18617244609041092,
      "incr_op_margin_yoy": 0.038386041439476555,
      "rev_growth_yoy": 0.0799620972101919,
      "rev_growth_yoy_accel": 0.056275192981415756,
      "fcf_margin_change": -0.04955291115824417
    },
    {
      "date": "2023-06-30T00:00:00",
      "quarter_label": "2023-06 (Q2)",
      "revenue": 186441000,
      "gross_profit": null,
      "operating_income": 2440000,
      "net_income": null,
      "opex": 184001000,
      "cogs": null,
      "rd": null,
      "sga": 61914000,
      "fcf": 5464000,
      "ocf": 44317000,
      "capex": -38853000,
      "gross_margin": null,
      "op_margin": 0.013087250122022517,
      "fcf_margin": 0.029306858469971733,
      "incr_op_margin_yoy": 0.10339861751152074,
      "rev_growth_yoy": 0.038685883329526397,
      "rev_growth_yoy_accel": -0.041276213880665505,
      "fcf_margin_change": 0.21547930456038267
    },
    {
      "date": "2023-09-30T00:00:00",
      "quarter_label": "2023-09 (Q3)",
      "revenue": 191036000,
      "gross_profit": null,
      "operating_income": 6836000,
      "net_income": null,
      "opex": 184200000,
      "cogs": null,
      "rd": null,
      "sga": 60792000,
      "fcf": -8034000,
      "ocf": 29155000,
      "capex": -37189000,
      "gross_margin": null,
      "op_margin": 0.03578383131975125,
      "fcf_margin": -0.042054900646998475,
      "incr_op_margin_yoy": 0.6116967018021081,
      "rev_growth_yoy": 0.04842135303189125,
      "rev_growth_yoy_accel": 0.00973546970236485,
      "op_leverage_ratio": 22.788261737132192,
      "fcf_margin_change": -0.07136175911697021
    },
    {
      "date": "2023-12-31T00:00:00",
      "quarter_label": "2023-12 (Q4)",
      "revenue": 198966000,
      "gross_profit": null,
      "operating_income": 3264000,
      "net_income": null,
      "opex": 195702000,
      "cogs": null,
      "rd": null,
      "sga": 58642000,
      "fcf": -14509000,
      "ocf": 22148000,
      "capex": -36657000,
      "gross_margin": null,
      "op_margin": 0.016404812882603058,
      "fcf_margin": -0.07292200677502689,
      "incr_op_margin_yoy": -0.20227305423680045,
      "rev_growth_yoy": 0.03620029685180845,
      "rev_growth_yoy_accel": -0.012221056180082797,
      "op_leverage_ratio": 0.6647743190431553,
      "fcf_margin_change": -0.030867106128028413
    },
    {
      "date": "2024-03-31T00:00:00",
      "quarter_label": "2024-03 (Q1)",
      "revenue": 186794000,
      "gross_profit": null,
      "operating_income": 4574000,
      "net_income": null,
      "opex": 182220000,
      "cogs": null,
      "rd": null,
      "sga": 61315000,
      "fcf": -12840000,
      "ocf": 23176000,
      "capex": -36016000,
      "gross_margin": null,
      "op_margin": 0.02448686788654882,
      "fcf_margin": -0.06873882458751351,
      "incr_op_margin_yoy": 3.8607843137254902,
      "rev_growth_yoy": 0.0054905422717926086,
      "rev_growth_yoy_accel": -0.03070975458001584,
      "fcf_margin_change": 0.0041831821875133735
    },
    {
      "date": "2024-06-30T00:00:00",
      "quarter_label": "2024-06 (Q2)",
      "revenue": 183281000,
      "gross_profit": null,
      "operating_income": 24316000,
      "net_income": null,
      "opex": 158965000,
      "cogs": null,
      "rd": null,
      "sga": 57661000,
      "fcf": 9420000,
      "ocf": 35234000,
      "capex": -25814000,
      "gross_margin": null,
      "op_margin": 0.13267059869817385,
      "fcf_margin": 0.05139648954337875,
      "incr_op_margin_yoy": -6.922784810126582,
      "rev_growth_yoy": -0.016949061633438997,
      "rev_growth_yoy_accel": -0.022439603905231607,
      "fcf_margin_change": 0.12013531413089226
    },
    {
      "date": "2024-09-30T00:00:00",
      "quarter_label": "2024-09 (Q3)",
      "revenue": 178451000,
      "gross_profit": null,
      "operating_income": -38358000,
      "net_income": null,
      "opex": 216809000,
      "cogs": null,
      "rd": null,
      "sga": 53601000,
      "fcf": 15174000,
      "ocf": 39016000,
      "capex": -23842000,
      "gross_margin": null,
      "op_margin": -0.21494976211957345,
      "fcf_margin": 0.0850317454091039,
      "incr_op_margin_yoy": 3.591100516487882,
      "rev_growth_yoy": -0.0658776356288867,
      "rev_growth_yoy_accel": -0.0489285739954477,
      "fcf_margin_change": 0.03363525586572515
    },
    {
      "date": "2024-12-31T00:00:00",
      "quarter_label": "2024-12 (Q4)",
      "revenue": 180548000,
      "gross_profit": null,
      "operating_income": 8672000,
      "net_income": null,
      "opex": 171876000,
      "cogs": null,
      "rd": null,
      "sga": 56289000,
      "fcf": 5787000,
      "ocf": 30490000,
      "capex": -24703000,
      "gross_margin": null,
      "op_margin": 0.04803154839710216,
      "fcf_margin": 0.03205241819349979,
      "incr_op_margin_yoy": -0.2936258008469975,
      "rev_growth_yoy": -0.0925685795563061,
      "rev_growth_yoy_accel": -0.0266909439274194,
      "op_leverage_ratio": Infinity,
      "fcf_margin_change": -0.052979327215604104
    },
    {
      "date": "2025-03-31T00:00:00",
      "quarter_label": "2025-03 (Q1)",
      "revenue": 179294000,
      "gross_profit": null,
      "operating_income": 2667000,
      "net_income": null,
      "opex": 176627000,
      "cogs": null,
      "rd": null,
      "sga": 55228000,
      "fcf": 15073000,
      "ocf": 35905000,
      "capex": -20832000,
      "gross_margin": null,
      "op_margin": 0.014875009760505093,
      "fcf_margin": 0.08406862471694536,
      "incr_op_margin_yoy": 0.25426666666666664,
      "rev_growth_yoy": -0.04015118258616444,
      "rev_growth_yoy_accel": 0.05241739697014166,
      "fcf_margin_change": 0.05201620652344557
    },
    {
      "date": "2025-06-30T00:00:00",
      "quarter_label": "2025-06 (Q2)",
      "revenue": 181300000,
      "gross_profit": null,
      "operating_income": 233000,
      "net_income": null,
      "opex": 181067000,
      "cogs": null,
      "rd": null,
      "sga": 56160000,
      "fcf": 2754000,
      "ocf": 23938000,
      "capex": -21184000,
      "gross_margin": null,
      "op_margin": 0.0012851627137341424,
      "fcf_margin": 0.015190292333149476,
      "incr_op_margin_yoy": 12.156991418475517,
      "rev_growth_yoy": -0.010808539892296529,
      "rev_growth_yoy_accel": 0.02934264269386791,
      "op_leverage_ratio": 0.4450812455901862,
      "fcf_margin_change": -0.06887833238379588
    },
    {
      "date": "2025-09-30T00:00:00",
      "quarter_label": "2025-09 (Q3)",
      "revenue": 183165000,
      "gross_profit": null,
      "operating_income": 9830000,
      "net_income": null,
      "opex": 173335000,
      "cogs": null,
      "rd": null,
      "sga": 54293000,
      "fcf": 18937000,
      "ocf": 37846000,
      "capex": -18909000,
      "gross_margin": null,
      "op_margin": 0.053667458302623317,
      "fcf_margin": 0.10338765593863457,
      "incr_op_margin_yoy": 10.222316504030548,
      "rev_growth_yoy": 0.02641621509546038,
      "rev_growth_yoy_accel": 0.03722475498775691,
      "op_leverage_ratio": Infinity,
      "fcf_margin_change": 0.0881973636054851
    }
  ],
  "signals": [
    {
      "quarter": "2025-09 (Q3)",
      "signal": "FCF MARGIN EXPANSION",
      "detail": "FCF margin: +1.5% -> +10.3% (+8.8%)",
      "severity": "MEDIUM"
    },
    {
      "quarter": "2025-09 (Q3)",
      "signal": "OP MARGIN TURNED POSITIVE (YoY)",
      "detail": "Op margin: -21.5% (year-ago) -> +5.4%",
      "severity": "HIGH"
    },
    {
      "quarter": "2025-06 (Q2)",
      "signal": "INCREMENTAL MARGIN (YoY)",
      "detail": "YoY Incr OPM: +1215.7% vs year-ago OPM: +13.3%",
      "severity": "HIGH"
    },
    {
      "quarter": "2025-03 (Q1)",
      "signal": "FCF MARGIN EXPANSION",
      "detail": "FCF margin: +3.2% -> +8.4% (+5.2%)",
      "severity": "MEDIUM"
    },
    {
      "quarter": "2025-03 (Q1)",
      "signal": "YoY REVENUE GROWTH ACCELERATION",
      "detail": "YoY growth: -4.0% vs prior quarter YoY: -9.3% (accel: +5.2%)",
      "severity": "MEDIUM"
    },
    {
      "quarter": "2025-03 (Q1)",
      "signal": "INCREMENTAL MARGIN (YoY)",
      "detail": "YoY Incr OPM: +25.4% vs year-ago OPM: +2.4%",
      "severity": "HIGH"
    },
    {
      "quarter": "2024-12 (Q4)",
      "signal": "OP MARGIN TURNED POSITIVE (QoQ)",
      "detail": "Op margin: -21.5% -> +4.8%",
      "severity": "HIGH"
    },
    {
      "quarter": "2024-06 (Q2)",
      "signal": "FCF TURNED POSITIVE",
      "detail": "FCF margin: -6.9% -> +5.1%",
      "severity": "HIGH"
    },
    {
      "quarter": "2024-03 (Q1)",
      "signal": "INCREMENTAL MARGIN (YoY)",
      "detail": "YoY Incr OPM: +386.1% vs year-ago OPM: +0.3%",
      "severity": "HIGH"
    },
    {
      "quarter": "2023-09 (Q3)",
      "signal": "OPERATING LEVERAGE",
      "detail": "Rev growth +2.5% vs OpEx growth +0.1% (leverage: 22.8x)",
      "severity": "MEDIUM"
    },
    {
      "quarter": "2023-09 (Q3)",
      "signal": "INCREMENTAL MARGIN (YoY)",
      "detail": "YoY Incr OPM: +61.2% vs year-ago OPM: +0.8%",
      "severity": "HIGH"
    },
    {
      "quarter": "2023-06 (Q2)",
      "signal": "FCF TURNED POSITIVE",
      "detail": "FCF margin: -18.6% -> +2.9%",
      "severity": "HIGH"
    },
    {
      "quarter": "2023-03 (Q1)",
      "signal": "YoY REVENUE GROWTH ACCELERATION",
      "detail": "YoY growth: +8.0% vs prior quarter YoY: +2.4% (accel: +5.6%)",
      "severity": "MEDIUM"
    },
    {
      "quarter": "2022-12 (Q4)",
      "signal": "YoY REVENUE GROWTH DECELERATION",
      "detail": "YoY growth: +2.4% vs prior quarter YoY: +9.3% (decel: -6.9%)",
      "severity": "WARNING"
    },
    {
      "quarter": "2022-12 (Q4)",
      "signal": "OP MARGIN TURNED POSITIVE (YoY)",
      "detail": "Op margin: -10.8% (year-ago) -> +2.4%",
      "severity": "HIGH"
    },
    {
      "quarter": "2022-09 (Q3)",
      "signal": "YoY REVENUE GROWTH DECELERATION",
      "detail": "YoY growth: +9.3% vs prior quarter YoY: +44.9% (decel: -35.6%)",
      "severity": "WARNING"
    },
    {
      "quarter": "2022-09 (Q3)",
      "signal": "OP MARGIN TURNED POSITIVE (YoY)",
      "detail": "Op margin: -0.6% (year-ago) -> +0.8%",
      "severity": "HIGH"
    },
    {
      "quarter": "2022-06 (Q2)",
      "signal": "FCF TURNED POSITIVE",
      "detail": "FCF margin: -13.4% -> +1.4%",
      "severity": "HIGH"
    },
    {
      "quarter": "2022-06 (Q2)",
      "signal": "YoY REVENUE GROWTH ACCELERATION",
      "detail": "YoY growth: +44.9% vs prior quarter YoY: +38.2% (accel: +6.8%)",
      "severity": "MEDIUM"
    },
    {
      "quarter": "2022-03 (Q1)",
      "signal": "YoY REVENUE GROWTH DECELERATION",
      "detail": "YoY growth: +38.2% vs prior quarter YoY: +51.6% (decel: -13.5%)",
      "severity": "WARNING"
    },
    {
      "quarter": "2022-03 (Q1)",
      "signal": "OP MARGIN TURNED POSITIVE (QoQ)",
      "detail": "Op margin: -10.8% -> +0.1%",
      "severity": "HIGH"
    },
    {
      "quarter": "2021-12 (Q4)",
      "signal": "FCF TURNED POSITIVE",
      "detail": "FCF margin: -5.2% -> +3.9%",
      "severity": "HIGH"
    },
    {
      "quarter": "2021-06 (Q2)",
      "signal": "FCF TURNED POSITIVE",
      "detail": "FCF margin: -16.3% -> +4.8%",
      "severity": "HIGH"
    },
    {
      "quarter": "2021-03 (Q1)",
      "signal": "OP MARGIN TURNED POSITIVE (QoQ)",
      "detail": "Op margin: -11.9% -> +2.7%",
      "severity": "HIGH"
    }
  ],
  "data_quality": {
    "n_quarters": 20,
    "coverage": {
      "revenue": [
        20,
        20
      ],
      "gross_profit": [
        0,
        20
      ],
      "op_income": [
        20,
        20
      ],
      "fcf": [
        20,
        20
      ]
    },
    "gaps": [],
    "warnings": [
      "gross_profit: no data"
    ]
  },
  "market_cap": null,
  "source": "SEC EDGAR",
  "last_updated": "2026-02-02T22:39:46.426083",
  "sector": "Communication Services",
  "industry": "Telecom Services"
}