{
  "ticker": "ATO",
  "name": "Atmos Energy Corp",
  "quarters": [
    {
      "date": "2021-03-31T00:00:00",
      "quarter_label": "2021-03 (Q1)",
      "revenue": 1319073000,
      "gross_profit": 745264000,
      "operating_income": 381804000,
      "net_income": 296754000,
      "opex": 363460000,
      "cogs": 573809000,
      "rd": null,
      "sga": null,
      "fcf": -1559315000,
      "ocf": -1559315000,
      "capex": null,
      "gross_margin": 0.5649907169656266,
      "op_margin": 0.2894487264920137,
      "fcf_margin": -1.1821294196757874
    },
    {
      "date": "2021-06-30T00:00:00",
      "quarter_label": "2021-06 (Q2)",
      "revenue": 605553000,
      "gross_profit": 518683000,
      "operating_income": 133390000,
      "net_income": 102411000,
      "opex": 385293000,
      "cogs": 86870000,
      "rd": null,
      "sga": null,
      "fcf": 243779000,
      "ocf": 243779000,
      "capex": null,
      "gross_margin": 0.8565443487192699,
      "op_margin": 0.22027799383373545,
      "fcf_margin": 0.4025725246179938,
      "fcf_margin_change": 1.5847019442937813
    },
    {
      "date": "2021-09-30T00:00:00",
      "quarter_label": "2021-09 (Q3)",
      "revenue": 568384000,
      "gross_profit": 484606000,
      "operating_income": 90964000,
      "net_income": 48720000,
      "opex": 393642000,
      "cogs": 83778000,
      "rd": null,
      "sga": null,
      "fcf": 74216000,
      "ocf": 74216000,
      "capex": null,
      "gross_margin": 0.8526031696880982,
      "op_margin": 0.1600396914761851,
      "fcf_margin": 0.130573696655782,
      "fcf_margin_change": -0.2719988279622118
    },
    {
      "date": "2021-12-31T00:00:00",
      "quarter_label": "2021-12 (Q4)",
      "revenue": 1012786000,
      "gross_profit": 641623000,
      "operating_income": 275861000,
      "net_income": 249209000,
      "opex": 365762000,
      "cogs": 371163000,
      "rd": null,
      "sga": null,
      "fcf": 61824000,
      "ocf": 61824000,
      "capex": null,
      "gross_margin": 0.6335227777635157,
      "op_margin": 0.2723783701591452,
      "fcf_margin": 0.06104349783666046,
      "op_leverage_ratio": null,
      "fcf_margin_change": -0.06953019881912154
    },
    {
      "date": "2022-03-31T00:00:00",
      "quarter_label": "2022-03 (Q1)",
      "revenue": 1649819000,
      "gross_profit": 778441000,
      "operating_income": 385132000,
      "net_income": 324999000,
      "opex": 393309000,
      "cogs": 871378000,
      "rd": null,
      "sga": null,
      "fcf": 578660000,
      "ocf": 578660000,
      "capex": null,
      "gross_margin": 0.47183418302250124,
      "op_margin": 0.2334389408777569,
      "fcf_margin": 0.3507415055833398,
      "incr_op_margin_yoy": 0.010062102036003459,
      "rev_growth_yoy": 0.25074124024978145,
      "op_leverage_ratio": 8.351577500614766,
      "fcf_margin_change": 0.2896980077466793
    },
    {
      "date": "2022-06-30T00:00:00",
      "quarter_label": "2022-06 (Q2)",
      "revenue": 816429000,
      "gross_profit": 567270000,
      "operating_income": 154587000,
      "net_income": 128547000,
      "opex": 412683000,
      "cogs": 249159000,
      "rd": null,
      "sga": null,
      "fcf": 288832000,
      "ocf": 288832000,
      "capex": null,
      "gross_margin": 0.6948185329036572,
      "op_margin": 0.18934530743028483,
      "fcf_margin": 0.3537747924191816,
      "incr_op_margin_yoy": 0.10051878829264592,
      "rev_growth_yoy": 0.34823706595459025,
      "rev_growth_yoy_accel": 0.0974958257048088,
      "fcf_margin_change": 0.0030332868358418086
    },
    {
      "date": "2022-09-30T00:00:00",
      "quarter_label": "2022-09 (Q3)",
      "revenue": 722628000,
      "gross_profit": 531672000,
      "operating_income": 105402000,
      "net_income": 71643000,
      "opex": 426270000,
      "cogs": 190956000,
      "rd": null,
      "sga": null,
      "fcf": 48268000,
      "ocf": 48268000,
      "capex": null,
      "gross_margin": 0.7357478536674471,
      "op_margin": 0.14585928029359504,
      "fcf_margin": 0.06679508682198863,
      "incr_op_margin_yoy": 0.0936049376312855,
      "rev_growth_yoy": 0.2713728746762752,
      "rev_growth_yoy_accel": -0.07686419127831506,
      "fcf_margin_change": -0.28697970559719294
    },
    {
      "date": "2022-12-31T00:00:00",
      "quarter_label": "2022-12 (Q4)",
      "revenue": 1484009000,
      "gross_profit": 745760000,
      "operating_income": 321186000,
      "net_income": 271860000,
      "opex": 424574000,
      "cogs": 738249000,
      "rd": null,
      "sga": null,
      "fcf": 188900000,
      "ocf": 188900000,
      "capex": null,
      "gross_margin": 0.5025306450297808,
      "op_margin": 0.2164313019664975,
      "fcf_margin": 0.12729033314487984,
      "incr_op_margin_yoy": 0.09618588226805568,
      "rev_growth_yoy": 0.4652740065522233,
      "rev_growth_yoy_accel": 0.1939011318759481,
      "op_leverage_ratio": null,
      "fcf_margin_change": 0.0604952463228912
    },
    {
      "date": "2023-03-31T00:00:00",
      "quarter_label": "2023-03 (Q1)",
      "revenue": 1540973000,
      "gross_profit": 874762000,
      "operating_income": 422638000,
      "net_income": 357671000,
      "opex": 452124000,
      "cogs": 666211000,
      "rd": null,
      "sga": null,
      "fcf": 2703816000,
      "ocf": 2703816000,
      "capex": null,
      "gross_margin": 0.5676686093786198,
      "op_margin": 0.27426697288012186,
      "fcf_margin": 1.7546160769851256,
      "incr_op_margin_yoy": -0.34457857890965216,
      "rev_growth_yoy": -0.06597450993108941,
      "rev_growth_yoy_accel": -0.5312485164833127,
      "op_leverage_ratio": 0.5915558249821006,
      "fcf_margin_change": 1.6273257438402458
    },
    {
      "date": "2023-06-30T00:00:00",
      "quarter_label": "2023-06 (Q2)",
      "revenue": 662733000,
      "gross_profit": 618183000,
      "operating_income": 169253000,
      "net_income": 137807000,
      "opex": 448930000,
      "cogs": 44550000,
      "rd": null,
      "sga": null,
      "fcf": 328792000,
      "ocf": 328792000,
      "capex": null,
      "gross_margin": 0.932778358705542,
      "op_margin": 0.25538640749743863,
      "fcf_margin": 0.49611532849578943,
      "incr_op_margin_yoy": -0.09542213200083281,
      "rev_growth_yoy": -0.1882539694204885,
      "rev_growth_yoy_accel": -0.12227945948939908,
      "fcf_margin_change": -1.258500748489336
    },
    {
      "date": "2023-09-30T00:00:00",
      "quarter_label": "2023-09 (Q3)",
      "revenue": 587642000,
      "gross_profit": 584479000,
      "operating_income": 154070000,
      "net_income": 118524000,
      "opex": 430409000,
      "cogs": 3163000,
      "rd": null,
      "sga": null,
      "fcf": 238235000,
      "ocf": 238235000,
      "capex": null,
      "gross_margin": 0.9946174711814336,
      "op_margin": 0.26218343821578444,
      "fcf_margin": 0.4054083949071033,
      "incr_op_margin_yoy": -0.3605410931504008,
      "rev_growth_yoy": -0.18679874015399348,
      "rev_growth_yoy_accel": 0.0014552292664950228,
      "fcf_margin_change": -0.09070693358868614
    },
    {
      "date": "2023-12-31T00:00:00",
      "quarter_label": "2023-12 (Q4)",
      "revenue": 1158467000,
      "gross_profit": 819598000,
      "operating_income": 399105000,
      "net_income": 311292000,
      "opex": 420493000,
      "cogs": 338869000,
      "rd": null,
      "sga": null,
      "fcf": 245280000,
      "ocf": 245280000,
      "capex": null,
      "gross_margin": 0.7074849779924677,
      "op_margin": 0.3445113240169983,
      "fcf_margin": 0.2117280854784815,
      "incr_op_margin_yoy": -0.23935160440127543,
      "rev_growth_yoy": -0.21936659413790618,
      "rev_growth_yoy_accel": -0.03256785398391271,
      "op_leverage_ratio": null,
      "fcf_margin_change": -0.1936803094286218
    },
    {
      "date": "2024-03-31T00:00:00",
      "quarter_label": "2024-03 (Q1)",
      "revenue": 1647227000,
      "gross_profit": 1022932000,
      "operating_income": 550990000,
      "net_income": 432023000,
      "opex": 471942000,
      "cogs": 624295000,
      "rd": null,
      "sga": null,
      "fcf": 746593000,
      "ocf": 746593000,
      "capex": null,
      "gross_margin": 0.6210024483571481,
      "op_margin": 0.33449548847851573,
      "fcf_margin": 0.4532423278637371,
      "incr_op_margin_yoy": 1.2079733468857643,
      "rev_growth_yoy": 0.06895253842864216,
      "rev_growth_yoy_accel": 0.28831913256654834,
      "op_leverage_ratio": 3.448210910164442,
      "fcf_margin_change": 0.2415142423852556
    },
    {
      "date": "2024-06-30T00:00:00",
      "quarter_label": "2024-06 (Q2)",
      "revenue": 701549000,
      "gross_profit": null,
      "operating_income": 220267000,
      "net_income": 165564000,
      "opex": null,
      "cogs": null,
      "rd": null,
      "sga": null,
      "fcf": 411191000,
      "ocf": 411191000,
      "capex": null,
      "gross_margin": null,
      "op_margin": 0.3139723668624715,
      "fcf_margin": 0.5861187172955845,
      "incr_op_margin_yoy": 1.3142518549051938,
      "rev_growth_yoy": 0.058569589864998425,
      "rev_growth_yoy_accel": -0.010382948563643732,
      "fcf_margin_change": 0.13287638943184743
    },
    {
      "date": "2024-09-30T00:00:00",
      "quarter_label": "2024-09 (Q3)",
      "revenue": 657944000,
      "gross_profit": null,
      "operating_income": 185000000,
      "net_income": 134016000,
      "opex": null,
      "cogs": null,
      "rd": null,
      "sga": null,
      "fcf": 330682000,
      "ocf": 330682000,
      "capex": null,
      "gross_margin": null,
      "op_margin": 0.2811789453205744,
      "fcf_margin": 0.5025990053864766,
      "incr_op_margin_yoy": 0.4399590338823931,
      "rev_growth_yoy": 0.11963406291585693,
      "rev_growth_yoy_accel": 0.061064473050858506,
      "fcf_margin_change": -0.0835197119091079
    },
    {
      "date": "2024-12-31T00:00:00",
      "quarter_label": "2024-12 (Q4)",
      "revenue": 1175999000,
      "gross_profit": 941951000,
      "operating_income": 459480000,
      "net_income": 351858000,
      "opex": 482471000,
      "cogs": 234048000,
      "rd": null,
      "sga": null,
      "fcf": 282022000,
      "ocf": 282022000,
      "capex": null,
      "gross_margin": 0.8009794226015499,
      "op_margin": 0.3907146179546071,
      "fcf_margin": 0.23981482977451513,
      "incr_op_margin_yoy": 3.4437029431895962,
      "rev_growth_yoy": 0.015133793193936469,
      "rev_growth_yoy_accel": -0.10450026972192046,
      "fcf_margin_change": -0.2627841756119615
    },
    {
      "date": "2025-03-31T00:00:00",
      "quarter_label": "2025-03 (Q1)",
      "revenue": 1950502000,
      "gross_profit": 1171269000,
      "operating_income": 628939000,
      "net_income": 485576000,
      "opex": 542330000,
      "cogs": 779233000,
      "rd": null,
      "sga": null,
      "fcf": 922937000,
      "ocf": 922937000,
      "capex": null,
      "gross_margin": 0.6004961799577749,
      "op_margin": 0.3224498103565133,
      "fcf_margin": 0.4731792123258525,
      "incr_op_margin_yoy": 0.25702415299645537,
      "rev_growth_yoy": 0.18411245080368402,
      "rev_growth_yoy_accel": 0.16897865760974756,
      "op_leverage_ratio": 5.308329941921366,
      "fcf_margin_change": 0.2333643825513374
    },
    {
      "date": "2025-06-30T00:00:00",
      "quarter_label": "2025-06 (Q2)",
      "revenue": 838774000,
      "gross_profit": null,
      "operating_income": 252067000,
      "net_income": 186429000,
      "opex": null,
      "cogs": null,
      "rd": null,
      "sga": null,
      "fcf": 496373000,
      "ocf": 496373000,
      "capex": null,
      "gross_margin": null,
      "op_margin": 0.30051837562919215,
      "fcf_margin": 0.5917839608762313,
      "incr_op_margin_yoy": 0.2317361996720714,
      "rev_growth_yoy": 0.195602873070876,
      "rev_growth_yoy_accel": 0.011490422267191991,
      "fcf_margin_change": 0.11860474855037878
    },
    {
      "date": "2025-09-30T00:00:00",
      "quarter_label": "2025-09 (Q3)",
      "revenue": 737480000,
      "gross_profit": null,
      "operating_income": 219485000,
      "net_income": 174891000,
      "opex": null,
      "cogs": null,
      "rd": null,
      "sga": null,
      "fcf": 348124000,
      "ocf": 348124000,
      "capex": null,
      "gross_margin": null,
      "op_margin": 0.2976148505722189,
      "fcf_margin": 0.47204534360253836,
      "incr_op_margin_yoy": 0.433577248038624,
      "rev_growth_yoy": 0.12088566808117408,
      "rev_growth_yoy_accel": -0.07471720498970193,
      "fcf_margin_change": -0.11973861727369295
    },
    {
      "date": "2025-12-31T00:00:00",
      "quarter_label": "2025-12 (Q4)",
      "revenue": 1342585000,
      "gross_profit": null,
      "operating_income": 514764000,
      "net_income": 402964000,
      "opex": null,
      "cogs": null,
      "rd": null,
      "sga": null,
      "fcf": 308058000,
      "ocf": 308058000,
      "capex": null,
      "gross_margin": null,
      "op_margin": 0.38341259585054205,
      "fcf_margin": 0.22945139413891857,
      "incr_op_margin_yoy": 0.331864622477279,
      "rev_growth_yoy": 0.14165488235959384,
      "rev_growth_yoy_accel": 0.020769214278419754,
      "fcf_margin_change": -0.24259394946361978
    }
  ],
  "signals": [
    {
      "quarter": "2025-09 (Q3)",
      "signal": "YoY REVENUE GROWTH DECELERATION",
      "detail": "YoY growth: +12.1% vs prior quarter YoY: +19.6% (decel: -7.5%)",
      "severity": "WARNING"
    },
    {
      "quarter": "2025-09 (Q3)",
      "signal": "INCREMENTAL MARGIN (YoY)",
      "detail": "YoY Incr OPM: +43.4% vs year-ago OPM: +28.1%",
      "severity": "MEDIUM"
    },
    {
      "quarter": "2025-06 (Q2)",
      "signal": "FCF MARGIN EXPANSION",
      "detail": "FCF margin: +47.3% -> +59.2% (+11.9%)",
      "severity": "MEDIUM"
    },
    {
      "quarter": "2025-03 (Q1)",
      "signal": "FCF MARGIN EXPANSION",
      "detail": "FCF margin: +24.0% -> +47.3% (+23.3%)",
      "severity": "MEDIUM"
    },
    {
      "quarter": "2025-03 (Q1)",
      "signal": "OPERATING LEVERAGE",
      "detail": "Rev growth +65.9% vs OpEx growth +12.4% (leverage: 5.3x)",
      "severity": "MEDIUM"
    },
    {
      "quarter": "2025-03 (Q1)",
      "signal": "YoY REVENUE GROWTH ACCELERATION",
      "detail": "YoY growth: +18.4% vs prior quarter YoY: +1.5% (accel: +16.9%)",
      "severity": "HIGH"
    },
    {
      "quarter": "2024-12 (Q4)",
      "signal": "YoY REVENUE GROWTH DECELERATION",
      "detail": "YoY growth: +1.5% vs prior quarter YoY: +12.0% (decel: -10.5%)",
      "severity": "WARNING"
    },
    {
      "quarter": "2024-12 (Q4)",
      "signal": "INCREMENTAL MARGIN (YoY)",
      "detail": "YoY Incr OPM: +344.4% vs year-ago OPM: +34.5%",
      "severity": "HIGH"
    },
    {
      "quarter": "2024-09 (Q3)",
      "signal": "YoY REVENUE GROWTH ACCELERATION",
      "detail": "YoY growth: +12.0% vs prior quarter YoY: +5.9% (accel: +6.1%)",
      "severity": "MEDIUM"
    },
    {
      "quarter": "2024-09 (Q3)",
      "signal": "INCREMENTAL MARGIN (YoY)",
      "detail": "YoY Incr OPM: +44.0% vs year-ago OPM: +26.2%",
      "severity": "MEDIUM"
    },
    {
      "quarter": "2024-06 (Q2)",
      "signal": "FCF MARGIN EXPANSION",
      "detail": "FCF margin: +45.3% -> +58.6% (+13.3%)",
      "severity": "MEDIUM"
    },
    {
      "quarter": "2024-06 (Q2)",
      "signal": "INCREMENTAL MARGIN (YoY)",
      "detail": "YoY Incr OPM: +131.4% vs year-ago OPM: +25.5%",
      "severity": "HIGH"
    },
    {
      "quarter": "2024-03 (Q1)",
      "signal": "FCF MARGIN EXPANSION",
      "detail": "FCF margin: +21.2% -> +45.3% (+24.2%)",
      "severity": "MEDIUM"
    },
    {
      "quarter": "2024-03 (Q1)",
      "signal": "OPERATING LEVERAGE",
      "detail": "Rev growth +42.2% vs OpEx growth +12.2% (leverage: 3.4x)",
      "severity": "MEDIUM"
    },
    {
      "quarter": "2024-03 (Q1)",
      "signal": "YoY REVENUE GROWTH ACCELERATION",
      "detail": "YoY growth: +6.9% vs prior quarter YoY: -21.9% (accel: +28.8%)",
      "severity": "HIGH"
    },
    {
      "quarter": "2024-03 (Q1)",
      "signal": "INCREMENTAL MARGIN (YoY)",
      "detail": "YoY Incr OPM: +120.8% vs year-ago OPM: +27.4%",
      "severity": "HIGH"
    },
    {
      "quarter": "2023-06 (Q2)",
      "signal": "YoY REVENUE GROWTH DECELERATION",
      "detail": "YoY growth: -18.8% vs prior quarter YoY: -6.6% (decel: -12.2%)",
      "severity": "WARNING"
    },
    {
      "quarter": "2023-03 (Q1)",
      "signal": "FCF MARGIN EXPANSION",
      "detail": "FCF margin: +12.7% -> +175.5% (+162.7%)",
      "severity": "MEDIUM"
    },
    {
      "quarter": "2023-03 (Q1)",
      "signal": "GROSS MARGIN INFLECTION",
      "detail": "GM: +73.6% -> +50.3% -> +56.8% (reversal +6.5%)",
      "severity": "HIGH"
    },
    {
      "quarter": "2023-03 (Q1)",
      "signal": "YoY REVENUE GROWTH DECELERATION",
      "detail": "YoY growth: -6.6% vs prior quarter YoY: +46.5% (decel: -53.1%)",
      "severity": "WARNING"
    },
    {
      "quarter": "2022-12 (Q4)",
      "signal": "FCF MARGIN EXPANSION",
      "detail": "FCF margin: +6.7% -> +12.7% (+6.0%)",
      "severity": "MEDIUM"
    },
    {
      "quarter": "2022-12 (Q4)",
      "signal": "YoY REVENUE GROWTH ACCELERATION",
      "detail": "YoY growth: +46.5% vs prior quarter YoY: +27.1% (accel: +19.4%)",
      "severity": "HIGH"
    },
    {
      "quarter": "2022-09 (Q3)",
      "signal": "YoY REVENUE GROWTH DECELERATION",
      "detail": "YoY growth: +27.1% vs prior quarter YoY: +34.8% (decel: -7.7%)",
      "severity": "WARNING"
    },
    {
      "quarter": "2022-06 (Q2)",
      "signal": "GROSS MARGIN INFLECTION",
      "detail": "GM: +63.4% -> +47.2% -> +69.5% (reversal +22.3%)",
      "severity": "HIGH"
    },
    {
      "quarter": "2022-06 (Q2)",
      "signal": "YoY REVENUE GROWTH ACCELERATION",
      "detail": "YoY growth: +34.8% vs prior quarter YoY: +25.1% (accel: +9.7%)",
      "severity": "MEDIUM"
    },
    {
      "quarter": "2022-03 (Q1)",
      "signal": "FCF MARGIN EXPANSION",
      "detail": "FCF margin: +6.1% -> +35.1% (+29.0%)",
      "severity": "MEDIUM"
    },
    {
      "quarter": "2022-03 (Q1)",
      "signal": "OPERATING LEVERAGE",
      "detail": "Rev growth +62.9% vs OpEx growth +7.5% (leverage: 8.4x)",
      "severity": "MEDIUM"
    },
    {
      "quarter": "2021-06 (Q2)",
      "signal": "FCF TURNED POSITIVE",
      "detail": "FCF margin: -118.2% -> +40.3%",
      "severity": "HIGH"
    }
  ],
  "data_quality": {
    "n_quarters": 20,
    "coverage": {
      "revenue": [
        20,
        20
      ],
      "gross_profit": [
        15,
        20
      ],
      "op_income": [
        20,
        20
      ],
      "fcf": [
        20,
        20
      ]
    },
    "gaps": [],
    "warnings": [
      "gross_profit: 15/20Q"
    ]
  },
  "market_cap": null,
  "source": "SEC EDGAR",
  "last_updated": "2026-02-04T13:45:52.243941"
}