{
  "ticker": "ATR",
  "name": "AptarGroup,\u00a0Inc",
  "quarters": [
    {
      "date": "2020-12-31T00:00:00",
      "quarter_label": "2020-12 (Q4)",
      "revenue": 749329000,
      "gross_profit": 231019000,
      "operating_income": 81523000,
      "net_income": 53232000,
      "opex": 667806000,
      "cogs": null,
      "rd": null,
      "sga": null,
      "fcf": 116137000,
      "ocf": 188726000,
      "capex": -72589000,
      "gross_margin": 0.30830116010457354,
      "op_margin": 0.10879466829656934,
      "fcf_margin": 0.1549879959270227
    },
    {
      "date": "2021-03-31T00:00:00",
      "quarter_label": "2021-03 (Q1)",
      "revenue": 776754000,
      "gross_profit": null,
      "operating_income": 92591000,
      "net_income": 83952000,
      "opex": 684163000,
      "cogs": null,
      "rd": null,
      "sga": null,
      "fcf": 8301000,
      "ocf": 72185000,
      "capex": -63884000,
      "gross_margin": null,
      "op_margin": 0.119202475944765,
      "fcf_margin": 0.0106867811430646,
      "op_leverage_ratio": 1.4942413781235304,
      "fcf_margin_change": -0.1443012147839581
    },
    {
      "date": "2021-06-30T00:00:00",
      "quarter_label": "2021-06 (Q2)",
      "revenue": 811032000,
      "gross_profit": null,
      "operating_income": 84403000,
      "net_income": 55276000,
      "opex": 726629000,
      "cogs": null,
      "rd": null,
      "sga": null,
      "fcf": 30241000,
      "ocf": 103396000,
      "capex": -73155000,
      "gross_margin": null,
      "op_margin": 0.10406864340741179,
      "fcf_margin": 0.03728706142297714,
      "op_leverage_ratio": 0.7109682458805949,
      "fcf_margin_change": 0.02660028027991254
    },
    {
      "date": "2021-09-30T00:00:00",
      "quarter_label": "2021-09 (Q3)",
      "revenue": 825442000,
      "gross_profit": null,
      "operating_income": 82923000,
      "net_income": 47260000,
      "opex": 742519000,
      "cogs": null,
      "rd": null,
      "sga": null,
      "fcf": 4142000,
      "ocf": 83792000,
      "capex": -79650000,
      "gross_margin": null,
      "op_margin": 0.10045890565297137,
      "fcf_margin": 0.005017917673198117,
      "op_leverage_ratio": 0.81248400556949,
      "fcf_margin_change": -0.032269143749779024
    },
    {
      "date": "2021-12-31T00:00:00",
      "quarter_label": "2021-12 (Q4)",
      "revenue": 813993000,
      "gross_profit": null,
      "operating_income": 87431000,
      "net_income": 57609000,
      "opex": 726562000,
      "cogs": null,
      "rd": null,
      "sga": null,
      "fcf": 12824000,
      "ocf": 104070000,
      "capex": -91246000,
      "gross_margin": null,
      "op_margin": 0.10741001458243499,
      "fcf_margin": 0.015754435234701037,
      "incr_op_margin_yoy": 0.09136459235432388,
      "rev_growth_yoy": 0.08629587270744893,
      "fcf_margin_change": 0.01073651756150292
    },
    {
      "date": "2022-03-31T00:00:00",
      "quarter_label": "2022-03 (Q1)",
      "revenue": 844932000,
      "gross_profit": null,
      "operating_income": 97707000,
      "net_income": 62423000,
      "opex": 747225000,
      "cogs": null,
      "rd": null,
      "sga": null,
      "fcf": 19019000,
      "ocf": 92077000,
      "capex": -73058000,
      "gross_margin": null,
      "op_margin": 0.11563889165045234,
      "fcf_margin": 0.022509503723376557,
      "incr_op_margin_yoy": 0.0750388688433219,
      "rev_growth_yoy": 0.08777296286855298,
      "rev_growth_yoy_accel": 0.0014770901611040471,
      "op_leverage_ratio": 1.3364875167610726,
      "fcf_margin_change": 0.00675506848867552
    },
    {
      "date": "2022-06-30T00:00:00",
      "quarter_label": "2022-06 (Q2)",
      "revenue": 844543000,
      "gross_profit": null,
      "operating_income": 101171000,
      "net_income": 63625000,
      "opex": 743372000,
      "cogs": null,
      "rd": null,
      "sga": null,
      "fcf": 10373000,
      "ocf": 84577000,
      "capex": -74204000,
      "gross_margin": null,
      "op_margin": 0.11979378196255253,
      "fcf_margin": 0.01228238230617032,
      "incr_op_margin_yoy": 0.5003730118468562,
      "rev_growth_yoy": 0.041318961520630505,
      "rev_growth_yoy_accel": -0.04645400134792247,
      "fcf_margin_change": -0.010227121417206237
    },
    {
      "date": "2022-09-30T00:00:00",
      "quarter_label": "2022-09 (Q3)",
      "revenue": 836860000,
      "gross_profit": null,
      "operating_income": 95185000,
      "net_income": 54244000,
      "opex": 741675000,
      "cogs": null,
      "rd": null,
      "sga": null,
      "fcf": 50826000,
      "ocf": 129695000,
      "capex": -78869000,
      "gross_margin": null,
      "op_margin": 0.11374064957101546,
      "fcf_margin": 0.060734172979948854,
      "incr_op_margin_yoy": 1.0739183744964091,
      "rev_growth_yoy": 0.013832589085605045,
      "rev_growth_yoy_accel": -0.027486372435025462,
      "fcf_margin_change": 0.048451790673778534
    },
    {
      "date": "2022-12-31T00:00:00",
      "quarter_label": "2022-12 (Q4)",
      "revenue": 795914000,
      "gross_profit": null,
      "operating_income": 85210000,
      "net_income": 58996000,
      "opex": 710704000,
      "cogs": null,
      "rd": null,
      "sga": null,
      "fcf": 87972000,
      "ocf": 172268000,
      "capex": -84296000,
      "gross_margin": null,
      "op_margin": 0.10705930540234246,
      "fcf_margin": 0.11052952957229048,
      "incr_op_margin_yoy": 0.12284971513911168,
      "rev_growth_yoy": -0.022210264707436058,
      "rev_growth_yoy_accel": -0.036042853793041105,
      "fcf_margin_change": 0.049795356592341626
    },
    {
      "date": "2023-03-31T00:00:00",
      "quarter_label": "2023-03 (Q1)",
      "revenue": 860067000,
      "gross_profit": null,
      "operating_income": 83939000,
      "net_income": 54764000,
      "opex": 776128000,
      "cogs": null,
      "rd": null,
      "sga": null,
      "fcf": 20479000,
      "ocf": 98304000,
      "capex": -77825000,
      "gross_margin": null,
      "op_margin": 0.0975958849717522,
      "fcf_margin": 0.023810935659663725,
      "incr_op_margin_yoy": -0.9096795507102742,
      "rev_growth_yoy": 0.017912684097655195,
      "rev_growth_yoy_accel": 0.04012294880509125,
      "op_leverage_ratio": 0.8755934271906872,
      "fcf_margin_change": -0.08671859391262676
    },
    {
      "date": "2023-06-30T00:00:00",
      "quarter_label": "2023-06 (Q2)",
      "revenue": 895906000,
      "gross_profit": null,
      "operating_income": 116557000,
      "net_income": 83072000,
      "opex": 779349000,
      "cogs": null,
      "rd": null,
      "sga": null,
      "fcf": 6710000,
      "ocf": 83897000,
      "capex": -77187000,
      "gross_margin": null,
      "op_margin": 0.13009958634053126,
      "fcf_margin": 0.007489625027625666,
      "incr_op_margin_yoy": 0.29955415376827677,
      "rev_growth_yoy": 0.06081750721988105,
      "rev_growth_yoy_accel": 0.042904823122225856,
      "op_leverage_ratio": 10.04075165429909,
      "fcf_margin_change": -0.01632131063203806
    },
    {
      "date": "2023-09-30T00:00:00",
      "quarter_label": "2023-09 (Q3)",
      "revenue": 892997000,
      "gross_profit": null,
      "operating_income": 119322000,
      "net_income": 84296000,
      "opex": 773675000,
      "cogs": null,
      "rd": null,
      "sga": null,
      "fcf": 97214000,
      "ocf": 173401000,
      "capex": -76187000,
      "gross_margin": null,
      "op_margin": 0.13361970980865556,
      "fcf_margin": 0.108862627757988,
      "incr_op_margin_yoy": 0.4299659760941981,
      "rev_growth_yoy": 0.06708051525942213,
      "rev_growth_yoy_accel": 0.006263008039541079,
      "fcf_margin_change": 0.10137300273036233
    },
    {
      "date": "2023-12-31T00:00:00",
      "quarter_label": "2023-12 (Q4)",
      "revenue": 838480000,
      "gross_profit": null,
      "operating_income": 84201000,
      "net_income": 62355000,
      "opex": 754279000,
      "cogs": null,
      "rd": null,
      "sga": null,
      "fcf": 138494000,
      "ocf": 219637000,
      "capex": -81143000,
      "gross_margin": null,
      "op_margin": 0.10042099990458926,
      "fcf_margin": 0.16517269344528193,
      "incr_op_margin_yoy": -0.023704364986139172,
      "rev_growth_yoy": 0.053480652432297965,
      "rev_growth_yoy_accel": -0.013599862827124165,
      "fcf_margin_change": 0.056310065687293936
    },
    {
      "date": "2024-03-31T00:00:00",
      "quarter_label": "2024-03 (Q1)",
      "revenue": 915448000,
      "gross_profit": null,
      "operating_income": 112083000,
      "net_income": 83104000,
      "opex": 803365000,
      "cogs": null,
      "rd": null,
      "sga": null,
      "fcf": 16672000,
      "ocf": 92333000,
      "capex": -75661000,
      "gross_margin": null,
      "op_margin": 0.12243513558388898,
      "fcf_margin": 0.018211848187991018,
      "incr_op_margin_yoy": 0.5081887289864755,
      "rev_growth_yoy": 0.06439149508119717,
      "rev_growth_yoy_accel": 0.010910842648899202,
      "op_leverage_ratio": 1.4105609843813625,
      "fcf_margin_change": -0.14696084525729092
    },
    {
      "date": "2024-06-30T00:00:00",
      "quarter_label": "2024-06 (Q2)",
      "revenue": 910063000,
      "gross_profit": 342623000,
      "operating_income": 126010000,
      "net_income": 90454000,
      "opex": 784053000,
      "cogs": 567440000,
      "rd": null,
      "sga": null,
      "fcf": 75374000,
      "ocf": 143579000,
      "capex": -68205000,
      "gross_margin": 0.3764827270199975,
      "op_margin": 0.13846294157657218,
      "fcf_margin": 0.08282283753981867,
      "incr_op_margin_yoy": 0.6677262131807586,
      "rev_growth_yoy": 0.01580188100090858,
      "rev_growth_yoy_accel": -0.048589614080288585,
      "fcf_margin_change": 0.06461098935182766
    },
    {
      "date": "2024-09-30T00:00:00",
      "quarter_label": "2024-09 (Q3)",
      "revenue": 909291000,
      "gross_profit": 350780000,
      "operating_income": 138297000,
      "net_income": 100039000,
      "opex": 770994000,
      "cogs": 558511000,
      "rd": null,
      "sga": null,
      "fcf": 162712000,
      "ocf": 229262000,
      "capex": -66550000,
      "gross_margin": 0.3857730913425955,
      "op_margin": 0.15209322428133568,
      "fcf_margin": 0.17894381446643592,
      "incr_op_margin_yoy": 1.1645390941450842,
      "rev_growth_yoy": 0.018246421880476642,
      "rev_growth_yoy_accel": 0.0024445408795680627,
      "fcf_margin_change": 0.09612097692661725
    },
    {
      "date": "2024-12-31T00:00:00",
      "quarter_label": "2024-12 (Q4)",
      "revenue": 848088000,
      "gross_profit": null,
      "operating_income": 120107000,
      "net_income": 100944000,
      "opex": 727981000,
      "cogs": null,
      "rd": null,
      "sga": null,
      "fcf": 112174000,
      "ocf": 178239000,
      "capex": -66065000,
      "gross_margin": null,
      "op_margin": 0.14162091669732385,
      "fcf_margin": 0.13226693456339436,
      "incr_op_margin_yoy": 3.7370940882597834,
      "rev_growth_yoy": 0.011458830264287758,
      "rev_growth_yoy_accel": -0.006787591616188884,
      "fcf_margin_change": -0.04667687990304156
    },
    {
      "date": "2025-03-31T00:00:00",
      "quarter_label": "2025-03 (Q1)",
      "revenue": 887305000,
      "gross_profit": null,
      "operating_income": 113448000,
      "net_income": 78798000,
      "opex": 773857000,
      "cogs": null,
      "rd": null,
      "sga": null,
      "fcf": 25880000,
      "ocf": 82742000,
      "capex": -56862000,
      "gross_margin": null,
      "op_margin": 0.12785682487983274,
      "fcf_margin": 0.02916697189805084,
      "incr_op_margin_yoy": -0.048502291866538746,
      "rev_growth_yoy": -0.03074232506925571,
      "rev_growth_yoy_accel": -0.04220115533354347,
      "op_leverage_ratio": 0.7337835144712062,
      "fcf_margin_change": -0.10309996266534352
    },
    {
      "date": "2025-06-30T00:00:00",
      "quarter_label": "2025-06 (Q2)",
      "revenue": 966009000,
      "gross_profit": 367015000,
      "operating_income": 144393000,
      "net_income": 111720000,
      "opex": 821616000,
      "cogs": 598994000,
      "rd": null,
      "sga": null,
      "fcf": 62533000,
      "ocf": 125958000,
      "capex": -63425000,
      "gross_margin": 0.3799291725025336,
      "op_margin": 0.14947376266680745,
      "fcf_margin": 0.06473335134558787,
      "incr_op_margin_yoy": 0.3285847066814428,
      "rev_growth_yoy": 0.06147486492693363,
      "rev_growth_yoy_accel": 0.09221718999618934,
      "op_leverage_ratio": 1.4372402364927583,
      "fcf_margin_change": 0.03556637944753703
    },
    {
      "date": "2025-09-30T00:00:00",
      "quarter_label": "2025-09 (Q3)",
      "revenue": 961131000,
      "gross_profit": 363085000,
      "operating_income": 136923000,
      "net_income": 127927000,
      "opex": 824208000,
      "cogs": 598046000,
      "rd": null,
      "sga": null,
      "fcf": 114293000,
      "ocf": 177606000,
      "capex": -63313000,
      "gross_margin": 0.37776848317242917,
      "op_margin": 0.1424602889720548,
      "fcf_margin": 0.11891511146763553,
      "incr_op_margin_yoy": -0.026504629629629628,
      "rev_growth_yoy": 0.05701145177946334,
      "rev_growth_yoy_accel": -0.004463413147470292,
      "fcf_margin_change": 0.05418176012204766
    }
  ],
  "signals": [
    {
      "quarter": "2025-09 (Q3)",
      "signal": "FCF MARGIN EXPANSION",
      "detail": "FCF margin: +6.5% -> +11.9% (+5.4%)",
      "severity": "MEDIUM"
    },
    {
      "quarter": "2025-06 (Q2)",
      "signal": "YoY REVENUE GROWTH ACCELERATION",
      "detail": "YoY growth: +6.1% vs prior quarter YoY: -3.1% (accel: +9.2%)",
      "severity": "MEDIUM"
    },
    {
      "quarter": "2025-06 (Q2)",
      "signal": "INCREMENTAL MARGIN (YoY)",
      "detail": "YoY Incr OPM: +32.9% vs year-ago OPM: +13.8%",
      "severity": "MEDIUM"
    },
    {
      "quarter": "2024-12 (Q4)",
      "signal": "INCREMENTAL MARGIN (YoY)",
      "detail": "YoY Incr OPM: +373.7% vs year-ago OPM: +10.0%",
      "severity": "HIGH"
    },
    {
      "quarter": "2024-09 (Q3)",
      "signal": "FCF MARGIN EXPANSION",
      "detail": "FCF margin: +8.3% -> +17.9% (+9.6%)",
      "severity": "MEDIUM"
    },
    {
      "quarter": "2024-09 (Q3)",
      "signal": "INCREMENTAL MARGIN (YoY)",
      "detail": "YoY Incr OPM: +116.5% vs year-ago OPM: +13.4%",
      "severity": "HIGH"
    },
    {
      "quarter": "2024-06 (Q2)",
      "signal": "FCF MARGIN EXPANSION",
      "detail": "FCF margin: +1.8% -> +8.3% (+6.5%)",
      "severity": "MEDIUM"
    },
    {
      "quarter": "2024-06 (Q2)",
      "signal": "INCREMENTAL MARGIN (YoY)",
      "detail": "YoY Incr OPM: +66.8% vs year-ago OPM: +13.0%",
      "severity": "HIGH"
    },
    {
      "quarter": "2024-03 (Q1)",
      "signal": "INCREMENTAL MARGIN (YoY)",
      "detail": "YoY Incr OPM: +50.8% vs year-ago OPM: +9.8%",
      "severity": "HIGH"
    },
    {
      "quarter": "2023-12 (Q4)",
      "signal": "FCF MARGIN EXPANSION",
      "detail": "FCF margin: +10.9% -> +16.5% (+5.6%)",
      "severity": "MEDIUM"
    },
    {
      "quarter": "2023-09 (Q3)",
      "signal": "FCF MARGIN EXPANSION",
      "detail": "FCF margin: +0.7% -> +10.9% (+10.1%)",
      "severity": "MEDIUM"
    },
    {
      "quarter": "2023-09 (Q3)",
      "signal": "INCREMENTAL MARGIN (YoY)",
      "detail": "YoY Incr OPM: +43.0% vs year-ago OPM: +11.4%",
      "severity": "HIGH"
    },
    {
      "quarter": "2023-06 (Q2)",
      "signal": "OPERATING LEVERAGE",
      "detail": "Rev growth +4.2% vs OpEx growth +0.4% (leverage: 10.0x)",
      "severity": "MEDIUM"
    },
    {
      "quarter": "2023-06 (Q2)",
      "signal": "INCREMENTAL MARGIN (YoY)",
      "detail": "YoY Incr OPM: +30.0% vs year-ago OPM: +12.0%",
      "severity": "MEDIUM"
    },
    {
      "quarter": "2022-09 (Q3)",
      "signal": "INCREMENTAL MARGIN (YoY)",
      "detail": "YoY Incr OPM: +107.4% vs year-ago OPM: +10.0%",
      "severity": "HIGH"
    },
    {
      "quarter": "2022-06 (Q2)",
      "signal": "INCREMENTAL MARGIN (YoY)",
      "detail": "YoY Incr OPM: +50.0% vs year-ago OPM: +10.4%",
      "severity": "HIGH"
    }
  ],
  "data_quality": {
    "n_quarters": 20,
    "coverage": {
      "revenue": [
        20,
        20
      ],
      "gross_profit": [
        5,
        20
      ],
      "op_income": [
        20,
        20
      ],
      "fcf": [
        20,
        20
      ]
    },
    "gaps": [],
    "warnings": [
      "gross_profit: 5/20Q"
    ]
  },
  "market_cap": null,
  "source": "SEC EDGAR",
  "last_updated": "2026-02-02T20:44:48.667991"
}