{
  "ticker": "ATRA",
  "name": "Atara Biotherapeutics, Inc.",
  "quarters": [
    {
      "date": "2022-03-31T00:00:00",
      "quarter_label": "2022-03 (Q1)",
      "revenue": 7314000,
      "gross_profit": null,
      "operating_income": -88220000,
      "net_income": -88105000,
      "opex": 95534000,
      "cogs": null,
      "rd": 74963000,
      "sga": null,
      "fcf": -87134000,
      "ocf": -84529000,
      "capex": -2605000,
      "gross_margin": null,
      "op_margin": -12.061799289034727,
      "fcf_margin": -11.91331692644244
    },
    {
      "date": "2022-06-30T00:00:00",
      "quarter_label": "2022-06 (Q2)",
      "revenue": 51579000,
      "gross_profit": null,
      "operating_income": -32132000,
      "net_income": 18466000,
      "opex": 83711000,
      "cogs": null,
      "rd": 64898000,
      "sga": null,
      "fcf": -65383000,
      "ocf": -63964000,
      "capex": -1419000,
      "gross_margin": null,
      "op_margin": -0.6229667112584579,
      "fcf_margin": -1.267628298338471,
      "op_leverage_ratio": Infinity,
      "fcf_margin_change": 10.645688628103969
    },
    {
      "date": "2022-09-30T00:00:00",
      "quarter_label": "2022-09 (Q3)",
      "revenue": 4459000,
      "gross_profit": null,
      "operating_income": -84622000,
      "net_income": -84091000,
      "opex": 89081000,
      "cogs": null,
      "rd": 70157000,
      "sga": null,
      "fcf": -65189000,
      "ocf": -65057000,
      "capex": -132000,
      "gross_margin": null,
      "op_margin": -18.97779771249159,
      "fcf_margin": -14.619645660461988,
      "fcf_margin_change": -13.352017362123517
    },
    {
      "date": "2022-12-31T00:00:00",
      "quarter_label": "2022-12 (Q4)",
      "revenue": 221000,
      "gross_profit": null,
      "operating_income": -75539000,
      "net_income": -74572000,
      "opex": 75760000,
      "cogs": null,
      "rd": 62515000,
      "sga": null,
      "fcf": -56917000,
      "ocf": -56880000,
      "capex": -37000,
      "gross_margin": null,
      "op_margin": -341.80542986425337,
      "fcf_margin": -257.5429864253394,
      "fcf_margin_change": -242.9233407648774
    },
    {
      "date": "2023-03-31T00:00:00",
      "quarter_label": "2023-03 (Q1)",
      "revenue": 1226000,
      "gross_profit": null,
      "operating_income": -75018000,
      "net_income": -74771000,
      "opex": 76244000,
      "cogs": null,
      "rd": 62156000,
      "sga": null,
      "fcf": -38828000,
      "ocf": -38429000,
      "capex": -399000,
      "gross_margin": null,
      "op_margin": -61.18923327895595,
      "fcf_margin": -31.67047308319739,
      "incr_op_margin_yoy": -2.168528252299606,
      "rev_growth_yoy": -0.8323762646978398,
      "op_leverage_ratio": 711.8170599454022,
      "fcf_margin_change": 225.872513342142
    },
    {
      "date": "2023-06-30T00:00:00",
      "quarter_label": "2023-06 (Q2)",
      "revenue": 957000,
      "gross_profit": null,
      "operating_income": -71414000,
      "net_income": -71108000,
      "opex": 72371000,
      "cogs": null,
      "rd": 56141000,
      "sga": null,
      "fcf": -53295000,
      "ocf": -52796000,
      "capex": -499000,
      "gross_margin": null,
      "op_margin": -74.62277951933125,
      "fcf_margin": -55.689655172413794,
      "incr_op_margin_yoy": 0.7759867251392675,
      "rev_growth_yoy": -0.981445937300064,
      "rev_growth_yoy_accel": -0.14906967260222426,
      "fcf_margin_change": -24.019182089216404
    },
    {
      "date": "2023-09-30T00:00:00",
      "quarter_label": "2023-09 (Q3)",
      "revenue": 2138000,
      "gross_profit": null,
      "operating_income": -69612000,
      "net_income": -69797000,
      "opex": 71750000,
      "cogs": null,
      "rd": 56888000,
      "sga": null,
      "fcf": -51627000,
      "ocf": -51346000,
      "capex": -281000,
      "gross_margin": null,
      "op_margin": -32.55940130963517,
      "fcf_margin": -24.14733395696913,
      "incr_op_margin_yoy": -6.467040068935804,
      "rev_growth_yoy": -0.5205202960305001,
      "rev_growth_yoy_accel": 0.4609256412695639,
      "op_leverage_ratio": Infinity,
      "fcf_margin_change": 31.542321215444662
    },
    {
      "date": "2023-12-31T00:00:00",
      "quarter_label": "2023-12 (Q4)",
      "revenue": 4252000,
      "gross_profit": null,
      "operating_income": -59962000,
      "net_income": -60450000,
      "opex": 64214000,
      "cogs": null,
      "rd": 49600000,
      "sga": null,
      "fcf": -50450000,
      "ocf": -50406000,
      "capex": -44000,
      "gross_margin": null,
      "op_margin": -14.102069614299154,
      "fcf_margin": -11.86500470366886,
      "incr_op_margin_yoy": 3.864301662118581,
      "rev_growth_yoy": 18.239819004524886,
      "rev_growth_yoy_accel": 18.760339300555387,
      "op_leverage_ratio": Infinity,
      "fcf_margin_change": 12.28232925330027
    },
    {
      "date": "2024-03-31T00:00:00",
      "quarter_label": "2024-03 (Q1)",
      "revenue": 27357000,
      "gross_profit": null,
      "operating_income": -31247000,
      "net_income": -31752000,
      "opex": 58604000,
      "cogs": null,
      "rd": 45506000,
      "sga": null,
      "fcf": -29739000,
      "ocf": -29612000,
      "capex": -127000,
      "gross_margin": null,
      "op_margin": -1.1421939540154256,
      "fcf_margin": -1.087070950762145,
      "incr_op_margin_yoy": 1.6750602732386821,
      "rev_growth_yoy": 21.314029363784666,
      "rev_growth_yoy_accel": 3.07421035925978,
      "op_leverage_ratio": Infinity,
      "fcf_margin_change": 10.777933752906716
    },
    {
      "date": "2024-06-30T00:00:00",
      "quarter_label": "2024-06 (Q2)",
      "revenue": 28640000,
      "gross_profit": null,
      "operating_income": -18231000,
      "net_income": -19049000,
      "opex": 46871000,
      "cogs": null,
      "rd": 33332000,
      "sga": null,
      "fcf": -10674000,
      "ocf": -10645000,
      "capex": -29000,
      "gross_margin": null,
      "op_margin": -0.6365572625698324,
      "fcf_margin": -0.372695530726257,
      "incr_op_margin_yoy": 1.9211429397102915,
      "rev_growth_yoy": 28.92685475444096,
      "rev_growth_yoy_accel": 7.612825390656294,
      "op_leverage_ratio": Infinity,
      "fcf_margin_change": 0.714375420035888
    },
    {
      "date": "2024-09-30T00:00:00",
      "quarter_label": "2024-09 (Q3)",
      "revenue": 40190000,
      "gross_profit": null,
      "operating_income": -21757000,
      "net_income": -21909000,
      "opex": 61947000,
      "cogs": null,
      "rd": 43924000,
      "sga": null,
      "fcf": -3989000,
      "ocf": -3989000,
      "capex": null,
      "gross_margin": null,
      "op_margin": -0.5413535705399353,
      "fcf_margin": -0.09925354565812392,
      "incr_op_margin_yoy": 1.2576211500052559,
      "rev_growth_yoy": 17.797942001870908,
      "rev_growth_yoy_accel": -11.128912752570052,
      "op_leverage_ratio": 1.2537965231282544,
      "fcf_margin_change": 0.2734419850681331
    },
    {
      "date": "2024-12-31T00:00:00",
      "quarter_label": "2024-12 (Q4)",
      "revenue": 32753000,
      "gross_profit": null,
      "operating_income": -12203000,
      "net_income": -12693000,
      "opex": 44956000,
      "cogs": null,
      "rd": 28721000,
      "sga": null,
      "fcf": -24561000,
      "ocf": -24471000,
      "capex": -90000,
      "gross_margin": null,
      "op_margin": -0.3725765578725613,
      "fcf_margin": -0.7498855066711446,
      "incr_op_margin_yoy": 1.675695589628434,
      "rev_growth_yoy": 6.702963311382879,
      "rev_growth_yoy_accel": -11.094978690488029,
      "fcf_margin_change": -0.6506319610130207
    },
    {
      "date": "2025-03-31T00:00:00",
      "quarter_label": "2025-03 (Q1)",
      "revenue": 98149000,
      "gross_profit": null,
      "operating_income": 38802000,
      "net_income": 38010000,
      "opex": 59347000,
      "cogs": null,
      "rd": 27433000,
      "sga": null,
      "fcf": -28138000,
      "ocf": -28138000,
      "capex": null,
      "gross_margin": null,
      "op_margin": 0.39533770084259645,
      "fcf_margin": -0.28668656838072726,
      "incr_op_margin_yoy": 0.9895044637812183,
      "rev_growth_yoy": 2.587710640786636,
      "rev_growth_yoy_accel": -4.115252670596243,
      "op_leverage_ratio": 6.237302242973665,
      "fcf_margin_change": 0.46319893829041736
    },
    {
      "date": "2025-06-30T00:00:00",
      "quarter_label": "2025-06 (Q2)",
      "revenue": 17575000,
      "gross_profit": null,
      "operating_income": 3197000,
      "net_income": 2387000,
      "opex": 14378000,
      "cogs": null,
      "rd": 7310000,
      "sga": null,
      "fcf": -7318000,
      "ocf": -7318000,
      "capex": null,
      "gross_margin": null,
      "op_margin": 0.18190611664295875,
      "fcf_margin": -0.4163869132290185,
      "incr_op_margin_yoy": -1.936556710347944,
      "rev_growth_yoy": -0.3863477653631285,
      "rev_growth_yoy_accel": -2.974058406149765,
      "fcf_margin_change": -0.12970034484829124
    },
    {
      "date": "2025-09-30T00:00:00",
      "quarter_label": "2025-09 (Q3)",
      "revenue": 3453000,
      "gross_profit": null,
      "operating_income": -3574000,
      "net_income": -4303000,
      "opex": 7027000,
      "cogs": null,
      "rd": 2925000,
      "sga": null,
      "fcf": -9787000,
      "ocf": -9787000,
      "capex": null,
      "gross_margin": null,
      "op_margin": -1.0350419924703156,
      "fcf_margin": -2.8343469446857803,
      "incr_op_margin_yoy": -0.49495059476821734,
      "rev_growth_yoy": -0.9140831052500622,
      "rev_growth_yoy_accel": -0.5277353398869338,
      "fcf_margin_change": -2.417960031456762
    }
  ],
  "signals": [
    {
      "quarter": "2025-09 (Q3)",
      "signal": "YoY REVENUE GROWTH DECELERATION",
      "detail": "YoY growth: -91.4% vs prior quarter YoY: -38.6% (decel: -52.8%)",
      "severity": "WARNING"
    },
    {
      "quarter": "2025-06 (Q2)",
      "signal": "YoY REVENUE GROWTH DECELERATION",
      "detail": "YoY growth: -38.6% vs prior quarter YoY: +258.8% (decel: -297.4%)",
      "severity": "WARNING"
    },
    {
      "quarter": "2025-06 (Q2)",
      "signal": "OP MARGIN TURNED POSITIVE (YoY)",
      "detail": "Op margin: -63.7% (year-ago) -> +18.2%",
      "severity": "HIGH"
    },
    {
      "quarter": "2025-03 (Q1)",
      "signal": "FCF MARGIN EXPANSION",
      "detail": "FCF margin: -75.0% -> -28.7% (+46.3%)",
      "severity": "MEDIUM"
    },
    {
      "quarter": "2025-03 (Q1)",
      "signal": "OPERATING LEVERAGE",
      "detail": "Rev growth +199.7% vs OpEx growth +32.0% (leverage: 6.2x)",
      "severity": "MEDIUM"
    },
    {
      "quarter": "2025-03 (Q1)",
      "signal": "YoY REVENUE GROWTH DECELERATION",
      "detail": "YoY growth: +258.8% vs prior quarter YoY: +670.3% (decel: -411.5%)",
      "severity": "WARNING"
    },
    {
      "quarter": "2025-03 (Q1)",
      "signal": "OP MARGIN TURNED POSITIVE (YoY)",
      "detail": "Op margin: -114.2% (year-ago) -> +39.5%",
      "severity": "HIGH"
    },
    {
      "quarter": "2025-03 (Q1)",
      "signal": "OP MARGIN TURNED POSITIVE (QoQ)",
      "detail": "Op margin: -37.3% -> +39.5%",
      "severity": "HIGH"
    },
    {
      "quarter": "2024-12 (Q4)",
      "signal": "YoY REVENUE GROWTH DECELERATION",
      "detail": "YoY growth: +670.3% vs prior quarter YoY: +1779.8% (decel: -1109.5%)",
      "severity": "WARNING"
    },
    {
      "quarter": "2024-09 (Q3)",
      "signal": "FCF MARGIN EXPANSION",
      "detail": "FCF margin: -37.3% -> -9.9% (+27.3%)",
      "severity": "MEDIUM"
    },
    {
      "quarter": "2024-09 (Q3)",
      "signal": "YoY REVENUE GROWTH DECELERATION",
      "detail": "YoY growth: +1779.8% vs prior quarter YoY: +2892.7% (decel: -1112.9%)",
      "severity": "WARNING"
    },
    {
      "quarter": "2024-06 (Q2)",
      "signal": "FCF MARGIN EXPANSION",
      "detail": "FCF margin: -108.7% -> -37.3% (+71.4%)",
      "severity": "MEDIUM"
    },
    {
      "quarter": "2024-06 (Q2)",
      "signal": "YoY REVENUE GROWTH ACCELERATION",
      "detail": "YoY growth: +2892.7% vs prior quarter YoY: +2131.4% (accel: +761.3%)",
      "severity": "HIGH"
    },
    {
      "quarter": "2024-03 (Q1)",
      "signal": "FCF MARGIN EXPANSION",
      "detail": "FCF margin: -1186.5% -> -108.7% (+1077.8%)",
      "severity": "MEDIUM"
    },
    {
      "quarter": "2024-03 (Q1)",
      "signal": "YoY REVENUE GROWTH ACCELERATION",
      "detail": "YoY growth: +2131.4% vs prior quarter YoY: +1824.0% (accel: +307.4%)",
      "severity": "HIGH"
    },
    {
      "quarter": "2023-12 (Q4)",
      "signal": "FCF MARGIN EXPANSION",
      "detail": "FCF margin: -2414.7% -> -1186.5% (+1228.2%)",
      "severity": "MEDIUM"
    },
    {
      "quarter": "2023-12 (Q4)",
      "signal": "YoY REVENUE GROWTH ACCELERATION",
      "detail": "YoY growth: +1824.0% vs prior quarter YoY: -52.1% (accel: +1876.0%)",
      "severity": "HIGH"
    },
    {
      "quarter": "2023-09 (Q3)",
      "signal": "FCF MARGIN EXPANSION",
      "detail": "FCF margin: -5569.0% -> -2414.7% (+3154.2%)",
      "severity": "MEDIUM"
    },
    {
      "quarter": "2023-09 (Q3)",
      "signal": "YoY REVENUE GROWTH ACCELERATION",
      "detail": "YoY growth: -52.1% vs prior quarter YoY: -98.1% (accel: +46.1%)",
      "severity": "HIGH"
    },
    {
      "quarter": "2023-06 (Q2)",
      "signal": "YoY REVENUE GROWTH DECELERATION",
      "detail": "YoY growth: -98.1% vs prior quarter YoY: -83.2% (decel: -14.9%)",
      "severity": "WARNING"
    },
    {
      "quarter": "2023-03 (Q1)",
      "signal": "FCF MARGIN EXPANSION",
      "detail": "FCF margin: -25754.3% -> -3167.0% (+22587.3%)",
      "severity": "MEDIUM"
    },
    {
      "quarter": "2023-03 (Q1)",
      "signal": "OPERATING LEVERAGE",
      "detail": "Rev growth +454.8% vs OpEx growth +0.6% (leverage: 711.8x)",
      "severity": "MEDIUM"
    },
    {
      "quarter": "2022-06 (Q2)",
      "signal": "FCF MARGIN EXPANSION",
      "detail": "FCF margin: -1191.3% -> -126.8% (+1064.6%)",
      "severity": "MEDIUM"
    }
  ],
  "data_quality": {
    "n_quarters": 15,
    "coverage": {
      "revenue": [
        15,
        15
      ],
      "gross_profit": [
        0,
        15
      ],
      "op_income": [
        15,
        15
      ],
      "fcf": [
        15,
        15
      ]
    },
    "gaps": [],
    "warnings": [
      "gross_profit: no data"
    ]
  },
  "market_cap": null,
  "source": "SEC EDGAR",
  "last_updated": "2026-02-02T23:44:19.770377"
}