{
  "ticker": "AUTL",
  "name": "Autolus Therapeutics plc",
  "quarters": [
    {
      "date": "2017-12-31T00:00:00",
      "quarter_label": "2017-12 (Q4)",
      "revenue": 231000,
      "gross_profit": null,
      "operating_income": null,
      "net_income": null,
      "opex": 8417000,
      "cogs": null,
      "rd": null,
      "sga": null,
      "fcf": null,
      "ocf": null,
      "capex": null,
      "gross_margin": null,
      "op_margin": null,
      "fcf_margin": null
    },
    {
      "date": "2018-06-30T00:00:00",
      "quarter_label": "2018-06 (Q2)",
      "revenue": 443000,
      "gross_profit": null,
      "operating_income": null,
      "net_income": null,
      "opex": 16523000,
      "cogs": null,
      "rd": null,
      "sga": null,
      "fcf": null,
      "ocf": null,
      "capex": null,
      "gross_margin": null,
      "op_margin": null,
      "fcf_margin": null,
      "op_leverage_ratio": 0.9529598619161905
    },
    {
      "date": "2018-09-30T00:00:00",
      "quarter_label": "2018-09 (Q3)",
      "revenue": 307000,
      "gross_profit": null,
      "operating_income": null,
      "net_income": null,
      "opex": 17062000,
      "cogs": null,
      "rd": null,
      "sga": null,
      "fcf": null,
      "ocf": null,
      "capex": null,
      "gross_margin": null,
      "op_margin": null,
      "fcf_margin": null
    },
    {
      "date": "2018-12-31T00:00:00",
      "quarter_label": "2018-12 (Q4)",
      "revenue": 296000,
      "gross_profit": null,
      "operating_income": null,
      "net_income": null,
      "opex": 25010000,
      "cogs": null,
      "rd": null,
      "sga": null,
      "fcf": null,
      "ocf": null,
      "capex": null,
      "gross_margin": null,
      "op_margin": null,
      "fcf_margin": null,
      "rev_growth_yoy": 0.2813852813852814
    },
    {
      "date": "2019-03-31T00:00:00",
      "quarter_label": "2019-03 (Q1)",
      "revenue": 1964000,
      "gross_profit": null,
      "operating_income": null,
      "net_income": null,
      "opex": null,
      "cogs": null,
      "rd": null,
      "sga": null,
      "fcf": null,
      "ocf": null,
      "capex": null,
      "gross_margin": null,
      "op_margin": null,
      "fcf_margin": null
    },
    {
      "date": "2019-06-30T00:00:00",
      "quarter_label": "2019-06 (Q2)",
      "revenue": 338000,
      "gross_profit": null,
      "operating_income": null,
      "net_income": null,
      "opex": 37205000,
      "cogs": null,
      "rd": null,
      "sga": null,
      "fcf": -22856000,
      "ocf": -17212000,
      "capex": -5644000,
      "gross_margin": null,
      "op_margin": null,
      "fcf_margin": -67.62130177514793,
      "rev_growth_yoy": -0.23702031602708803
    },
    {
      "date": "2019-09-30T00:00:00",
      "quarter_label": "2019-09 (Q3)",
      "revenue": 297000,
      "gross_profit": null,
      "operating_income": null,
      "net_income": null,
      "opex": 35618000,
      "cogs": null,
      "rd": null,
      "sga": null,
      "fcf": -28268000,
      "ocf": -24487000,
      "capex": -3781000,
      "gross_margin": null,
      "op_margin": null,
      "fcf_margin": -95.17845117845118,
      "rev_growth_yoy": -0.03257328990228013,
      "rev_growth_yoy_accel": 0.20444702612480792,
      "fcf_margin_change": -27.557149403303256
    },
    {
      "date": "2019-12-31T00:00:00",
      "quarter_label": "2019-12 (Q4)",
      "revenue": 309000,
      "gross_profit": null,
      "operating_income": null,
      "net_income": null,
      "opex": null,
      "cogs": null,
      "rd": null,
      "sga": null,
      "fcf": -34854000,
      "ocf": -33267000,
      "capex": -1587000,
      "gross_margin": null,
      "op_margin": null,
      "fcf_margin": -112.79611650485437,
      "rev_growth_yoy": 0.04391891891891892,
      "rev_growth_yoy_accel": 0.07649220882119906,
      "fcf_margin_change": -17.617665326403184
    },
    {
      "date": "2020-03-31T00:00:00",
      "quarter_label": "2020-03 (Q1)",
      "revenue": 338000,
      "gross_profit": null,
      "operating_income": -38563000,
      "net_income": -29873000,
      "opex": null,
      "cogs": null,
      "rd": 31287000,
      "sga": null,
      "fcf": -26670000,
      "ocf": -24033000,
      "capex": -2637000,
      "gross_margin": null,
      "op_margin": -114.09171597633136,
      "fcf_margin": -78.90532544378698,
      "rev_growth_yoy": -0.8279022403258656,
      "rev_growth_yoy_accel": -0.8718211592447845,
      "fcf_margin_change": 33.89079106106739
    },
    {
      "date": "2020-06-30T00:00:00",
      "quarter_label": "2020-06 (Q2)",
      "revenue": 293000,
      "gross_profit": null,
      "operating_income": -39544000,
      "net_income": -32045000,
      "opex": null,
      "cogs": null,
      "rd": 31328000,
      "sga": null,
      "fcf": -29456000,
      "ocf": -26933000,
      "capex": -2523000,
      "gross_margin": null,
      "op_margin": -134.96245733788396,
      "fcf_margin": -100.53242320819113,
      "rev_growth_yoy": -0.13313609467455623,
      "rev_growth_yoy_accel": 0.6947661456513093,
      "fcf_margin_change": -21.627097764404155
    },
    {
      "date": "2021-03-31T00:00:00",
      "quarter_label": "2021-03 (Q1)",
      "revenue": 269000,
      "gross_profit": null,
      "operating_income": -39872000,
      "net_income": -33266000,
      "opex": null,
      "cogs": null,
      "rd": 30731000,
      "sga": null,
      "fcf": -39243000,
      "ocf": -37343000,
      "capex": -1900000,
      "gross_margin": null,
      "op_margin": -148.22304832713755,
      "fcf_margin": -145.88475836431226,
      "rev_growth_yoy": -0.20414201183431951,
      "rev_growth_yoy_accel": -0.07100591715976329,
      "fcf_margin_change": -45.35233515612113
    },
    {
      "date": "2024-03-31T00:00:00",
      "quarter_label": "2024-03 (Q1)",
      "revenue": 10091000,
      "gross_profit": 10091000,
      "operating_income": -38757000,
      "net_income": -52690000,
      "opex": 48848000,
      "cogs": 0,
      "rd": 30671000,
      "sga": 18177000,
      "fcf": -41047000,
      "ocf": -40514000,
      "capex": -533000,
      "gross_margin": 1.0,
      "op_margin": -3.8407491824397977,
      "fcf_margin": -4.067684074918244,
      "fcf_margin_change": 141.81707428939401
    },
    {
      "date": "2024-06-30T00:00:00",
      "quarter_label": "2024-06 (Q2)",
      "revenue": 0,
      "gross_profit": 0,
      "operating_income": -58929000,
      "net_income": -58272000,
      "opex": 58929000,
      "cogs": 0,
      "rd": 36612000,
      "sga": 21903000,
      "fcf": -51924000,
      "ocf": -51083000,
      "capex": -841000,
      "gross_margin": null,
      "op_margin": null,
      "fcf_margin": null
    },
    {
      "date": "2024-09-30T00:00:00",
      "quarter_label": "2024-09 (Q3)",
      "revenue": 0,
      "gross_profit": 0,
      "operating_income": -67876000,
      "net_income": -82094000,
      "opex": 67876000,
      "cogs": 0,
      "rd": 40323000,
      "sga": 27330000,
      "fcf": -86329000,
      "ocf": -76740000,
      "capex": -9589000,
      "gross_margin": null,
      "op_margin": null,
      "fcf_margin": null
    },
    {
      "date": "2024-12-31T00:00:00",
      "quarter_label": "2024-12 (Q4)",
      "revenue": 29000,
      "gross_profit": -11358000,
      "operating_income": -75864000,
      "net_income": -27606000,
      "opex": 64506000,
      "cogs": 11387000,
      "rd": 30830000,
      "sga": 33676000,
      "fcf": -49046000,
      "ocf": -37934000,
      "capex": -11112000,
      "gross_margin": -391.6551724137931,
      "op_margin": -2616.0,
      "fcf_margin": -1691.2413793103449
    },
    {
      "date": "2025-03-31T00:00:00",
      "quarter_label": "2025-03 (Q1)",
      "revenue": 8982000,
      "gross_profit": -8969000,
      "operating_income": -65240000,
      "net_income": -70161000,
      "opex": 56271000,
      "cogs": 17951000,
      "rd": 26734000,
      "sga": 29534000,
      "fcf": -83808000,
      "ocf": -75565000,
      "capex": -8243000,
      "gross_margin": -0.9985526608773102,
      "op_margin": -7.263415720329548,
      "fcf_margin": -9.330661322645291,
      "incr_op_margin_yoy": 23.880072137060417,
      "rev_growth_yoy": -0.10989991081161431,
      "op_leverage_ratio": Infinity,
      "fcf_margin_change": 1681.9107179876996
    },
    {
      "date": "2025-06-30T00:00:00",
      "quarter_label": "2025-06 (Q2)",
      "revenue": 20923000,
      "gross_profit": -3522000,
      "operating_income": -61217000,
      "net_income": -47917000,
      "opex": 57695000,
      "cogs": 24445000,
      "rd": 27430000,
      "sga": 30265000,
      "fcf": -80058000,
      "ocf": -72781000,
      "capex": -7277000,
      "gross_margin": -0.16833150121875448,
      "op_margin": -2.9258232567031497,
      "fcf_margin": -3.826315537924772,
      "incr_op_margin_yoy": -0.10935334321082063,
      "op_leverage_ratio": 52.534220360196045,
      "fcf_margin_change": 5.504345784720519
    },
    {
      "date": "2025-09-30T00:00:00",
      "quarter_label": "2025-09 (Q3)",
      "revenue": 21194000,
      "gross_profit": -7449000,
      "operating_income": -71621000,
      "net_income": -79118000,
      "opex": 64172000,
      "cogs": 28643000,
      "rd": 27892000,
      "sga": 36280000,
      "fcf": -72307000,
      "ocf": -67899000,
      "capex": -4408000,
      "gross_margin": -0.3514673964329527,
      "op_margin": -3.3793054638105122,
      "fcf_margin": -3.4116731150325563,
      "incr_op_margin_yoy": -0.17670095309993394,
      "op_leverage_ratio": 0.11537444275687371,
      "fcf_margin_change": 0.41464242289221565
    }
  ],
  "signals": [
    {
      "quarter": "2025-09 (Q3)",
      "signal": "FCF MARGIN EXPANSION",
      "detail": "FCF margin: -382.6% -> -341.2% (+41.5%)",
      "severity": "MEDIUM"
    },
    {
      "quarter": "2025-06 (Q2)",
      "signal": "FCF MARGIN EXPANSION",
      "detail": "FCF margin: -933.1% -> -382.6% (+550.4%)",
      "severity": "MEDIUM"
    },
    {
      "quarter": "2025-06 (Q2)",
      "signal": "OPERATING LEVERAGE",
      "detail": "Rev growth +132.9% vs OpEx growth +2.5% (leverage: 52.5x)",
      "severity": "MEDIUM"
    },
    {
      "quarter": "2025-03 (Q1)",
      "signal": "FCF MARGIN EXPANSION",
      "detail": "FCF margin: -169124.1% -> -933.1% (+168191.1%)",
      "severity": "MEDIUM"
    },
    {
      "quarter": "2024-03 (Q1)",
      "signal": "FCF MARGIN EXPANSION",
      "detail": "FCF margin: -14588.5% -> -406.8% (+14181.7%)",
      "severity": "MEDIUM"
    },
    {
      "quarter": "2021-03 (Q1)",
      "signal": "YoY REVENUE GROWTH DECELERATION",
      "detail": "YoY growth: -20.4% vs prior quarter YoY: -13.3% (decel: -7.1%)",
      "severity": "WARNING"
    },
    {
      "quarter": "2020-06 (Q2)",
      "signal": "YoY REVENUE GROWTH ACCELERATION",
      "detail": "YoY growth: -13.3% vs prior quarter YoY: -82.8% (accel: +69.5%)",
      "severity": "HIGH"
    },
    {
      "quarter": "2020-03 (Q1)",
      "signal": "FCF MARGIN EXPANSION",
      "detail": "FCF margin: -11279.6% -> -7890.5% (+3389.1%)",
      "severity": "MEDIUM"
    },
    {
      "quarter": "2020-03 (Q1)",
      "signal": "YoY REVENUE GROWTH DECELERATION",
      "detail": "YoY growth: -82.8% vs prior quarter YoY: +4.4% (decel: -87.2%)",
      "severity": "WARNING"
    },
    {
      "quarter": "2019-12 (Q4)",
      "signal": "YoY REVENUE GROWTH ACCELERATION",
      "detail": "YoY growth: +4.4% vs prior quarter YoY: -3.3% (accel: +7.6%)",
      "severity": "MEDIUM"
    },
    {
      "quarter": "2019-09 (Q3)",
      "signal": "YoY REVENUE GROWTH ACCELERATION",
      "detail": "YoY growth: -3.3% vs prior quarter YoY: -23.7% (accel: +20.4%)",
      "severity": "HIGH"
    }
  ],
  "data_quality": {
    "n_quarters": 18,
    "coverage": {
      "revenue": [
        18,
        18
      ],
      "gross_profit": [
        7,
        18
      ],
      "op_income": [
        10,
        18
      ],
      "fcf": [
        13,
        18
      ]
    },
    "gaps": [
      [
        "2017-12 (Q4)",
        "2018-06 (Q2)",
        181
      ],
      [
        "2020-06 (Q2)",
        "2021-03 (Q1)",
        274
      ],
      [
        "2021-03 (Q1)",
        "2024-03 (Q1)",
        1096
      ]
    ],
    "warnings": [
      "gross_profit: 7/18Q",
      "op_income: 10/18Q",
      "fcf: 13/18Q",
      "gap: 1Q missing between 2017-12 (Q4) and 2018-06 (Q2)",
      "gap: 2Q missing between 2020-06 (Q2) and 2021-03 (Q1)",
      "gap: 11Q missing between 2021-03 (Q1) and 2024-03 (Q1)"
    ]
  },
  "market_cap": null,
  "source": "SEC EDGAR",
  "last_updated": "2026-02-02T22:36:16.987112"
}