{
  "ticker": "AVA",
  "name": "AVISTA CORP",
  "quarters": [
    {
      "date": "2020-12-31T00:00:00",
      "quarter_label": "2020-12 (Q4)",
      "revenue": 380423000,
      "gross_profit": null,
      "operating_income": 87083000,
      "net_income": 58735000,
      "opex": 293340000,
      "cogs": null,
      "rd": null,
      "sga": null,
      "fcf": -57996000,
      "ocf": 48476000,
      "capex": -106472000,
      "gross_margin": null,
      "op_margin": 0.22891097541420996,
      "fcf_margin": -0.15245135020753214
    },
    {
      "date": "2021-03-31T00:00:00",
      "quarter_label": "2021-03 (Q1)",
      "revenue": 412870000,
      "gross_profit": null,
      "operating_income": 101895000,
      "net_income": 68017000,
      "opex": 310975000,
      "cogs": null,
      "rd": null,
      "sga": null,
      "fcf": 47887000,
      "ocf": 145090000,
      "capex": -97203000,
      "gross_margin": null,
      "op_margin": 0.24679681255601035,
      "fcf_margin": 0.11598566134618644,
      "op_leverage_ratio": 1.41874259034506,
      "fcf_margin_change": 0.2684370115537186
    },
    {
      "date": "2021-06-30T00:00:00",
      "quarter_label": "2021-06 (Q2)",
      "revenue": 298255000,
      "gross_profit": null,
      "operating_income": 31752000,
      "net_income": 14074000,
      "opex": 266503000,
      "cogs": null,
      "rd": null,
      "sga": null,
      "fcf": -71651000,
      "ocf": 44973000,
      "capex": -116624000,
      "gross_margin": null,
      "op_margin": 0.1064592379004543,
      "fcf_margin": -0.24023402792912105,
      "fcf_margin_change": -0.3562196892753075
    },
    {
      "date": "2021-09-30T00:00:00",
      "quarter_label": "2021-09 (Q3)",
      "revenue": 296007000,
      "gross_profit": null,
      "operating_income": 24214000,
      "net_income": 14366000,
      "opex": 271793000,
      "cogs": null,
      "rd": null,
      "sga": null,
      "fcf": -70128000,
      "ocf": 38853000,
      "capex": -108981000,
      "gross_margin": null,
      "op_margin": 0.08180211954447023,
      "fcf_margin": -0.236913316239143,
      "fcf_margin_change": 0.003320711689978051
    },
    {
      "date": "2021-12-31T00:00:00",
      "quarter_label": "2021-12 (Q4)",
      "revenue": 431804000,
      "gross_profit": null,
      "operating_income": 70371000,
      "net_income": 50877000,
      "opex": 361433000,
      "cogs": null,
      "rd": null,
      "sga": null,
      "fcf": -78707000,
      "ocf": 38424000,
      "capex": -117131000,
      "gross_margin": null,
      "op_margin": 0.16296977332308177,
      "fcf_margin": -0.1822748283943641,
      "incr_op_margin_yoy": -0.3252564177419669,
      "rev_growth_yoy": 0.13506281165965253,
      "op_leverage_ratio": 1.3909919407878133,
      "fcf_margin_change": 0.0546384878447789
    },
    {
      "date": "2022-03-31T00:00:00",
      "quarter_label": "2022-03 (Q1)",
      "revenue": 462046000,
      "gross_profit": null,
      "operating_income": 82969000,
      "net_income": 71565000,
      "opex": 379077000,
      "cogs": null,
      "rd": null,
      "sga": null,
      "fcf": 65863000,
      "ocf": 161850000,
      "capex": -95987000,
      "gross_margin": null,
      "op_margin": 0.1795687009518533,
      "fcf_margin": 0.14254641312769725,
      "incr_op_margin_yoy": -0.3848625345697088,
      "rev_growth_yoy": 0.11910770944849468,
      "rev_growth_yoy_accel": -0.015955102211157854,
      "op_leverage_ratio": 1.434678537472419,
      "fcf_margin_change": 0.3248212415220614
    },
    {
      "date": "2022-06-30T00:00:00",
      "quarter_label": "2022-06 (Q2)",
      "revenue": 378566000,
      "gross_profit": null,
      "operating_income": 24283000,
      "net_income": 11453000,
      "opex": 354283000,
      "cogs": null,
      "rd": null,
      "sga": null,
      "fcf": -70568000,
      "ocf": 44091000,
      "capex": -114659000,
      "gross_margin": null,
      "op_margin": 0.06414469339560341,
      "fcf_margin": -0.18640871076641854,
      "incr_op_margin_yoy": -0.09300095877277086,
      "rev_growth_yoy": 0.2692695847513034,
      "rev_growth_yoy_accel": 0.15016187530280872,
      "fcf_margin_change": -0.3289551238941158
    },
    {
      "date": "2022-09-30T00:00:00",
      "quarter_label": "2022-09 (Q3)",
      "revenue": 359446000,
      "gross_profit": null,
      "operating_income": 19402000,
      "net_income": -5798000,
      "opex": 340044000,
      "cogs": null,
      "rd": null,
      "sga": null,
      "fcf": -116192000,
      "ocf": 4471000,
      "capex": -120663000,
      "gross_margin": null,
      "op_margin": 0.05397750983457877,
      "fcf_margin": -0.32325300601481166,
      "incr_op_margin_yoy": -0.07585239363798295,
      "rev_growth_yoy": 0.21431587766505522,
      "rev_growth_yoy_accel": -0.054953707086248194,
      "fcf_margin_change": -0.13684429524839312
    },
    {
      "date": "2022-12-31T00:00:00",
      "quarter_label": "2022-12 (Q4)",
      "revenue": 510149000,
      "gross_profit": null,
      "operating_income": 63588000,
      "net_income": 77956000,
      "opex": 446561000,
      "cogs": null,
      "rd": null,
      "sga": null,
      "fcf": -207103000,
      "ocf": -86412000,
      "capex": -120691000,
      "gross_margin": null,
      "op_margin": 0.12464593677533427,
      "fcf_margin": -0.40596570805784193,
      "incr_op_margin_yoy": -0.08657859467738847,
      "rev_growth_yoy": 0.18143648507193078,
      "rev_growth_yoy_accel": -0.032879392593124446,
      "op_leverage_ratio": 1.338457028787888,
      "fcf_margin_change": -0.08271270204303027
    },
    {
      "date": "2023-03-31T00:00:00",
      "quarter_label": "2023-03 (Q1)",
      "revenue": 474631000,
      "gross_profit": null,
      "operating_income": 76601000,
      "net_income": 54845000,
      "opex": 398030000,
      "cogs": null,
      "rd": null,
      "sga": null,
      "fcf": -6244000,
      "ocf": 94246000,
      "capex": -100490000,
      "gross_margin": null,
      "op_margin": 0.1613906382010446,
      "fcf_margin": -0.013155482890919471,
      "incr_op_margin_yoy": -0.5059992054032578,
      "rev_growth_yoy": 0.0272375477766283,
      "rev_growth_yoy_accel": -0.15419893729530249,
      "fcf_margin_change": 0.3928102251669225
    },
    {
      "date": "2023-06-30T00:00:00",
      "quarter_label": "2023-06 (Q2)",
      "revenue": 379937000,
      "gross_profit": null,
      "operating_income": 43808000,
      "net_income": 17484000,
      "opex": 336129000,
      "cogs": null,
      "rd": null,
      "sga": null,
      "fcf": 49059000,
      "ocf": 175315000,
      "capex": -126256000,
      "gross_margin": null,
      "op_margin": 0.11530332660414754,
      "fcf_margin": 0.12912403898541075,
      "incr_op_margin_yoy": 14.241429613420861,
      "rev_growth_yoy": 0.0036215613657856224,
      "rev_growth_yoy_accel": -0.023615986410842678,
      "fcf_margin_change": 0.14227952187633022
    },
    {
      "date": "2023-09-30T00:00:00",
      "quarter_label": "2023-09 (Q3)",
      "revenue": 379626000,
      "gross_profit": null,
      "operating_income": 38087000,
      "net_income": 14716000,
      "opex": 341539000,
      "cogs": null,
      "rd": null,
      "sga": null,
      "fcf": -8786000,
      "ocf": 123745000,
      "capex": -132531000,
      "gross_margin": null,
      "op_margin": 0.10032769093792311,
      "fcf_margin": -0.02314383103370159,
      "incr_op_margin_yoy": 0.9259167492566898,
      "rev_growth_yoy": 0.056141951781352416,
      "rev_growth_yoy_accel": 0.052520390415566796,
      "fcf_margin_change": -0.15226787001911235
    },
    {
      "date": "2023-12-31T00:00:00",
      "quarter_label": "2023-12 (Q4)",
      "revenue": 517360000,
      "gross_profit": null,
      "operating_income": 99194000,
      "net_income": 84135000,
      "opex": 418166000,
      "cogs": null,
      "rd": null,
      "sga": null,
      "fcf": -86029000,
      "ocf": 53694000,
      "capex": -139723000,
      "gross_margin": null,
      "op_margin": 0.19173109633524046,
      "fcf_margin": -0.1662845987320241,
      "incr_op_margin_yoy": 4.937734017473304,
      "rev_growth_yoy": 0.014135086023887139,
      "rev_growth_yoy_accel": -0.042006865757465275,
      "op_leverage_ratio": 1.6171253711662483,
      "fcf_margin_change": -0.1431407676983225
    },
    {
      "date": "2024-03-31T00:00:00",
      "quarter_label": "2024-03 (Q1)",
      "revenue": 609416000,
      "gross_profit": null,
      "operating_income": 101116000,
      "net_income": 71495000,
      "opex": 508300000,
      "cogs": null,
      "rd": null,
      "sga": null,
      "fcf": 71000000,
      "ocf": 190000000,
      "capex": -119000000,
      "gross_margin": null,
      "op_margin": 0.16592278509261327,
      "fcf_margin": 0.11650498181865918,
      "incr_op_margin_yoy": 0.18188225692769966,
      "rev_growth_yoy": 0.2839785011935588,
      "rev_growth_yoy_accel": 0.26984341516967164,
      "op_leverage_ratio": 0.8255042735900227,
      "fcf_margin_change": 0.28278958055068326
    },
    {
      "date": "2024-06-30T00:00:00",
      "quarter_label": "2024-06 (Q2)",
      "revenue": 402072000,
      "gross_profit": null,
      "operating_income": 54256000,
      "net_income": 22858000,
      "opex": 347816000,
      "cogs": null,
      "rd": null,
      "sga": null,
      "fcf": -5000000,
      "ocf": 127000000,
      "capex": -132000000,
      "gross_margin": null,
      "op_margin": 0.13494100559103842,
      "fcf_margin": -0.012435583676555444,
      "incr_op_margin_yoy": 0.47201264964987577,
      "rev_growth_yoy": 0.058259658838175805,
      "rev_growth_yoy_accel": -0.22571884235538298,
      "fcf_margin_change": -0.12894056549521463
    },
    {
      "date": "2024-09-30T00:00:00",
      "quarter_label": "2024-09 (Q3)",
      "revenue": 393742000,
      "gross_profit": null,
      "operating_income": 48768000,
      "net_income": 18487000,
      "opex": 344974000,
      "cogs": null,
      "rd": null,
      "sga": null,
      "fcf": -27000000,
      "ocf": 127000000,
      "capex": -154000000,
      "gross_margin": null,
      "op_margin": 0.12385775457025158,
      "fcf_margin": -0.0685728217970143,
      "incr_op_margin_yoy": 0.7566591102295268,
      "rev_growth_yoy": 0.03718396527108259,
      "rev_growth_yoy_accel": -0.021075693567093212,
      "fcf_margin_change": -0.05613723812045885
    },
    {
      "date": "2024-12-31T00:00:00",
      "quarter_label": "2024-12 (Q4)",
      "revenue": 532770000,
      "gross_profit": null,
      "operating_income": 101860000,
      "net_income": 67160000,
      "opex": 430910000,
      "cogs": null,
      "rd": null,
      "sga": null,
      "fcf": -38000000,
      "ocf": 90000000,
      "capex": -128000000,
      "gross_margin": null,
      "op_margin": 0.19118944385006664,
      "fcf_margin": -0.07132533738761566,
      "incr_op_margin_yoy": 0.17300454250486696,
      "rev_growth_yoy": 0.02978583578166074,
      "rev_growth_yoy_accel": -0.0073981294894218536,
      "op_leverage_ratio": 1.4174304610129291,
      "fcf_margin_change": -0.0027525155906013704
    },
    {
      "date": "2025-03-31T00:00:00",
      "quarter_label": "2025-03 (Q1)",
      "revenue": 617000000,
      "gross_profit": null,
      "operating_income": 125000000,
      "net_income": 79000000,
      "opex": 492000000,
      "cogs": null,
      "rd": null,
      "sga": null,
      "fcf": 81000000,
      "ocf": 184000000,
      "capex": -103000000,
      "gross_margin": null,
      "op_margin": 0.2025931928687196,
      "fcf_margin": 0.1312803889789303,
      "incr_op_margin_yoy": 3.1492616033755274,
      "rev_growth_yoy": 0.012444701156517059,
      "rev_growth_yoy_accel": -0.01734113462514368,
      "op_leverage_ratio": 1.1151761850467978,
      "fcf_margin_change": 0.20260572636654595
    },
    {
      "date": "2025-06-30T00:00:00",
      "quarter_label": "2025-06 (Q2)",
      "revenue": 411000000,
      "gross_profit": null,
      "operating_income": 57000000,
      "net_income": 14000000,
      "opex": 354000000,
      "cogs": null,
      "rd": null,
      "sga": null,
      "fcf": -103000000,
      "ocf": 40000000,
      "capex": -143000000,
      "gross_margin": null,
      "op_margin": 0.1386861313868613,
      "fcf_margin": -0.25060827250608275,
      "incr_op_margin_yoy": 0.30734767025089604,
      "rev_growth_yoy": 0.0222049782128574,
      "rev_growth_yoy_accel": 0.00976027705634034,
      "fcf_margin_change": -0.38188866148501305
    },
    {
      "date": "2025-09-30T00:00:00",
      "quarter_label": "2025-09 (Q3)",
      "revenue": 403000000,
      "gross_profit": null,
      "operating_income": 60000000,
      "net_income": 29000000,
      "opex": 343000000,
      "cogs": null,
      "rd": null,
      "sga": null,
      "fcf": 37000000,
      "ocf": 170000000,
      "capex": -133000000,
      "gross_margin": null,
      "op_margin": 0.1488833746898263,
      "fcf_margin": 0.09181141439205956,
      "incr_op_margin_yoy": 1.2132209980557356,
      "rev_growth_yoy": 0.02351285867395401,
      "rev_growth_yoy_accel": 0.0013078804610966131,
      "fcf_margin_change": 0.3424196868981423
    }
  ],
  "signals": [
    {
      "quarter": "2025-09 (Q3)",
      "signal": "FCF TURNED POSITIVE",
      "detail": "FCF margin: -25.1% -> +9.2%",
      "severity": "HIGH"
    },
    {
      "quarter": "2025-09 (Q3)",
      "signal": "INCREMENTAL MARGIN (YoY)",
      "detail": "YoY Incr OPM: +121.3% vs year-ago OPM: +12.4%",
      "severity": "HIGH"
    },
    {
      "quarter": "2025-06 (Q2)",
      "signal": "INCREMENTAL MARGIN (YoY)",
      "detail": "YoY Incr OPM: +30.7% vs year-ago OPM: +13.5%",
      "severity": "MEDIUM"
    },
    {
      "quarter": "2025-03 (Q1)",
      "signal": "FCF TURNED POSITIVE",
      "detail": "FCF margin: -7.1% -> +13.1%",
      "severity": "HIGH"
    },
    {
      "quarter": "2025-03 (Q1)",
      "signal": "INCREMENTAL MARGIN (YoY)",
      "detail": "YoY Incr OPM: +314.9% vs year-ago OPM: +16.6%",
      "severity": "HIGH"
    },
    {
      "quarter": "2024-09 (Q3)",
      "signal": "INCREMENTAL MARGIN (YoY)",
      "detail": "YoY Incr OPM: +75.7% vs year-ago OPM: +10.0%",
      "severity": "HIGH"
    },
    {
      "quarter": "2024-06 (Q2)",
      "signal": "YoY REVENUE GROWTH DECELERATION",
      "detail": "YoY growth: +5.8% vs prior quarter YoY: +28.4% (decel: -22.6%)",
      "severity": "WARNING"
    },
    {
      "quarter": "2024-06 (Q2)",
      "signal": "INCREMENTAL MARGIN (YoY)",
      "detail": "YoY Incr OPM: +47.2% vs year-ago OPM: +11.5%",
      "severity": "HIGH"
    },
    {
      "quarter": "2024-03 (Q1)",
      "signal": "FCF TURNED POSITIVE",
      "detail": "FCF margin: -16.6% -> +11.7%",
      "severity": "HIGH"
    },
    {
      "quarter": "2024-03 (Q1)",
      "signal": "YoY REVENUE GROWTH ACCELERATION",
      "detail": "YoY growth: +28.4% vs prior quarter YoY: +1.4% (accel: +27.0%)",
      "severity": "HIGH"
    },
    {
      "quarter": "2023-12 (Q4)",
      "signal": "OPERATING LEVERAGE",
      "detail": "Rev growth +36.3% vs OpEx growth +22.4% (leverage: 1.6x)",
      "severity": "MEDIUM"
    },
    {
      "quarter": "2023-12 (Q4)",
      "signal": "INCREMENTAL MARGIN (YoY)",
      "detail": "YoY Incr OPM: +493.8% vs year-ago OPM: +12.5%",
      "severity": "HIGH"
    },
    {
      "quarter": "2023-09 (Q3)",
      "signal": "YoY REVENUE GROWTH ACCELERATION",
      "detail": "YoY growth: +5.6% vs prior quarter YoY: +0.4% (accel: +5.3%)",
      "severity": "MEDIUM"
    },
    {
      "quarter": "2023-09 (Q3)",
      "signal": "INCREMENTAL MARGIN (YoY)",
      "detail": "YoY Incr OPM: +92.6% vs year-ago OPM: +5.4%",
      "severity": "HIGH"
    },
    {
      "quarter": "2023-06 (Q2)",
      "signal": "FCF TURNED POSITIVE",
      "detail": "FCF margin: -1.3% -> +12.9%",
      "severity": "HIGH"
    },
    {
      "quarter": "2023-06 (Q2)",
      "signal": "INCREMENTAL MARGIN (YoY)",
      "detail": "YoY Incr OPM: +1424.1% vs year-ago OPM: +6.4%",
      "severity": "HIGH"
    },
    {
      "quarter": "2023-03 (Q1)",
      "signal": "FCF MARGIN EXPANSION",
      "detail": "FCF margin: -40.6% -> -1.3% (+39.3%)",
      "severity": "MEDIUM"
    },
    {
      "quarter": "2023-03 (Q1)",
      "signal": "YoY REVENUE GROWTH DECELERATION",
      "detail": "YoY growth: +2.7% vs prior quarter YoY: +18.1% (decel: -15.4%)",
      "severity": "WARNING"
    },
    {
      "quarter": "2022-09 (Q3)",
      "signal": "YoY REVENUE GROWTH DECELERATION",
      "detail": "YoY growth: +21.4% vs prior quarter YoY: +26.9% (decel: -5.5%)",
      "severity": "WARNING"
    },
    {
      "quarter": "2022-06 (Q2)",
      "signal": "YoY REVENUE GROWTH ACCELERATION",
      "detail": "YoY growth: +26.9% vs prior quarter YoY: +11.9% (accel: +15.0%)",
      "severity": "HIGH"
    },
    {
      "quarter": "2022-03 (Q1)",
      "signal": "FCF TURNED POSITIVE",
      "detail": "FCF margin: -18.2% -> +14.3%",
      "severity": "HIGH"
    },
    {
      "quarter": "2021-12 (Q4)",
      "signal": "FCF MARGIN EXPANSION",
      "detail": "FCF margin: -23.7% -> -18.2% (+5.5%)",
      "severity": "MEDIUM"
    },
    {
      "quarter": "2021-03 (Q1)",
      "signal": "FCF TURNED POSITIVE",
      "detail": "FCF margin: -15.2% -> +11.6%",
      "severity": "HIGH"
    }
  ],
  "data_quality": {
    "n_quarters": 20,
    "coverage": {
      "revenue": [
        20,
        20
      ],
      "gross_profit": [
        0,
        20
      ],
      "op_income": [
        20,
        20
      ],
      "fcf": [
        20,
        20
      ]
    },
    "gaps": [],
    "warnings": [
      "gross_profit: no data"
    ]
  },
  "market_cap": null,
  "source": "SEC EDGAR",
  "last_updated": "2026-02-02T21:19:01.821508"
}