{
  "ticker": "AVB",
  "name": "AVALONBAY COMMUNITIES,\u00a0INC.",
  "quarters": [
    {
      "date": "2020-12-31T00:00:00",
      "quarter_label": "2020-12 (Q4)",
      "revenue": 555802000,
      "gross_profit": null,
      "operating_income": 345224000,
      "net_income": null,
      "opex": 464125000,
      "cogs": null,
      "rd": null,
      "sga": null,
      "fcf": 257541000,
      "ocf": 257541000,
      "capex": null,
      "gross_margin": null,
      "op_margin": 0.6211276677665788,
      "fcf_margin": 0.46336824984436903
    },
    {
      "date": "2021-03-31T00:00:00",
      "quarter_label": "2021-03 (Q1)",
      "revenue": 551135000,
      "gross_profit": null,
      "operating_income": 364655000,
      "net_income": null,
      "opex": 462430000,
      "cogs": null,
      "rd": null,
      "sga": null,
      "fcf": 330145000,
      "ocf": 330145000,
      "capex": null,
      "gross_margin": null,
      "op_margin": 0.6616436989122447,
      "fcf_margin": 0.599027461511245,
      "fcf_margin_change": 0.13565921166687595
    },
    {
      "date": "2021-06-30T00:00:00",
      "quarter_label": "2021-06 (Q2)",
      "revenue": 561743000,
      "gross_profit": null,
      "operating_income": 368914000,
      "net_income": null,
      "opex": 474269000,
      "cogs": null,
      "rd": null,
      "sga": null,
      "fcf": 238484000,
      "ocf": 238484000,
      "capex": null,
      "gross_margin": null,
      "op_margin": 0.6567309249959501,
      "fcf_margin": 0.4245428959506394,
      "op_leverage_ratio": 0.7518072329484148,
      "fcf_margin_change": -0.1744845655606056
    },
    {
      "date": "2021-09-30T00:00:00",
      "quarter_label": "2021-09 (Q3)",
      "revenue": 580774000,
      "gross_profit": null,
      "operating_income": 382687000,
      "net_income": null,
      "opex": 508374000,
      "cogs": null,
      "rd": null,
      "sga": null,
      "fcf": 343113000,
      "ocf": 343113000,
      "capex": null,
      "gross_margin": null,
      "op_margin": 0.6589258472314532,
      "fcf_margin": 0.5907857445409057,
      "op_leverage_ratio": 0.4711190055212894,
      "fcf_margin_change": 0.16624284859026633
    },
    {
      "date": "2021-12-31T00:00:00",
      "quarter_label": "2021-12 (Q4)",
      "revenue": 601197000,
      "gross_profit": null,
      "operating_income": 407203000,
      "net_income": null,
      "opex": 481627000,
      "cogs": null,
      "rd": null,
      "sga": null,
      "fcf": 291428000,
      "ocf": 291428000,
      "capex": null,
      "gross_margin": null,
      "op_margin": 0.6773204124438412,
      "fcf_margin": 0.48474626453558484,
      "incr_op_margin_yoy": 1.3653265778169401,
      "rev_growth_yoy": 0.08167476907243947,
      "op_leverage_ratio": Infinity,
      "fcf_margin_change": -0.10603948000532087
    },
    {
      "date": "2022-03-31T00:00:00",
      "quarter_label": "2022-03 (Q1)",
      "revenue": 613927000,
      "gross_profit": null,
      "operating_income": 418291000,
      "net_income": null,
      "opex": 498770000,
      "cogs": null,
      "rd": null,
      "sga": null,
      "fcf": 343680000,
      "ocf": 343680000,
      "capex": null,
      "gross_margin": null,
      "op_margin": 0.6813367061556178,
      "fcf_margin": 0.5598059704166782,
      "incr_op_margin_yoy": 0.8541852465282201,
      "rev_growth_yoy": 0.11393215818265942,
      "rev_growth_yoy_accel": 0.032257389110219956,
      "op_leverage_ratio": 0.5948885352166496,
      "fcf_margin_change": 0.0750597058810934
    },
    {
      "date": "2022-06-30T00:00:00",
      "quarter_label": "2022-06 (Q2)",
      "revenue": 644559000,
      "gross_profit": null,
      "operating_income": 444287000,
      "net_income": null,
      "opex": 509008000,
      "cogs": null,
      "rd": null,
      "sga": null,
      "fcf": 296368000,
      "ocf": 296368000,
      "capex": null,
      "gross_margin": null,
      "op_margin": 0.6892883351252562,
      "fcf_margin": 0.45979964595948547,
      "incr_op_margin_yoy": 0.9101260625965997,
      "rev_growth_yoy": 0.14742684822062757,
      "rev_growth_yoy_accel": 0.03349469003796815,
      "op_leverage_ratio": 2.4307697219991895,
      "fcf_margin_change": -0.10000632445719276
    },
    {
      "date": "2022-09-30T00:00:00",
      "quarter_label": "2022-09 (Q3)",
      "revenue": 665288000,
      "gross_profit": null,
      "operating_income": 449152000,
      "net_income": null,
      "opex": 527390000,
      "cogs": null,
      "rd": null,
      "sga": null,
      "fcf": 440392000,
      "ocf": 440392000,
      "capex": null,
      "gross_margin": null,
      "op_margin": 0.6751241567561718,
      "fcf_margin": 0.6619569269248806,
      "incr_op_margin_yoy": 0.7864377499585867,
      "rev_growth_yoy": 0.14551959970659845,
      "rev_growth_yoy_accel": -0.001907248514029125,
      "op_leverage_ratio": 0.8905278809508517,
      "fcf_margin_change": 0.20215728096539515
    },
    {
      "date": "2022-12-31T00:00:00",
      "quarter_label": "2022-12 (Q4)",
      "revenue": 669671000,
      "gross_profit": null,
      "operating_income": 465715000,
      "net_income": null,
      "opex": 521272000,
      "cogs": null,
      "rd": null,
      "sga": null,
      "fcf": 341492000,
      "ocf": 341492000,
      "capex": null,
      "gross_margin": null,
      "op_margin": 0.6954385063710389,
      "fcf_margin": 0.509939955590133,
      "incr_op_margin_yoy": 0.8545141221485527,
      "rev_growth_yoy": 0.1138961105927009,
      "rev_growth_yoy_accel": -0.03162348911389755,
      "fcf_margin_change": -0.15201697133474756
    },
    {
      "date": "2023-03-31T00:00:00",
      "quarter_label": "2023-03 (Q1)",
      "revenue": 674708000,
      "gross_profit": null,
      "operating_income": 465039000,
      "net_income": null,
      "opex": 529334000,
      "cogs": null,
      "rd": null,
      "sga": null,
      "fcf": 396118000,
      "ocf": 396118000,
      "capex": null,
      "gross_margin": null,
      "op_margin": 0.6892448288741203,
      "fcf_margin": 0.5870954546262976,
      "incr_op_margin_yoy": 0.7691219295503529,
      "rev_growth_yoy": 0.09900362746710928,
      "rev_growth_yoy_accel": -0.014892483125591618,
      "fcf_margin_change": 0.07715549903616459
    },
    {
      "date": "2023-06-30T00:00:00",
      "quarter_label": "2023-06 (Q2)",
      "revenue": 690860000,
      "gross_profit": null,
      "operating_income": 471020000,
      "net_income": null,
      "opex": 515903000,
      "cogs": null,
      "rd": null,
      "sga": null,
      "fcf": 346461000,
      "ocf": 346461000,
      "capex": null,
      "gross_margin": null,
      "op_margin": 0.6817879165098573,
      "fcf_margin": 0.5014923428769938,
      "incr_op_margin_yoy": 0.5773741387874992,
      "rev_growth_yoy": 0.07183361026686463,
      "rev_growth_yoy_accel": -0.027170017200244645,
      "op_leverage_ratio": Infinity,
      "fcf_margin_change": -0.0856031117493038
    },
    {
      "date": "2023-09-30T00:00:00",
      "quarter_label": "2023-09 (Q3)",
      "revenue": 697635000,
      "gross_profit": null,
      "operating_income": 472377000,
      "net_income": null,
      "opex": 545761000,
      "cogs": null,
      "rd": null,
      "sga": null,
      "fcf": 471263000,
      "ocf": 471263000,
      "capex": null,
      "gross_margin": null,
      "op_margin": 0.6771119568255607,
      "fcf_margin": 0.6755151332716965,
      "incr_op_margin_yoy": 0.7179954864438742,
      "rev_growth_yoy": 0.04862104832794219,
      "rev_growth_yoy_accel": -0.023212561938922446,
      "fcf_margin_change": 0.1740227903947027
    },
    {
      "date": "2023-12-31T00:00:00",
      "quarter_label": "2023-12 (Q4)",
      "revenue": 704705000,
      "gross_profit": null,
      "operating_income": 485332000,
      "net_income": null,
      "opex": 539371000,
      "cogs": null,
      "rd": null,
      "sga": null,
      "fcf": 346187000,
      "ocf": 346187000,
      "capex": null,
      "gross_margin": null,
      "op_margin": 0.6887023648193216,
      "fcf_margin": 0.4912509489786506,
      "incr_op_margin_yoy": 0.5599417708511731,
      "rev_growth_yoy": 0.05231524136478958,
      "rev_growth_yoy_accel": 0.0036941930368473916,
      "op_leverage_ratio": Infinity,
      "fcf_margin_change": -0.18426418429304592
    },
    {
      "date": "2024-03-31T00:00:00",
      "quarter_label": "2024-03 (Q1)",
      "revenue": 712859000,
      "gross_profit": null,
      "operating_income": 491941000,
      "net_income": 173449000,
      "opex": 550242000,
      "cogs": null,
      "rd": null,
      "sga": null,
      "fcf": 412905000,
      "ocf": 412905000,
      "capex": null,
      "gross_margin": null,
      "op_margin": 0.6900957973456181,
      "fcf_margin": 0.5792239419015541,
      "incr_op_margin_yoy": 0.7051453435034468,
      "rev_growth_yoy": 0.05654446071485739,
      "rev_growth_yoy_accel": 0.004229219350067814,
      "op_leverage_ratio": 0.5740919415742153,
      "fcf_margin_change": 0.0879729929229035
    },
    {
      "date": "2024-06-30T00:00:00",
      "quarter_label": "2024-06 (Q2)",
      "revenue": 726041000,
      "gross_profit": null,
      "operating_income": 496432000,
      "net_income": 253934000,
      "opex": 545655000,
      "cogs": null,
      "rd": null,
      "sga": null,
      "fcf": 379991000,
      "ocf": 379991000,
      "capex": null,
      "gross_margin": null,
      "op_margin": 0.6837520195140495,
      "fcf_margin": 0.5233740243319592,
      "incr_op_margin_yoy": 0.7223217077399733,
      "rev_growth_yoy": 0.050923486668789625,
      "rev_growth_yoy_accel": -0.0056209740460677685,
      "op_leverage_ratio": Infinity,
      "fcf_margin_change": -0.0558499175695949
    },
    {
      "date": "2024-09-30T00:00:00",
      "quarter_label": "2024-09 (Q3)",
      "revenue": 734307000,
      "gross_profit": null,
      "operating_income": 496960000,
      "net_income": 372519000,
      "opex": 565013000,
      "cogs": null,
      "rd": null,
      "sga": null,
      "fcf": 486169000,
      "ocf": 486169000,
      "capex": null,
      "gross_margin": null,
      "op_margin": 0.6767741557686363,
      "fcf_margin": 0.66207866736937,
      "incr_op_margin_yoy": 0.6703479493891797,
      "rev_growth_yoy": 0.052566169988604354,
      "rev_growth_yoy_accel": 0.0016426833198147292,
      "op_leverage_ratio": 0.3209163974686251,
      "fcf_margin_change": 0.1387046430374108
    },
    {
      "date": "2024-12-31T00:00:00",
      "quarter_label": "2024-12 (Q4)",
      "revenue": 740549000,
      "gross_profit": null,
      "operating_income": 498626000,
      "net_income": null,
      "opex": 584961000,
      "cogs": null,
      "rd": null,
      "sga": null,
      "fcf": 328813000,
      "ocf": 328813000,
      "capex": null,
      "gross_margin": null,
      "op_margin": 0.6733193887237712,
      "fcf_margin": 0.4440124826311291,
      "incr_op_margin_yoy": 0.3708849458765763,
      "rev_growth_yoy": 0.050863836640863906,
      "rev_growth_yoy_accel": -0.0017023333477404479,
      "fcf_margin_change": -0.21806618473824096
    },
    {
      "date": "2025-03-31T00:00:00",
      "quarter_label": "2025-03 (Q1)",
      "revenue": 745880000,
      "gross_profit": null,
      "operating_income": 510585000,
      "net_income": null,
      "opex": 571137000,
      "cogs": null,
      "rd": null,
      "sga": null,
      "fcf": 415903000,
      "ocf": 415903000,
      "capex": null,
      "gross_margin": null,
      "op_margin": 0.6845404086448222,
      "fcf_margin": 0.5576004182978496,
      "incr_op_margin_yoy": 0.5646103994427788,
      "rev_growth_yoy": 0.04632192340981877,
      "rev_growth_yoy_accel": -0.004541913231045136,
      "fcf_margin_change": 0.11358793566672049
    },
    {
      "date": "2025-06-30T00:00:00",
      "quarter_label": "2025-06 (Q2)",
      "revenue": 760195000,
      "gross_profit": null,
      "operating_income": 513657000,
      "net_income": 268665000,
      "opex": 599850000,
      "cogs": null,
      "rd": null,
      "sga": null,
      "fcf": 377812000,
      "ocf": 377812000,
      "capex": null,
      "gross_margin": null,
      "op_margin": 0.6756911055715967,
      "fcf_margin": 0.49699353455363426,
      "incr_op_margin_yoy": 0.5043333138139018,
      "rev_growth_yoy": 0.047041420525838075,
      "rev_growth_yoy_accel": 0.0007194971160193048,
      "op_leverage_ratio": 0.3817544562016173,
      "fcf_margin_change": -0.0606068837442153
    },
    {
      "date": "2025-09-30T00:00:00",
      "quarter_label": "2025-09 (Q3)",
      "revenue": 766796000,
      "gross_profit": null,
      "operating_income": 503776000,
      "net_income": 381306000,
      "opex": 612428000,
      "cogs": null,
      "rd": null,
      "sga": null,
      "fcf": 476959000,
      "ocf": 476959000,
      "capex": null,
      "gross_margin": null,
      "op_margin": 0.6569882993651506,
      "fcf_margin": 0.6220155034715883,
      "incr_op_margin_yoy": 0.20979408415155898,
      "rev_growth_yoy": 0.04424443727214911,
      "rev_growth_yoy_accel": -0.0027969832536889616,
      "fcf_margin_change": 0.12502196891795403
    }
  ],
  "signals": [
    {
      "quarter": "2025-09 (Q3)",
      "signal": "FCF MARGIN EXPANSION",
      "detail": "FCF margin: +49.7% -> +62.2% (+12.5%)",
      "severity": "MEDIUM"
    },
    {
      "quarter": "2025-03 (Q1)",
      "signal": "FCF MARGIN EXPANSION",
      "detail": "FCF margin: +44.4% -> +55.8% (+11.4%)",
      "severity": "MEDIUM"
    },
    {
      "quarter": "2024-09 (Q3)",
      "signal": "FCF MARGIN EXPANSION",
      "detail": "FCF margin: +52.3% -> +66.2% (+13.9%)",
      "severity": "MEDIUM"
    },
    {
      "quarter": "2024-03 (Q1)",
      "signal": "FCF MARGIN EXPANSION",
      "detail": "FCF margin: +49.1% -> +57.9% (+8.8%)",
      "severity": "MEDIUM"
    },
    {
      "quarter": "2023-09 (Q3)",
      "signal": "FCF MARGIN EXPANSION",
      "detail": "FCF margin: +50.1% -> +67.6% (+17.4%)",
      "severity": "MEDIUM"
    },
    {
      "quarter": "2023-03 (Q1)",
      "signal": "FCF MARGIN EXPANSION",
      "detail": "FCF margin: +51.0% -> +58.7% (+7.7%)",
      "severity": "MEDIUM"
    },
    {
      "quarter": "2022-12 (Q4)",
      "signal": "INCREMENTAL MARGIN (YoY)",
      "detail": "YoY Incr OPM: +85.5% vs year-ago OPM: +67.7%",
      "severity": "MEDIUM"
    },
    {
      "quarter": "2022-09 (Q3)",
      "signal": "FCF MARGIN EXPANSION",
      "detail": "FCF margin: +46.0% -> +66.2% (+20.2%)",
      "severity": "MEDIUM"
    },
    {
      "quarter": "2022-09 (Q3)",
      "signal": "INCREMENTAL MARGIN (YoY)",
      "detail": "YoY Incr OPM: +78.6% vs year-ago OPM: +65.9%",
      "severity": "MEDIUM"
    },
    {
      "quarter": "2022-06 (Q2)",
      "signal": "OPERATING LEVERAGE",
      "detail": "Rev growth +5.0% vs OpEx growth +2.1% (leverage: 2.4x)",
      "severity": "MEDIUM"
    },
    {
      "quarter": "2022-06 (Q2)",
      "signal": "INCREMENTAL MARGIN (YoY)",
      "detail": "YoY Incr OPM: +91.0% vs year-ago OPM: +65.7%",
      "severity": "HIGH"
    },
    {
      "quarter": "2022-03 (Q1)",
      "signal": "FCF MARGIN EXPANSION",
      "detail": "FCF margin: +48.5% -> +56.0% (+7.5%)",
      "severity": "MEDIUM"
    },
    {
      "quarter": "2022-03 (Q1)",
      "signal": "INCREMENTAL MARGIN (YoY)",
      "detail": "YoY Incr OPM: +85.4% vs year-ago OPM: +66.2%",
      "severity": "MEDIUM"
    },
    {
      "quarter": "2021-12 (Q4)",
      "signal": "INCREMENTAL MARGIN (YoY)",
      "detail": "YoY Incr OPM: +136.5% vs year-ago OPM: +62.1%",
      "severity": "HIGH"
    },
    {
      "quarter": "2021-09 (Q3)",
      "signal": "FCF MARGIN EXPANSION",
      "detail": "FCF margin: +42.5% -> +59.1% (+16.6%)",
      "severity": "MEDIUM"
    },
    {
      "quarter": "2021-03 (Q1)",
      "signal": "FCF MARGIN EXPANSION",
      "detail": "FCF margin: +46.3% -> +59.9% (+13.6%)",
      "severity": "MEDIUM"
    }
  ],
  "data_quality": {
    "n_quarters": 20,
    "coverage": {
      "revenue": [
        20,
        20
      ],
      "gross_profit": [
        0,
        20
      ],
      "op_income": [
        20,
        20
      ],
      "fcf": [
        20,
        20
      ]
    },
    "gaps": [],
    "warnings": [
      "gross_profit: no data"
    ]
  },
  "market_cap": null,
  "source": "SEC EDGAR",
  "last_updated": "2026-02-02T20:13:05.856194",
  "sector": "Real Estate",
  "industry": "REIT - Residential"
}