{
  "ticker": "AVTR",
  "name": "Avantor, Inc.",
  "sector": "Healthcare",
  "industry": "Medical Instruments & Supplies",
  "quarters": [
    {
      "date": "2021-03-31T00:00:00",
      "quarter_label": "2021-03 (Q1)",
      "revenue": 1785600000,
      "gross_profit": 612800000,
      "operating_income": 266300000,
      "net_income": 164000000,
      "opex": 346500000,
      "cogs": 1172800000,
      "rd": null,
      "sga": 346500000,
      "fcf": 111800000,
      "ocf": 126900000,
      "capex": -15100000,
      "gross_margin": 0.3431899641577061,
      "op_margin": 0.1491375448028674,
      "fcf_margin": 0.06261200716845879
    },
    {
      "date": "2021-06-30T00:00:00",
      "quarter_label": "2021-06 (Q2)",
      "revenue": 1858600000,
      "gross_profit": 626500000,
      "operating_income": 254700000,
      "net_income": 157800000,
      "opex": 371800000,
      "cogs": 1232100000,
      "rd": null,
      "sga": 371800000,
      "fcf": 240400000,
      "ocf": 263800000,
      "capex": -23400000,
      "gross_margin": 0.3370816743785645,
      "op_margin": 0.13703863122780588,
      "fcf_margin": 0.12934466802969977,
      "op_leverage_ratio": 0.559914095371669,
      "fcf_margin_change": 0.06673266086124098
    },
    {
      "date": "2021-09-30T00:00:00",
      "quarter_label": "2021-09 (Q3)",
      "revenue": 1834300000,
      "gross_profit": 615900000,
      "operating_income": 237200000,
      "net_income": 156800000,
      "opex": 378700000,
      "cogs": 1218400000,
      "rd": null,
      "sga": 378700000,
      "fcf": 229300000,
      "ocf": 261900000,
      "capex": -32600000,
      "gross_margin": 0.3357684130185902,
      "op_margin": 0.1293136346290138,
      "fcf_margin": 0.12500681458867144,
      "fcf_margin_change": -0.004337853441028328
    },
    {
      "date": "2021-12-31T00:00:00",
      "quarter_label": "2021-12 (Q4)",
      "revenue": 1907600000,
      "gross_profit": 647500000,
      "operating_income": 214000000,
      "net_income": 94000000,
      "opex": 433500000,
      "cogs": 1260100000,
      "rd": null,
      "sga": 433500000,
      "fcf": 261000000,
      "ocf": 301000000,
      "capex": -40000000,
      "gross_margin": 0.3394317466974208,
      "op_margin": 0.11218284755713986,
      "fcf_margin": 0.13682113650660516,
      "op_leverage_ratio": 0.2761521032108751,
      "fcf_margin_change": 0.011814321917933718
    },
    {
      "date": "2022-03-31T00:00:00",
      "quarter_label": "2022-03 (Q1)",
      "revenue": 1950400000,
      "gross_profit": 689900000,
      "operating_income": 307000000,
      "net_income": 190400000,
      "opex": 382900000,
      "cogs": 1260500000,
      "rd": null,
      "sga": 382900000,
      "fcf": 127700000,
      "ocf": 152200000,
      "capex": -24500000,
      "gross_margin": 0.3537223133716161,
      "op_margin": 0.15740360951599672,
      "fcf_margin": 0.06547374897456931,
      "incr_op_margin_yoy": 0.24696601941747573,
      "rev_growth_yoy": 0.09229390681003584,
      "op_leverage_ratio": null,
      "fcf_margin_change": -0.07134738753203584
    },
    {
      "date": "2022-06-30T00:00:00",
      "quarter_label": "2022-06 (Q2)",
      "revenue": 1910500000,
      "gross_profit": 647700000,
      "operating_income": 295600000,
      "net_income": 187400000,
      "opex": 352100000,
      "cogs": 1262800000,
      "rd": null,
      "sga": 352100000,
      "fcf": 191200000,
      "ocf": 227500000,
      "capex": -36300000,
      "gross_margin": 0.3390211986390997,
      "op_margin": 0.1547238942685161,
      "fcf_margin": 0.10007851347814709,
      "incr_op_margin_yoy": 0.7880539499036608,
      "rev_growth_yoy": 0.0279242440546648,
      "rev_growth_yoy_accel": -0.06436966275537104,
      "fcf_margin_change": 0.03460476450357777
    },
    {
      "date": "2022-09-30T00:00:00",
      "quarter_label": "2022-09 (Q3)",
      "revenue": 1856500000,
      "gross_profit": 650700000,
      "operating_income": 275800000,
      "net_income": 167000000,
      "opex": 374900000,
      "cogs": 1205800000,
      "rd": null,
      "sga": 374900000,
      "fcf": 219300000,
      "ocf": 258300000,
      "capex": -39000000,
      "gross_margin": 0.350498249394021,
      "op_margin": 0.1485591166172906,
      "fcf_margin": 0.11812550498249394,
      "incr_op_margin_yoy": 1.7387387387387387,
      "rev_growth_yoy": 0.01210270948045576,
      "rev_growth_yoy_accel": -0.01582153457420904,
      "fcf_margin_change": 0.018046991504346854
    },
    {
      "date": "2022-12-31T00:00:00",
      "quarter_label": "2022-12 (Q4)",
      "revenue": 1795000000,
      "gross_profit": 614500000,
      "operating_income": 251800000,
      "net_income": 141700000,
      "opex": 362700000,
      "cogs": 1180500000,
      "rd": null,
      "sga": 362700000,
      "fcf": 172000000,
      "ocf": 205600000,
      "capex": -33600000,
      "gross_margin": 0.34233983286908076,
      "op_margin": 0.14027855153203342,
      "fcf_margin": 0.0958217270194986,
      "incr_op_margin_yoy": -0.33570159857904086,
      "rev_growth_yoy": -0.05902704969595303,
      "rev_growth_yoy_accel": -0.07112975917640879,
      "fcf_margin_change": -0.022303777962995333
    },
    {
      "date": "2023-03-31T00:00:00",
      "quarter_label": "2023-03 (Q1)",
      "revenue": 1780300000,
      "gross_profit": 624800000,
      "operating_income": 231200000,
      "net_income": 121500000,
      "opex": 393600000,
      "cogs": 1155500000,
      "rd": null,
      "sga": 393600000,
      "fcf": 191500000,
      "ocf": 219500000,
      "capex": -28000000,
      "gross_margin": 0.35095208672695616,
      "op_margin": 0.12986575296298378,
      "fcf_margin": 0.10756614053811156,
      "incr_op_margin_yoy": 0.44562022339800117,
      "rev_growth_yoy": -0.08721287940935193,
      "rev_growth_yoy_accel": -0.028185829713398905,
      "fcf_margin_change": 0.011744413518612953
    },
    {
      "date": "2023-06-30T00:00:00",
      "quarter_label": "2023-06 (Q2)",
      "revenue": 1743900000,
      "gross_profit": 590000000,
      "operating_income": 71700000,
      "net_income": -7300000,
      "opex": 518300000,
      "cogs": 1153900000,
      "rd": null,
      "sga": 357500000,
      "fcf": 138100000,
      "ocf": 168200000,
      "capex": -30100000,
      "gross_margin": 0.3383221514995126,
      "op_margin": 0.041114742817822125,
      "fcf_margin": 0.07919032054590286,
      "incr_op_margin_yoy": 1.343937575030012,
      "rev_growth_yoy": -0.08720230306202564,
      "rev_growth_yoy_accel": 1.057634732629098e-05,
      "fcf_margin_change": -0.0283758199922087
    },
    {
      "date": "2023-09-30T00:00:00",
      "quarter_label": "2023-09 (Q3)",
      "revenue": 1720200000,
      "gross_profit": 578600000,
      "operating_income": 210200000,
      "net_income": 108400000,
      "opex": 368400000,
      "cogs": 1141600000,
      "rd": null,
      "sga": 368400000,
      "fcf": 193000000,
      "ocf": 230700000,
      "capex": -37700000,
      "gross_margin": 0.33635623764678524,
      "op_margin": 0.12219509359376816,
      "fcf_margin": 0.11219625624927335,
      "incr_op_margin_yoy": 0.4812912692589875,
      "rev_growth_yoy": -0.07341772151898734,
      "rev_growth_yoy_accel": 0.013784581543038299,
      "fcf_margin_change": 0.03300593570337049
    },
    {
      "date": "2023-12-31T00:00:00",
      "quarter_label": "2023-12 (Q4)",
      "revenue": 1722800000,
      "gross_profit": 570400000,
      "operating_income": 183300000,
      "net_income": 98500000,
      "opex": 387100000,
      "cogs": 1152400000,
      "rd": null,
      "sga": 387100000,
      "fcf": 201000000,
      "ocf": 251600000,
      "capex": -50600000,
      "gross_margin": 0.3310889250058045,
      "op_margin": 0.10639656373345717,
      "fcf_margin": 0.1166705363361969,
      "incr_op_margin_yoy": 0.9487534626038782,
      "rev_growth_yoy": -0.04022284122562674,
      "rev_growth_yoy_accel": 0.0331948802933606,
      "fcf_margin_change": 0.004474280086923549
    },
    {
      "date": "2024-03-31T00:00:00",
      "quarter_label": "2024-03 (Q1)",
      "revenue": 1679800000,
      "gross_profit": 570500000,
      "operating_income": 146300000,
      "net_income": 60400000,
      "opex": 424200000,
      "cogs": 1109300000,
      "rd": null,
      "sga": 424200000,
      "fcf": 106900000,
      "ocf": 141600000,
      "capex": -34700000,
      "gross_margin": 0.3396237647338969,
      "op_margin": 0.08709370163114656,
      "fcf_margin": 0.06363852839623765,
      "incr_op_margin_yoy": 0.844776119402985,
      "rev_growth_yoy": -0.05645115991686794,
      "rev_growth_yoy_accel": -0.0162283186912412,
      "fcf_margin_change": -0.05303200793995924
    },
    {
      "date": "2024-06-30T00:00:00",
      "quarter_label": "2024-06 (Q2)",
      "revenue": 1702800000,
      "gross_profit": 581500000,
      "operating_income": 175800000,
      "net_income": 92900000,
      "opex": 405700000,
      "cogs": 1121300000,
      "rd": null,
      "sga": 405700000,
      "fcf": 235300000,
      "ocf": 281100000,
      "capex": -45800000,
      "gross_margin": 0.3414963589382194,
      "op_margin": 0.10324171952078928,
      "fcf_margin": 0.1381841672539347,
      "incr_op_margin_yoy": -2.5328467153284673,
      "rev_growth_yoy": -0.0235678651298813,
      "rev_growth_yoy_accel": 0.03288329478698664,
      "op_leverage_ratio": null,
      "fcf_margin_change": 0.07454563885769705
    },
    {
      "date": "2024-09-30T00:00:00",
      "quarter_label": "2024-09 (Q3)",
      "revenue": 1714400000,
      "gross_profit": 564400000,
      "operating_income": 124600000,
      "net_income": 57800000,
      "opex": 439800000,
      "cogs": 1150000000,
      "rd": null,
      "sga": 439800000,
      "fcf": 204000000,
      "ocf": 244800000,
      "capex": -40800000,
      "gross_margin": 0.3292113859076062,
      "op_margin": 0.07267848810079328,
      "fcf_margin": 0.1189920671955203,
      "incr_op_margin_yoy": 14.758620689655173,
      "rev_growth_yoy": -0.0033717009650040693,
      "rev_growth_yoy_accel": 0.020196164164877232,
      "fcf_margin_change": -0.019192100058414402
    },
    {
      "date": "2024-12-31T00:00:00",
      "quarter_label": "2024-12 (Q4)",
      "revenue": 1686600000,
      "gross_profit": 562900000,
      "operating_income": 638100000,
      "net_income": 500400000,
      "opex": -75200000,
      "cogs": 1123700000,
      "rd": null,
      "sga": 371400000,
      "fcf": 145800000,
      "ocf": 173300000,
      "capex": -27500000,
      "gross_margin": 0.3337483695007708,
      "op_margin": 0.3783351120597652,
      "fcf_margin": 0.0864461045891142,
      "incr_op_margin_yoy": -12.56353591160221,
      "rev_growth_yoy": -0.021012305549106106,
      "rev_growth_yoy_accel": -0.01764060458410204,
      "fcf_margin_change": -0.032545962606406104
    },
    {
      "date": "2025-03-31T00:00:00",
      "quarter_label": "2025-03 (Q1)",
      "revenue": 1581400000,
      "gross_profit": 534900000,
      "operating_income": 147400000,
      "net_income": 64500000,
      "opex": 387500000,
      "cogs": 1046500000,
      "rd": null,
      "sga": 387500000,
      "fcf": 81300000,
      "ocf": 109300000,
      "capex": -28000000,
      "gross_margin": 0.3382445933982547,
      "op_margin": 0.09320854938661945,
      "fcf_margin": 0.05141014291134438,
      "incr_op_margin_yoy": -0.011178861788617886,
      "rev_growth_yoy": -0.05857840219073699,
      "rev_growth_yoy_accel": -0.03756609664163088,
      "fcf_margin_change": -0.03503596167776982
    },
    {
      "date": "2025-06-30T00:00:00",
      "quarter_label": "2025-06 (Q2)",
      "revenue": 1683400000,
      "gross_profit": 554100000,
      "operating_income": 128800000,
      "net_income": 64700000,
      "opex": 425300000,
      "cogs": 1129300000,
      "rd": null,
      "sga": 425300000,
      "fcf": 124800000,
      "ocf": 154400000,
      "capex": -29600000,
      "gross_margin": 0.3291552809789711,
      "op_margin": 0.07651182131400737,
      "fcf_margin": 0.07413567779493882,
      "incr_op_margin_yoy": 2.422680412371134,
      "rev_growth_yoy": -0.011392999765092789,
      "rev_growth_yoy_accel": 0.0471854024256442,
      "op_leverage_ratio": 0.6612083727298095,
      "fcf_margin_change": 0.02272553488359444
    },
    {
      "date": "2025-09-30T00:00:00",
      "quarter_label": "2025-09 (Q3)",
      "revenue": 1623800000,
      "gross_profit": 526500000,
      "operating_income": -648800000,
      "net_income": -711800000,
      "opex": 1175300000,
      "cogs": 1097300000,
      "rd": null,
      "sga": 390300000,
      "fcf": 171700000,
      "ocf": 207400000,
      "capex": -35700000,
      "gross_margin": 0.32423943835447716,
      "op_margin": -0.3995565956398571,
      "fcf_margin": 0.10573962310629388,
      "incr_op_margin_yoy": 8.536423841059603,
      "rev_growth_yoy": -0.052846476901539895,
      "rev_growth_yoy_accel": -0.041453477136447106,
      "fcf_margin_change": 0.03160394531135506
    },
    {
      "date": "2025-12-31T00:00:00",
      "quarter_label": "2025-12 (Q4)",
      "revenue": 1663600000,
      "gross_profit": 523900000,
      "operating_income": 126400000,
      "net_income": 52400000,
      "opex": 397500000,
      "cogs": 1139700000,
      "rd": null,
      "sga": 392400000,
      "fcf": 117200000,
      "ocf": 152700000,
      "capex": -35500000,
      "gross_margin": 0.314919451791296,
      "op_margin": 0.07597980283722049,
      "fcf_margin": 0.07044962731425823,
      "incr_op_margin_yoy": 22.247826086956522,
      "rev_growth_yoy": -0.013636902644373295,
      "rev_growth_yoy_accel": 0.0392095742571666,
      "op_leverage_ratio": null,
      "fcf_margin_change": -0.03528999579203565
    }
  ],
  "signals": [
    {
      "quarter": "2025-12 (Q4)",
      "signal": "INCREMENTAL MARGIN (YoY)",
      "detail": "YoY Incr OPM: +2224.8% vs year-ago OPM: +37.8%",
      "severity": "HIGH"
    },
    {
      "quarter": "2025-12 (Q4)",
      "signal": "OP MARGIN TURNED POSITIVE (QoQ)",
      "detail": "Op margin: -40.0% -> +7.6%",
      "severity": "HIGH"
    },
    {
      "quarter": "2025-06 (Q2)",
      "signal": "INCREMENTAL MARGIN (YoY)",
      "detail": "YoY Incr OPM: +242.3% vs year-ago OPM: +10.3%",
      "severity": "HIGH"
    },
    {
      "quarter": "2024-09 (Q3)",
      "signal": "INCREMENTAL MARGIN (YoY)",
      "detail": "YoY Incr OPM: +1475.9% vs year-ago OPM: +12.2%",
      "severity": "HIGH"
    },
    {
      "quarter": "2024-06 (Q2)",
      "signal": "FCF MARGIN EXPANSION",
      "detail": "FCF margin: +6.4% -> +13.8% (+7.5%)",
      "severity": "MEDIUM"
    },
    {
      "quarter": "2024-03 (Q1)",
      "signal": "INCREMENTAL MARGIN (YoY)",
      "detail": "YoY Incr OPM: +84.5% vs year-ago OPM: +13.0%",
      "severity": "HIGH"
    },
    {
      "quarter": "2023-12 (Q4)",
      "signal": "INCREMENTAL MARGIN (YoY)",
      "detail": "YoY Incr OPM: +94.9% vs year-ago OPM: +14.0%",
      "severity": "HIGH"
    },
    {
      "quarter": "2023-09 (Q3)",
      "signal": "INCREMENTAL MARGIN (YoY)",
      "detail": "YoY Incr OPM: +48.1% vs year-ago OPM: +14.9%",
      "severity": "HIGH"
    },
    {
      "quarter": "2023-06 (Q2)",
      "signal": "INCREMENTAL MARGIN (YoY)",
      "detail": "YoY Incr OPM: +134.4% vs year-ago OPM: +15.5%",
      "severity": "HIGH"
    },
    {
      "quarter": "2023-03 (Q1)",
      "signal": "INCREMENTAL MARGIN (YoY)",
      "detail": "YoY Incr OPM: +44.6% vs year-ago OPM: +15.7%",
      "severity": "HIGH"
    },
    {
      "quarter": "2022-12 (Q4)",
      "signal": "YoY REVENUE GROWTH DECELERATION",
      "detail": "YoY growth: -5.9% vs prior quarter YoY: +1.2% (decel: -7.1%)",
      "severity": "WARNING"
    },
    {
      "quarter": "2022-09 (Q3)",
      "signal": "INCREMENTAL MARGIN (YoY)",
      "detail": "YoY Incr OPM: +173.9% vs year-ago OPM: +12.9%",
      "severity": "HIGH"
    },
    {
      "quarter": "2022-06 (Q2)",
      "signal": "YoY REVENUE GROWTH DECELERATION",
      "detail": "YoY growth: +2.8% vs prior quarter YoY: +9.2% (decel: -6.4%)",
      "severity": "WARNING"
    },
    {
      "quarter": "2022-06 (Q2)",
      "signal": "INCREMENTAL MARGIN (YoY)",
      "detail": "YoY Incr OPM: +78.8% vs year-ago OPM: +13.7%",
      "severity": "HIGH"
    },
    {
      "quarter": "2021-06 (Q2)",
      "signal": "FCF MARGIN EXPANSION",
      "detail": "FCF margin: +6.3% -> +12.9% (+6.7%)",
      "severity": "MEDIUM"
    }
  ],
  "data_quality": {
    "n_quarters": 20,
    "coverage": {
      "revenue": [
        20,
        20
      ],
      "gross_profit": [
        20,
        20
      ],
      "op_income": [
        20,
        20
      ],
      "fcf": [
        20,
        20
      ]
    },
    "gaps": [],
    "warnings": []
  },
  "market_cap": null,
  "source": "SEC EDGAR",
  "last_updated": "2026-02-13T11:40:40.527532"
}