{
  "ticker": "AVY",
  "name": "AVERY DENNISON CORPORATION",
  "quarters": [
    {
      "date": "2021-01-02T00:00:00",
      "quarter_label": "2021-01 (Q1)",
      "revenue": 1990900000,
      "gross_profit": 571100000,
      "operating_income": null,
      "net_income": 191500000,
      "opex": null,
      "cogs": 1419800000,
      "rd": null,
      "sga": 301800000,
      "fcf": 199800000,
      "ocf": 309500000,
      "capex": -109700000,
      "gross_margin": 0.2868551911195942,
      "op_margin": null,
      "fcf_margin": 0.10035662263298006
    },
    {
      "date": "2021-04-03T00:00:00",
      "quarter_label": "2021-04 (Q2)",
      "revenue": 2051300000,
      "gross_profit": 597000000,
      "operating_income": null,
      "net_income": 209500000,
      "opex": null,
      "cogs": 1454300000,
      "rd": null,
      "sga": 312300000,
      "fcf": 184100000,
      "ocf": 209300000,
      "capex": -25200000,
      "gross_margin": 0.29103495344415736,
      "op_margin": null,
      "fcf_margin": 0.08974796470530882,
      "fcf_margin_change": -0.010608657927671239
    },
    {
      "date": "2021-07-03T00:00:00",
      "quarter_label": "2021-07 (Q3)",
      "revenue": 2102000000,
      "gross_profit": 576300000,
      "operating_income": null,
      "net_income": 183800000,
      "opex": null,
      "cogs": 1525700000,
      "rd": null,
      "sga": 307000000,
      "fcf": 208900000,
      "ocf": 267500000,
      "capex": -58600000,
      "gross_margin": 0.2741674595623216,
      "op_margin": null,
      "fcf_margin": 0.09938154138915319,
      "fcf_margin_change": 0.009633576683844361
    },
    {
      "date": "2021-10-02T00:00:00",
      "quarter_label": "2021-10 (Q4)",
      "revenue": 2071800000,
      "gross_profit": 554400000,
      "operating_income": null,
      "net_income": 164100000,
      "opex": null,
      "cogs": 1517400000,
      "rd": null,
      "sga": 296900000,
      "fcf": 239200000,
      "ocf": 286000000,
      "capex": -46800000,
      "gross_margin": 0.2675933970460469,
      "op_margin": null,
      "fcf_margin": 0.11545515976445603,
      "fcf_margin_change": 0.016073618375302842
    },
    {
      "date": "2022-01-01T00:00:00",
      "quarter_label": "2022-01 (Q1)",
      "revenue": 2183200000,
      "gross_profit": 585100000,
      "operating_income": null,
      "net_income": 182700000,
      "opex": null,
      "cogs": 1598100000,
      "rd": null,
      "sga": 332300000,
      "fcf": 159600000,
      "ocf": 284000000,
      "capex": -124400000,
      "gross_margin": 0.2680010993037743,
      "op_margin": null,
      "fcf_margin": 0.0731037009893734,
      "rev_growth_yoy": 0.09658948214375408,
      "fcf_margin_change": -0.04235145877508263
    },
    {
      "date": "2022-04-02T00:00:00",
      "quarter_label": "2022-04 (Q2)",
      "revenue": 2349300000,
      "gross_profit": 641300000,
      "operating_income": null,
      "net_income": 198200000,
      "opex": null,
      "cogs": 1708000000,
      "rd": null,
      "sga": 355000000,
      "fcf": 76500000,
      "ocf": 126200000,
      "capex": -49700000,
      "gross_margin": 0.2729749287021666,
      "op_margin": null,
      "fcf_margin": 0.032562891073936916,
      "rev_growth_yoy": 0.14527372885487252,
      "rev_growth_yoy_accel": 0.04868424671111844,
      "fcf_margin_change": -0.04054080991543648
    },
    {
      "date": "2022-07-02T00:00:00",
      "quarter_label": "2022-07 (Q3)",
      "revenue": 2347000000,
      "gross_profit": 643500000,
      "operating_income": null,
      "net_income": 214500000,
      "opex": null,
      "cogs": 1703500000,
      "rd": null,
      "sga": 332700000,
      "fcf": 211100000,
      "ocf": 268200000,
      "capex": -57100000,
      "gross_margin": 0.27417980400511294,
      "op_margin": null,
      "fcf_margin": 0.08994461014060502,
      "rev_growth_yoy": 0.11655566127497621,
      "rev_growth_yoy_accel": -0.02871806757989631,
      "fcf_margin_change": 0.057381719066668106
    },
    {
      "date": "2022-10-01T00:00:00",
      "quarter_label": "2022-10 (Q4)",
      "revenue": 2317100000,
      "gross_profit": 619200000,
      "operating_income": null,
      "net_income": 221500000,
      "opex": null,
      "cogs": 1697900000,
      "rd": null,
      "sga": 330800000,
      "fcf": 144400000,
      "ocf": 220800000,
      "capex": -76400000,
      "gross_margin": 0.26723058996158994,
      "op_margin": null,
      "fcf_margin": 0.06231927840835527,
      "rev_growth_yoy": 0.1183994594072787,
      "rev_growth_yoy_accel": 0.0018437981323024821,
      "fcf_margin_change": -0.02762533173224975
    },
    {
      "date": "2022-12-31T00:00:00",
      "quarter_label": "2022-12 (Q4)",
      "revenue": 2025900000,
      "gross_profit": 500200000,
      "operating_income": null,
      "net_income": 122900000,
      "opex": null,
      "cogs": 1525700000,
      "rd": null,
      "sga": 312300000,
      "fcf": 250900000,
      "ocf": 345800000,
      "capex": -94900000,
      "gross_margin": 0.24690261118515228,
      "op_margin": null,
      "fcf_margin": 0.12384619181598303,
      "rev_growth_yoy": -0.07205020153902529,
      "rev_growth_yoy_accel": -0.190449660946304,
      "fcf_margin_change": 0.061526913407627754
    },
    {
      "date": "2023-04-01T00:00:00",
      "quarter_label": "2023-04 (Q2)",
      "revenue": 2065000000,
      "gross_profit": 542300000,
      "operating_income": null,
      "net_income": 121200000,
      "opex": null,
      "cogs": 1522700000,
      "rd": null,
      "sga": 334400000,
      "fcf": -62600000,
      "ocf": 1900000,
      "capex": -64500000,
      "gross_margin": 0.26261501210653754,
      "op_margin": null,
      "fcf_margin": -0.030314769975786925,
      "rev_growth_yoy": -0.12101477035712765,
      "rev_growth_yoy_accel": -0.048964568818102364,
      "fcf_margin_change": -0.15416096179176994
    },
    {
      "date": "2023-07-01T00:00:00",
      "quarter_label": "2023-07 (Q3)",
      "revenue": 2090500000,
      "gross_profit": 553400000,
      "operating_income": null,
      "net_income": 100400000,
      "opex": null,
      "cogs": 1537100000,
      "rd": null,
      "sga": 319600000,
      "fcf": 138200000,
      "ocf": 189600000,
      "capex": -51400000,
      "gross_margin": 0.2647213585266683,
      "op_margin": null,
      "fcf_margin": 0.06610858646256876,
      "rev_growth_yoy": -0.10928845334469535,
      "rev_growth_yoy_accel": 0.011726317012432305,
      "fcf_margin_change": 0.09642335643835569
    },
    {
      "date": "2023-09-30T00:00:00",
      "quarter_label": "2023-09 (Q3)",
      "revenue": 2098300000,
      "gross_profit": 585800000,
      "operating_income": null,
      "net_income": 138300000,
      "opex": null,
      "cogs": 1512500000,
      "rd": null,
      "sga": 332600000,
      "fcf": 265500000,
      "ocf": 322600000,
      "capex": -57100000,
      "gross_margin": 0.27917838250011917,
      "op_margin": null,
      "fcf_margin": 0.12653100128675596,
      "rev_growth_yoy": -0.09442838030296491,
      "rev_growth_yoy_accel": 0.01486007304173044,
      "fcf_margin_change": 0.0604224148241872
    },
    {
      "date": "2023-12-30T00:00:00",
      "quarter_label": "2023-12 (Q4)",
      "revenue": 2110500000,
      "gross_profit": 596000000,
      "operating_income": null,
      "net_income": 143100000,
      "opex": null,
      "cogs": 1514500000,
      "rd": null,
      "sga": 327100000,
      "fcf": 219600000,
      "ocf": 311900000,
      "capex": -92300000,
      "gross_margin": 0.2823975361288794,
      "op_margin": null,
      "fcf_margin": 0.10405117270788912,
      "rev_growth_yoy": 0.04175921812527766,
      "rev_growth_yoy_accel": 0.13618759842824257,
      "fcf_margin_change": -0.022479828578866837
    },
    {
      "date": "2024-03-30T00:00:00",
      "quarter_label": "2024-03 (Q1)",
      "revenue": 2151300000,
      "gross_profit": 632200000,
      "operating_income": null,
      "net_income": 172400000,
      "opex": null,
      "cogs": 1519100000,
      "rd": null,
      "sga": 365200000,
      "fcf": 71000000,
      "ocf": 119800000,
      "capex": -48800000,
      "gross_margin": 0.2938688235020685,
      "op_margin": null,
      "fcf_margin": 0.033003300330033,
      "rev_growth_yoy": 0.04179176755447942,
      "rev_growth_yoy_accel": 3.254942920176418e-05,
      "fcf_margin_change": -0.07104787237785612
    },
    {
      "date": "2024-06-29T00:00:00",
      "quarter_label": "2024-06 (Q2)",
      "revenue": 2235300000,
      "gross_profit": 662700000,
      "operating_income": null,
      "net_income": 176800000,
      "opex": null,
      "cogs": 1572600000,
      "rd": null,
      "sga": 373900000,
      "fcf": 150200000,
      "ocf": 197700000,
      "capex": -47500000,
      "gross_margin": 0.2964702724466515,
      "op_margin": null,
      "fcf_margin": 0.06719456001431576,
      "rev_growth_yoy": 0.06926572590289405,
      "rev_growth_yoy_accel": 0.02747395834841463,
      "fcf_margin_change": 0.03419125968428276
    },
    {
      "date": "2024-09-28T00:00:00",
      "quarter_label": "2024-09 (Q3)",
      "revenue": 2183400000,
      "gross_profit": 626600000,
      "operating_income": null,
      "net_income": 181700000,
      "opex": null,
      "cogs": 1556800000,
      "rd": null,
      "sga": 346900000,
      "fcf": 227100000,
      "ocf": 270100000,
      "capex": -43000000,
      "gross_margin": 0.28698360355408997,
      "op_margin": null,
      "fcf_margin": 0.10401209123385545,
      "rev_growth_yoy": 0.04055664109040652,
      "rev_growth_yoy_accel": -0.02870908481248753,
      "fcf_margin_change": 0.03681753121953969
    },
    {
      "date": "2024-12-28T00:00:00",
      "quarter_label": "2024-12 (Q4)",
      "revenue": 2185700000,
      "gross_profit": 609200000,
      "operating_income": null,
      "net_income": 174000000,
      "opex": null,
      "cogs": 1576500000,
      "rd": null,
      "sga": 329300000,
      "fcf": 281700000,
      "ocf": 351200000,
      "capex": -69500000,
      "gross_margin": 0.278720775952784,
      "op_margin": null,
      "fcf_margin": 0.12888319531500206,
      "rev_growth_yoy": 0.03563136697465056,
      "rev_growth_yoy_accel": -0.004925274115755961,
      "fcf_margin_change": 0.02487110408114661
    },
    {
      "date": "2025-03-29T00:00:00",
      "quarter_label": "2025-03 (Q1)",
      "revenue": 2148300000,
      "gross_profit": 621500000,
      "operating_income": null,
      "net_income": 166300000,
      "opex": null,
      "cogs": 1526800000,
      "rd": null,
      "sga": 347000000,
      "fcf": -52300000,
      "ocf": -16300000,
      "capex": -36000000,
      "gross_margin": 0.28929851510496674,
      "op_margin": null,
      "fcf_margin": -0.0243448307964437,
      "rev_growth_yoy": -0.0013945056477478734,
      "rev_growth_yoy_accel": -0.03702587262239843,
      "fcf_margin_change": -0.15322802611144576
    },
    {
      "date": "2025-06-28T00:00:00",
      "quarter_label": "2025-06 (Q2)",
      "revenue": 2220500000,
      "gross_profit": 639100000,
      "operating_income": null,
      "net_income": 189000000,
      "opex": null,
      "cogs": 1581400000,
      "rd": null,
      "sga": 352400000,
      "fcf": 178800000,
      "ocf": 208800000,
      "capex": -30000000,
      "gross_margin": 0.28781805899572166,
      "op_margin": null,
      "fcf_margin": 0.08052240486376942,
      "rev_growth_yoy": -0.0066210352078020845,
      "rev_growth_yoy_accel": -0.005226529560054211,
      "fcf_margin_change": 0.10486723566021312
    },
    {
      "date": "2025-09-27T00:00:00",
      "quarter_label": "2025-09 (Q3)",
      "revenue": 2215500000,
      "gross_profit": 635000000,
      "operating_income": null,
      "net_income": 166300000,
      "opex": null,
      "cogs": 1580500000,
      "rd": null,
      "sga": 353900000,
      "fcf": 276200000,
      "ocf": 312100000,
      "capex": -35900000,
      "gross_margin": 0.2866170164748364,
      "op_margin": null,
      "fcf_margin": 0.12466711803204694,
      "rev_growth_yoy": 0.014701841165155263,
      "rev_growth_yoy_accel": 0.021322876372957347,
      "fcf_margin_change": 0.04414471316827752
    }
  ],
  "signals": [
    {
      "quarter": "2025-06 (Q2)",
      "signal": "FCF TURNED POSITIVE",
      "detail": "FCF margin: -2.4% -> +8.1%",
      "severity": "HIGH"
    },
    {
      "quarter": "2023-12 (Q4)",
      "signal": "YoY REVENUE GROWTH ACCELERATION",
      "detail": "YoY growth: +4.2% vs prior quarter YoY: -9.4% (accel: +13.6%)",
      "severity": "MEDIUM"
    },
    {
      "quarter": "2023-09 (Q3)",
      "signal": "FCF MARGIN EXPANSION",
      "detail": "FCF margin: +6.6% -> +12.7% (+6.0%)",
      "severity": "MEDIUM"
    },
    {
      "quarter": "2023-07 (Q3)",
      "signal": "FCF TURNED POSITIVE",
      "detail": "FCF margin: -3.0% -> +6.6%",
      "severity": "HIGH"
    },
    {
      "quarter": "2022-12 (Q4)",
      "signal": "FCF MARGIN EXPANSION",
      "detail": "FCF margin: +6.2% -> +12.4% (+6.2%)",
      "severity": "MEDIUM"
    },
    {
      "quarter": "2022-12 (Q4)",
      "signal": "YoY REVENUE GROWTH DECELERATION",
      "detail": "YoY growth: -7.2% vs prior quarter YoY: +11.8% (decel: -19.0%)",
      "severity": "WARNING"
    },
    {
      "quarter": "2022-07 (Q3)",
      "signal": "FCF MARGIN EXPANSION",
      "detail": "FCF margin: +3.3% -> +9.0% (+5.7%)",
      "severity": "MEDIUM"
    }
  ],
  "data_quality": {
    "n_quarters": 20,
    "coverage": {
      "revenue": [
        20,
        20
      ],
      "gross_profit": [
        20,
        20
      ],
      "op_income": [
        0,
        20
      ],
      "fcf": [
        20,
        20
      ]
    },
    "gaps": [],
    "warnings": [
      "op_income: no data"
    ]
  },
  "market_cap": null,
  "source": "SEC EDGAR",
  "last_updated": "2026-02-02T20:27:26.756427",
  "sector": "Consumer Cyclical",
  "industry": "Packaging & Containers"
}