{
  "ticker": "AWI",
  "name": "ARMSTRONG WORLD INDUSTRIES, INC.",
  "quarters": [
    {
      "date": "2020-12-31T00:00:00",
      "quarter_label": "2020-12 (Q4)",
      "revenue": 238700000,
      "gross_profit": 82800000,
      "operating_income": 44100000,
      "net_income": 22800000,
      "opex": 38700000,
      "cogs": 155900000,
      "rd": null,
      "sga": 54500000,
      "fcf": 70400000,
      "ocf": 70400000,
      "capex": null,
      "gross_margin": 0.34687892752408883,
      "op_margin": 0.18475073313782991,
      "fcf_margin": 0.29493087557603687
    },
    {
      "date": "2021-03-31T00:00:00",
      "quarter_label": "2021-03 (Q1)",
      "revenue": 251900000,
      "gross_profit": 87500000,
      "operating_income": 54100000,
      "net_income": 35400000,
      "opex": 33400000,
      "cogs": 164400000,
      "rd": null,
      "sga": 54400000,
      "fcf": 19600000,
      "ocf": 19600000,
      "capex": null,
      "gross_margin": 0.3473600635172688,
      "op_margin": 0.21476776498610559,
      "fcf_margin": 0.0778086542278682,
      "op_leverage_ratio": Infinity,
      "fcf_margin_change": -0.21712222134816866
    },
    {
      "date": "2021-06-30T00:00:00",
      "quarter_label": "2021-06 (Q2)",
      "revenue": 280000000,
      "gross_profit": 104900000,
      "operating_income": 78300000,
      "net_income": 55100000,
      "opex": 26600000,
      "cogs": 175100000,
      "rd": null,
      "sga": 60000000,
      "fcf": 62300000,
      "ocf": 62300000,
      "capex": null,
      "gross_margin": 0.37464285714285717,
      "op_margin": 0.27964285714285714,
      "fcf_margin": 0.2225,
      "op_leverage_ratio": Infinity,
      "fcf_margin_change": 0.1446913457721318
    },
    {
      "date": "2021-09-30T00:00:00",
      "quarter_label": "2021-09 (Q3)",
      "revenue": 292200000,
      "gross_profit": 110700000,
      "operating_income": 72100000,
      "net_income": 50800000,
      "opex": 38600000,
      "cogs": 181500000,
      "rd": null,
      "sga": 62300000,
      "fcf": 56000000,
      "ocf": 56000000,
      "capex": null,
      "gross_margin": 0.3788501026694045,
      "op_margin": 0.24674880219028064,
      "fcf_margin": 0.19164955509924708,
      "op_leverage_ratio": 0.09658333333333334,
      "fcf_margin_change": -0.03085044490075292
    },
    {
      "date": "2021-12-31T00:00:00",
      "quarter_label": "2021-12 (Q4)",
      "revenue": 282500000,
      "gross_profit": 102500000,
      "operating_income": 55500000,
      "net_income": 41900000,
      "opex": 47000000,
      "cogs": 180000000,
      "rd": null,
      "sga": 60900000,
      "fcf": 49300000,
      "ocf": 49300000,
      "capex": null,
      "gross_margin": 0.36283185840707965,
      "op_margin": 0.19646017699115045,
      "fcf_margin": 0.1745132743362832,
      "incr_op_margin_yoy": 0.2602739726027397,
      "rev_growth_yoy": 0.1834939254294093,
      "fcf_margin_change": -0.01713628076296389
    },
    {
      "date": "2022-03-31T00:00:00",
      "quarter_label": "2022-03 (Q1)",
      "revenue": 282600000,
      "gross_profit": 102200000,
      "operating_income": 63200000,
      "net_income": 44400000,
      "opex": 39000000,
      "cogs": 180400000,
      "rd": null,
      "sga": 57100000,
      "fcf": 16700000,
      "ocf": 16700000,
      "capex": null,
      "gross_margin": 0.3616418966737438,
      "op_margin": 0.22363765038924274,
      "fcf_margin": 0.05909412597310686,
      "incr_op_margin_yoy": 0.2964169381107492,
      "rev_growth_yoy": 0.12187375942834458,
      "rev_growth_yoy_accel": -0.06162016600106471,
      "fcf_margin_change": -0.11541914836317632
    },
    {
      "date": "2022-06-30T00:00:00",
      "quarter_label": "2022-06 (Q2)",
      "revenue": 321000000,
      "gross_profit": 117900000,
      "operating_income": 71600000,
      "net_income": 52200000,
      "opex": 46300000,
      "cogs": 203100000,
      "rd": null,
      "sga": 61500000,
      "fcf": 46400000,
      "ocf": 46400000,
      "capex": null,
      "gross_margin": 0.36728971962616824,
      "op_margin": 0.22305295950155762,
      "fcf_margin": 0.14454828660436136,
      "incr_op_margin_yoy": -0.16341463414634147,
      "rev_growth_yoy": 0.14642857142857144,
      "rev_growth_yoy_accel": 0.024554812000226856,
      "op_leverage_ratio": 0.7259401448390193,
      "fcf_margin_change": 0.0854541606312545
    },
    {
      "date": "2022-09-30T00:00:00",
      "quarter_label": "2022-09 (Q3)",
      "revenue": 325000000,
      "gross_profit": 117500000,
      "operating_income": 73300000,
      "net_income": 57500000,
      "opex": 44200000,
      "cogs": 207500000,
      "rd": null,
      "sga": 59300000,
      "fcf": 56100000,
      "ocf": 56100000,
      "capex": null,
      "gross_margin": 0.36153846153846153,
      "op_margin": 0.22553846153846155,
      "fcf_margin": 0.17261538461538461,
      "incr_op_margin_yoy": 0.036585365853658534,
      "rev_growth_yoy": 0.11225188227241616,
      "rev_growth_yoy_accel": -0.03417668915615528,
      "op_leverage_ratio": Infinity,
      "fcf_margin_change": 0.02806709801102325
    },
    {
      "date": "2022-12-31T00:00:00",
      "quarter_label": "2022-12 (Q4)",
      "revenue": 304500000,
      "gross_profit": 111500000,
      "operating_income": 70600000,
      "net_income": 48800000,
      "opex": 40900000,
      "cogs": 193000000,
      "rd": null,
      "sga": 59100000,
      "fcf": 63200000,
      "ocf": 63200000,
      "capex": null,
      "gross_margin": 0.36617405582922824,
      "op_margin": 0.23185550082101805,
      "fcf_margin": 0.20755336617405584,
      "incr_op_margin_yoy": 0.6863636363636364,
      "rev_growth_yoy": 0.07787610619469026,
      "rev_growth_yoy_accel": -0.03437577607772589,
      "fcf_margin_change": 0.03493798155867123
    },
    {
      "date": "2023-03-31T00:00:00",
      "quarter_label": "2023-03 (Q1)",
      "revenue": 310200000,
      "gross_profit": 112100000,
      "operating_income": 70200000,
      "net_income": 47300000,
      "opex": 41900000,
      "cogs": 198100000,
      "rd": null,
      "sga": 62700000,
      "fcf": 26200000,
      "ocf": 26200000,
      "capex": null,
      "gross_margin": 0.36137975499677627,
      "op_margin": 0.2263056092843327,
      "fcf_margin": 0.08446163765312702,
      "incr_op_margin_yoy": 0.2536231884057971,
      "rev_growth_yoy": 0.09766454352441614,
      "rev_growth_yoy_accel": 0.019788437329725878,
      "op_leverage_ratio": 0.7656157635467981,
      "fcf_margin_change": -0.12309172852092883
    },
    {
      "date": "2023-06-30T00:00:00",
      "quarter_label": "2023-06 (Q2)",
      "revenue": 325400000,
      "gross_profit": 124000000,
      "operating_income": 87000000,
      "net_income": 60200000,
      "opex": 37000000,
      "cogs": 201400000,
      "rd": null,
      "sga": 61900000,
      "fcf": 67700000,
      "ocf": 67700000,
      "capex": null,
      "gross_margin": 0.3810694529809465,
      "op_margin": 0.26736324523663185,
      "fcf_margin": 0.20805162876459743,
      "incr_op_margin_yoy": 3.5,
      "rev_growth_yoy": 0.013707165109034268,
      "rev_growth_yoy_accel": -0.08395737841538187,
      "op_leverage_ratio": Infinity,
      "fcf_margin_change": 0.12358999111147041
    },
    {
      "date": "2023-09-30T00:00:00",
      "quarter_label": "2023-09 (Q3)",
      "revenue": 347300000,
      "gross_profit": 141400000,
      "operating_income": 100200000,
      "net_income": 69500000,
      "opex": 41200000,
      "cogs": 205900000,
      "rd": null,
      "sga": 64600000,
      "fcf": 82500000,
      "ocf": 82500000,
      "capex": null,
      "gross_margin": 0.4071408004606968,
      "op_margin": 0.2885113734523467,
      "fcf_margin": 0.2375467895191477,
      "incr_op_margin_yoy": 1.2062780269058295,
      "rev_growth_yoy": 0.06861538461538462,
      "rev_growth_yoy_accel": 0.05490821950635035,
      "op_leverage_ratio": 0.5928966546667838,
      "fcf_margin_change": 0.029495160754550276
    },
    {
      "date": "2023-12-31T00:00:00",
      "quarter_label": "2023-12 (Q4)",
      "revenue": 312300000,
      "gross_profit": 119500000,
      "operating_income": 66300000,
      "net_income": 46800000,
      "opex": 53200000,
      "cogs": 192800000,
      "rd": null,
      "sga": 73300000,
      "fcf": 57100000,
      "ocf": 57100000,
      "capex": null,
      "gross_margin": 0.38264489273134805,
      "op_margin": 0.21229586935638808,
      "fcf_margin": 0.18283701569004163,
      "incr_op_margin_yoy": -0.5512820512820513,
      "rev_growth_yoy": 0.02561576354679803,
      "rev_growth_yoy_accel": -0.04299962106858659,
      "fcf_margin_change": -0.05470977382910608
    },
    {
      "date": "2024-03-31T00:00:00",
      "quarter_label": "2024-03 (Q1)",
      "revenue": 326300000,
      "gross_profit": 124300000,
      "operating_income": 86100000,
      "net_income": 59900000,
      "opex": 38200000,
      "cogs": 202000000,
      "rd": null,
      "sga": 65700000,
      "fcf": 26400000,
      "ocf": 26400000,
      "capex": null,
      "gross_margin": 0.3809377873122893,
      "op_margin": 0.26386760649708857,
      "fcf_margin": 0.08090714066809684,
      "incr_op_margin_yoy": 0.9875776397515528,
      "rev_growth_yoy": 0.05190199871050935,
      "rev_growth_yoy_accel": 0.02628623516371132,
      "op_leverage_ratio": Infinity,
      "fcf_margin_change": -0.10192987502194478
    },
    {
      "date": "2024-06-30T00:00:00",
      "quarter_label": "2024-06 (Q2)",
      "revenue": 365100000,
      "gross_profit": 149300000,
      "operating_income": 95000000,
      "net_income": 65900000,
      "opex": 54300000,
      "cogs": 215800000,
      "rd": null,
      "sga": 79900000,
      "fcf": 57300000,
      "ocf": 57300000,
      "capex": null,
      "gross_margin": 0.40892906053136124,
      "op_margin": 0.26020268419611065,
      "fcf_margin": 0.15694330320460148,
      "incr_op_margin_yoy": 0.20151133501259447,
      "rev_growth_yoy": 0.12200368776889982,
      "rev_growth_yoy_accel": 0.07010168905839047,
      "op_leverage_ratio": 0.2821318643248316,
      "fcf_margin_change": 0.07603616253650464
    },
    {
      "date": "2024-09-30T00:00:00",
      "quarter_label": "2024-09 (Q3)",
      "revenue": 386600000,
      "gross_profit": 164100000,
      "operating_income": 111300000,
      "net_income": 76900000,
      "opex": 52800000,
      "cogs": 222500000,
      "rd": null,
      "sga": 77600000,
      "fcf": 96500000,
      "ocf": 96500000,
      "capex": null,
      "gross_margin": 0.42446973616140715,
      "op_margin": 0.28789446456285567,
      "fcf_margin": 0.2496120020693223,
      "incr_op_margin_yoy": 0.2824427480916031,
      "rev_growth_yoy": 0.11315865246184854,
      "rev_growth_yoy_accel": -0.008845035307051274,
      "op_leverage_ratio": Infinity,
      "fcf_margin_change": 0.09266869886472082
    },
    {
      "date": "2024-12-31T00:00:00",
      "quarter_label": "2024-12 (Q4)",
      "revenue": 367700000,
      "gross_profit": 143900000,
      "operating_income": 81900000,
      "net_income": 62200000,
      "opex": 62000000,
      "cogs": 223800000,
      "rd": null,
      "sga": 85400000,
      "fcf": 86600000,
      "ocf": 86600000,
      "capex": null,
      "gross_margin": 0.3913516453630677,
      "op_margin": 0.22273592602665215,
      "fcf_margin": 0.23551808539570301,
      "incr_op_margin_yoy": 0.2815884476534296,
      "rev_growth_yoy": 0.17739353186039064,
      "rev_growth_yoy_accel": 0.0642348793985421,
      "fcf_margin_change": -0.014093916673619283
    },
    {
      "date": "2025-03-31T00:00:00",
      "quarter_label": "2025-03 (Q1)",
      "revenue": 382700000,
      "gross_profit": 149900000,
      "operating_income": 98500000,
      "net_income": 69100000,
      "opex": 51400000,
      "cogs": 232800000,
      "rd": null,
      "sga": 78000000,
      "fcf": 41000000,
      "ocf": 41000000,
      "capex": null,
      "gross_margin": 0.3916906192840345,
      "op_margin": 0.2573817611706297,
      "fcf_margin": 0.10713352495427228,
      "incr_op_margin_yoy": 0.2198581560283688,
      "rev_growth_yoy": 0.17284707324547963,
      "rev_growth_yoy_accel": -0.004546458614911014,
      "op_leverage_ratio": Infinity,
      "fcf_margin_change": -0.12838456044143073
    },
    {
      "date": "2025-06-30T00:00:00",
      "quarter_label": "2025-06 (Q2)",
      "revenue": 424600000,
      "gross_profit": 175800000,
      "operating_income": 123200000,
      "net_income": 87800000,
      "opex": 52600000,
      "cogs": 248800000,
      "rd": null,
      "sga": 84500000,
      "fcf": 81600000,
      "ocf": 81600000,
      "capex": null,
      "gross_margin": 0.41403674046161093,
      "op_margin": 0.29015544041450775,
      "fcf_margin": 0.19218087611869994,
      "incr_op_margin_yoy": 0.47394957983193275,
      "rev_growth_yoy": 0.16296904957545877,
      "rev_growth_yoy_accel": -0.009878023670020858,
      "op_leverage_ratio": 4.689617629126383,
      "fcf_margin_change": 0.08504735116442766
    },
    {
      "date": "2025-09-30T00:00:00",
      "quarter_label": "2025-09 (Q3)",
      "revenue": 425200000,
      "gross_profit": 178500000,
      "operating_income": 117200000,
      "net_income": 86300000,
      "opex": 61300000,
      "cogs": 246700000,
      "rd": null,
      "sga": 90100000,
      "fcf": 122900000,
      "ocf": 122900000,
      "capex": null,
      "gross_margin": 0.4198024459078081,
      "op_margin": 0.2756349952963311,
      "fcf_margin": 0.2890404515522107,
      "incr_op_margin_yoy": 0.15284974093264247,
      "rev_growth_yoy": 0.09984480082772892,
      "rev_growth_yoy_accel": -0.06312424874772984,
      "fcf_margin_change": 0.09685957543351076
    }
  ],
  "signals": [
    {
      "quarter": "2025-09 (Q3)",
      "signal": "FCF MARGIN EXPANSION",
      "detail": "FCF margin: +19.2% -> +28.9% (+9.7%)",
      "severity": "MEDIUM"
    },
    {
      "quarter": "2025-09 (Q3)",
      "signal": "YoY REVENUE GROWTH DECELERATION",
      "detail": "YoY growth: +10.0% vs prior quarter YoY: +16.3% (decel: -6.3%)",
      "severity": "WARNING"
    },
    {
      "quarter": "2025-06 (Q2)",
      "signal": "FCF MARGIN EXPANSION",
      "detail": "FCF margin: +10.7% -> +19.2% (+8.5%)",
      "severity": "MEDIUM"
    },
    {
      "quarter": "2025-06 (Q2)",
      "signal": "OPERATING LEVERAGE",
      "detail": "Rev growth +10.9% vs OpEx growth +2.3% (leverage: 4.7x)",
      "severity": "MEDIUM"
    },
    {
      "quarter": "2025-06 (Q2)",
      "signal": "INCREMENTAL MARGIN (YoY)",
      "detail": "YoY Incr OPM: +47.4% vs year-ago OPM: +26.0%",
      "severity": "HIGH"
    },
    {
      "quarter": "2024-12 (Q4)",
      "signal": "YoY REVENUE GROWTH ACCELERATION",
      "detail": "YoY growth: +17.7% vs prior quarter YoY: +11.3% (accel: +6.4%)",
      "severity": "MEDIUM"
    },
    {
      "quarter": "2024-09 (Q3)",
      "signal": "FCF MARGIN EXPANSION",
      "detail": "FCF margin: +15.7% -> +25.0% (+9.3%)",
      "severity": "MEDIUM"
    },
    {
      "quarter": "2024-06 (Q2)",
      "signal": "FCF MARGIN EXPANSION",
      "detail": "FCF margin: +8.1% -> +15.7% (+7.6%)",
      "severity": "MEDIUM"
    },
    {
      "quarter": "2024-06 (Q2)",
      "signal": "GROSS MARGIN INFLECTION",
      "detail": "GM: +38.3% -> +38.1% -> +40.9% (reversal +2.8%)",
      "severity": "MEDIUM"
    },
    {
      "quarter": "2024-06 (Q2)",
      "signal": "YoY REVENUE GROWTH ACCELERATION",
      "detail": "YoY growth: +12.2% vs prior quarter YoY: +5.2% (accel: +7.0%)",
      "severity": "MEDIUM"
    },
    {
      "quarter": "2024-03 (Q1)",
      "signal": "INCREMENTAL MARGIN (YoY)",
      "detail": "YoY Incr OPM: +98.8% vs year-ago OPM: +22.6%",
      "severity": "HIGH"
    },
    {
      "quarter": "2023-09 (Q3)",
      "signal": "YoY REVENUE GROWTH ACCELERATION",
      "detail": "YoY growth: +6.9% vs prior quarter YoY: +1.4% (accel: +5.5%)",
      "severity": "MEDIUM"
    },
    {
      "quarter": "2023-09 (Q3)",
      "signal": "INCREMENTAL MARGIN (YoY)",
      "detail": "YoY Incr OPM: +120.6% vs year-ago OPM: +22.6%",
      "severity": "HIGH"
    },
    {
      "quarter": "2023-06 (Q2)",
      "signal": "FCF MARGIN EXPANSION",
      "detail": "FCF margin: +8.4% -> +20.8% (+12.4%)",
      "severity": "MEDIUM"
    },
    {
      "quarter": "2023-06 (Q2)",
      "signal": "YoY REVENUE GROWTH DECELERATION",
      "detail": "YoY growth: +1.4% vs prior quarter YoY: +9.8% (decel: -8.4%)",
      "severity": "WARNING"
    },
    {
      "quarter": "2023-06 (Q2)",
      "signal": "INCREMENTAL MARGIN (YoY)",
      "detail": "YoY Incr OPM: +350.0% vs year-ago OPM: +22.3%",
      "severity": "HIGH"
    },
    {
      "quarter": "2022-12 (Q4)",
      "signal": "INCREMENTAL MARGIN (YoY)",
      "detail": "YoY Incr OPM: +68.6% vs year-ago OPM: +19.6%",
      "severity": "HIGH"
    },
    {
      "quarter": "2022-06 (Q2)",
      "signal": "FCF MARGIN EXPANSION",
      "detail": "FCF margin: +5.9% -> +14.5% (+8.5%)",
      "severity": "MEDIUM"
    },
    {
      "quarter": "2022-03 (Q1)",
      "signal": "YoY REVENUE GROWTH DECELERATION",
      "detail": "YoY growth: +12.2% vs prior quarter YoY: +18.3% (decel: -6.2%)",
      "severity": "WARNING"
    },
    {
      "quarter": "2021-06 (Q2)",
      "signal": "FCF MARGIN EXPANSION",
      "detail": "FCF margin: +7.8% -> +22.2% (+14.5%)",
      "severity": "MEDIUM"
    }
  ],
  "data_quality": {
    "n_quarters": 20,
    "coverage": {
      "revenue": [
        20,
        20
      ],
      "gross_profit": [
        20,
        20
      ],
      "op_income": [
        20,
        20
      ],
      "fcf": [
        20,
        20
      ]
    },
    "gaps": [],
    "warnings": []
  },
  "market_cap": null,
  "source": "SEC EDGAR",
  "last_updated": "2026-02-02T20:45:24.324264",
  "sector": "Industrials",
  "industry": "Building Products & Equipment"
}