{
  "ticker": "AWK",
  "name": "American Water Works Company, Inc.",
  "quarters": [
    {
      "date": "2020-12-31T00:00:00",
      "quarter_label": "2020-12 (Q4)",
      "revenue": 926000000,
      "gross_profit": null,
      "operating_income": 263000000,
      "net_income": 145000000,
      "opex": 660000000,
      "cogs": null,
      "rd": null,
      "sga": null,
      "fcf": -70000000,
      "ocf": 438000000,
      "capex": -508000000,
      "gross_margin": null,
      "op_margin": 0.2840172786177106,
      "fcf_margin": -0.0755939524838013
    },
    {
      "date": "2021-03-31T00:00:00",
      "quarter_label": "2021-03 (Q1)",
      "revenue": 878000000,
      "gross_profit": null,
      "operating_income": 229000000,
      "net_income": 133000000,
      "opex": 659000000,
      "cogs": null,
      "rd": null,
      "sga": null,
      "fcf": -163000000,
      "ocf": 179000000,
      "capex": -342000000,
      "gross_margin": null,
      "op_margin": 0.2608200455580866,
      "fcf_margin": -0.1856492027334852,
      "fcf_margin_change": -0.1100552502496839
    },
    {
      "date": "2021-06-30T00:00:00",
      "quarter_label": "2021-06 (Q2)",
      "revenue": 990000000,
      "gross_profit": null,
      "operating_income": 330000000,
      "net_income": 207000000,
      "opex": 669000000,
      "cogs": null,
      "rd": null,
      "sga": null,
      "fcf": -69000000,
      "ocf": 341000000,
      "capex": -410000000,
      "gross_margin": null,
      "op_margin": 0.3333333333333333,
      "fcf_margin": -0.0696969696969697,
      "op_leverage_ratio": 8.406378132118451,
      "fcf_margin_change": 0.1159522330365155
    },
    {
      "date": "2021-09-30T00:00:00",
      "quarter_label": "2021-09 (Q3)",
      "revenue": 1094000000,
      "gross_profit": null,
      "operating_income": 417000000,
      "net_income": 278000000,
      "opex": 675000000,
      "cogs": null,
      "rd": null,
      "sga": null,
      "fcf": 56000000,
      "ocf": 509000000,
      "capex": -453000000,
      "gross_margin": null,
      "op_margin": 0.3811700182815356,
      "fcf_margin": 0.051188299817184646,
      "op_leverage_ratio": 11.713131313131314,
      "fcf_margin_change": 0.12088526951415435
    },
    {
      "date": "2021-12-31T00:00:00",
      "quarter_label": "2021-12 (Q4)",
      "revenue": 951000000,
      "gross_profit": null,
      "operating_income": 220000000,
      "net_income": 645000000,
      "opex": 731000000,
      "cogs": null,
      "rd": null,
      "sga": null,
      "fcf": -147000000,
      "ocf": 412000000,
      "capex": -559000000,
      "gross_margin": null,
      "op_margin": 0.231335436382755,
      "fcf_margin": -0.15457413249211358,
      "incr_op_margin_yoy": -1.72,
      "rev_growth_yoy": 0.026997840172786176,
      "fcf_margin_change": -0.20576243230929822
    },
    {
      "date": "2022-03-31T00:00:00",
      "quarter_label": "2022-03 (Q1)",
      "revenue": 838000000,
      "gross_profit": null,
      "operating_income": 246000000,
      "net_income": 158000000,
      "opex": 596000000,
      "cogs": null,
      "rd": null,
      "sga": null,
      "fcf": -270000000,
      "ocf": 154000000,
      "capex": -424000000,
      "gross_margin": null,
      "op_margin": 0.2935560859188544,
      "fcf_margin": -0.3221957040572792,
      "incr_op_margin_yoy": -0.425,
      "rev_growth_yoy": -0.04555808656036447,
      "rev_growth_yoy_accel": -0.07255592673315064,
      "fcf_margin_change": -0.16762157156516563
    },
    {
      "date": "2022-06-30T00:00:00",
      "quarter_label": "2022-06 (Q2)",
      "revenue": 930000000,
      "gross_profit": null,
      "operating_income": 327000000,
      "net_income": 218000000,
      "opex": 610000000,
      "cogs": null,
      "rd": null,
      "sga": null,
      "fcf": -529000000,
      "ocf": 42000000,
      "capex": -571000000,
      "gross_margin": null,
      "op_margin": 0.35161290322580646,
      "fcf_margin": -0.5688172043010753,
      "incr_op_margin_yoy": 0.05,
      "rev_growth_yoy": -0.06060606060606061,
      "rev_growth_yoy_accel": -0.01504797404569614,
      "op_leverage_ratio": 4.673712921922946,
      "fcf_margin_change": -0.2466215002437961
    },
    {
      "date": "2022-09-30T00:00:00",
      "quarter_label": "2022-09 (Q3)",
      "revenue": 1076000000,
      "gross_profit": null,
      "operating_income": 439000000,
      "net_income": 297000000,
      "opex": 643000000,
      "cogs": null,
      "rd": null,
      "sga": null,
      "fcf": -34000000,
      "ocf": 568000000,
      "capex": -602000000,
      "gross_margin": null,
      "op_margin": 0.4079925650557621,
      "fcf_margin": -0.031598513011152414,
      "incr_op_margin_yoy": -1.2222222222222223,
      "rev_growth_yoy": -0.016453382084095063,
      "rev_growth_yoy_accel": 0.04415267852196554,
      "op_leverage_ratio": 2.901922450309547,
      "fcf_margin_change": 0.5372186912899228
    },
    {
      "date": "2022-12-31T00:00:00",
      "quarter_label": "2022-12 (Q4)",
      "revenue": 922000000,
      "gross_profit": null,
      "operating_income": 261000000,
      "net_income": 147000000,
      "opex": 670000000,
      "cogs": null,
      "rd": null,
      "sga": null,
      "fcf": -356000000,
      "ocf": 344000000,
      "capex": -700000000,
      "gross_margin": null,
      "op_margin": 0.28308026030368766,
      "fcf_margin": -0.38611713665943603,
      "incr_op_margin_yoy": -1.4137931034482758,
      "rev_growth_yoy": -0.030494216614090432,
      "rev_growth_yoy_accel": -0.014040834529995369,
      "fcf_margin_change": -0.3545186236482836
    },
    {
      "date": "2023-03-31T00:00:00",
      "quarter_label": "2023-03 (Q1)",
      "revenue": 925000000,
      "gross_profit": null,
      "operating_income": 295000000,
      "net_income": 170000000,
      "opex": 643000000,
      "cogs": null,
      "rd": null,
      "sga": null,
      "fcf": -241000000,
      "ocf": 285000000,
      "capex": -526000000,
      "gross_margin": null,
      "op_margin": 0.31891891891891894,
      "fcf_margin": -0.26054054054054054,
      "incr_op_margin_yoy": 0.5632183908045977,
      "rev_growth_yoy": 0.10381861575178998,
      "rev_growth_yoy_accel": 0.1343128323658804,
      "fcf_margin_change": 0.1255765961188955
    },
    {
      "date": "2023-06-30T00:00:00",
      "quarter_label": "2023-06 (Q2)",
      "revenue": 1088000000,
      "gross_profit": null,
      "operating_income": 432000000,
      "net_income": 280000000,
      "opex": 665000000,
      "cogs": null,
      "rd": null,
      "sga": null,
      "fcf": -198000000,
      "ocf": 429000000,
      "capex": -627000000,
      "gross_margin": null,
      "op_margin": 0.39705882352941174,
      "fcf_margin": -0.18198529411764705,
      "incr_op_margin_yoy": 0.6645569620253164,
      "rev_growth_yoy": 0.16989247311827957,
      "rev_growth_yoy_accel": 0.06607385736648959,
      "op_leverage_ratio": 5.150319410319411,
      "fcf_margin_change": 0.0785552464228935
    },
    {
      "date": "2023-09-30T00:00:00",
      "quarter_label": "2023-09 (Q3)",
      "revenue": 1170000000,
      "gross_profit": null,
      "operating_income": 478000000,
      "net_income": 323000000,
      "opex": 689000000,
      "cogs": null,
      "rd": null,
      "sga": null,
      "fcf": 7000000,
      "ocf": 633000000,
      "capex": -626000000,
      "gross_margin": null,
      "op_margin": 0.40854700854700854,
      "fcf_margin": 0.005982905982905983,
      "incr_op_margin_yoy": 0.4148936170212766,
      "rev_growth_yoy": 0.08736059479553904,
      "rev_growth_yoy_accel": -0.08253187832274053,
      "op_leverage_ratio": 2.0883118872549016,
      "fcf_margin_change": 0.18796820010055304
    },
    {
      "date": "2023-12-31T00:00:00",
      "quarter_label": "2023-12 (Q4)",
      "revenue": 1032000000,
      "gross_profit": null,
      "operating_income": 299000000,
      "net_income": 171000000,
      "opex": 733000000,
      "cogs": null,
      "rd": null,
      "sga": null,
      "fcf": -269000000,
      "ocf": 527000000,
      "capex": -796000000,
      "gross_margin": null,
      "op_margin": 0.28972868217054265,
      "fcf_margin": -0.2606589147286822,
      "incr_op_margin_yoy": 0.34545454545454546,
      "rev_growth_yoy": 0.1193058568329718,
      "rev_growth_yoy_accel": 0.03194526203743277,
      "fcf_margin_change": -0.26664182071158815
    },
    {
      "date": "2024-03-31T00:00:00",
      "quarter_label": "2024-03 (Q1)",
      "revenue": 1003000000,
      "gross_profit": null,
      "operating_income": 326000000,
      "net_income": 185000000,
      "opex": 685000000,
      "cogs": null,
      "rd": null,
      "sga": null,
      "fcf": -227000000,
      "ocf": 382000000,
      "capex": -609000000,
      "gross_margin": null,
      "op_margin": 0.325024925224327,
      "fcf_margin": -0.226321036889332,
      "incr_op_margin_yoy": 0.3974358974358974,
      "rev_growth_yoy": 0.08432432432432432,
      "rev_growth_yoy_accel": -0.03498153250864748,
      "fcf_margin_change": 0.03433787783935019
    },
    {
      "date": "2024-06-30T00:00:00",
      "quarter_label": "2024-06 (Q2)",
      "revenue": 1140000000,
      "gross_profit": null,
      "operating_income": 449000000,
      "net_income": 277000000,
      "opex": 700000000,
      "cogs": null,
      "rd": null,
      "sga": null,
      "fcf": -325000000,
      "ocf": 345000000,
      "capex": -670000000,
      "gross_margin": null,
      "op_margin": 0.393859649122807,
      "fcf_margin": -0.2850877192982456,
      "incr_op_margin_yoy": 0.3269230769230769,
      "rev_growth_yoy": 0.04779411764705882,
      "rev_growth_yoy_accel": -0.0365302066772655,
      "op_leverage_ratio": 6.23762047191758,
      "fcf_margin_change": -0.05876668240891361
    },
    {
      "date": "2024-09-30T00:00:00",
      "quarter_label": "2024-09 (Q3)",
      "revenue": 1328000000,
      "gross_profit": null,
      "operating_income": 543000000,
      "net_income": 350000000,
      "opex": 780000000,
      "cogs": null,
      "rd": null,
      "sga": null,
      "fcf": -4000000,
      "ocf": 679000000,
      "capex": -683000000,
      "gross_margin": null,
      "op_margin": 0.4088855421686747,
      "fcf_margin": -0.0030120481927710845,
      "incr_op_margin_yoy": 0.41139240506329117,
      "rev_growth_yoy": 0.13504273504273503,
      "rev_growth_yoy_accel": 0.08724861739567621,
      "op_leverage_ratio": 1.442982456140351,
      "fcf_margin_change": 0.28207567110547455
    },
    {
      "date": "2024-12-31T00:00:00",
      "quarter_label": "2024-12 (Q4)",
      "revenue": 1178000000,
      "gross_profit": null,
      "operating_income": 400000000,
      "net_income": 239000000,
      "opex": 801000000,
      "cogs": null,
      "rd": null,
      "sga": null,
      "fcf": -255000000,
      "ocf": 639000000,
      "capex": -894000000,
      "gross_margin": null,
      "op_margin": 0.3395585738539898,
      "fcf_margin": -0.2164685908319185,
      "incr_op_margin_yoy": 0.6917808219178082,
      "rev_growth_yoy": 0.14147286821705427,
      "rev_growth_yoy_accel": 0.00643013317431923,
      "fcf_margin_change": -0.2134565426391474
    },
    {
      "date": "2025-03-31T00:00:00",
      "quarter_label": "2025-03 (Q1)",
      "revenue": 1134000000,
      "gross_profit": null,
      "operating_income": 371000000,
      "net_income": 205000000,
      "opex": 771000000,
      "cogs": null,
      "rd": null,
      "sga": null,
      "fcf": -217000000,
      "ocf": 331000000,
      "capex": -548000000,
      "gross_margin": null,
      "op_margin": 0.3271604938271605,
      "fcf_margin": -0.19135802469135801,
      "incr_op_margin_yoy": 0.3435114503816794,
      "rev_growth_yoy": 0.13060817547357925,
      "rev_growth_yoy_accel": -0.010864692743475013,
      "fcf_margin_change": 0.02511056614056048
    },
    {
      "date": "2025-06-30T00:00:00",
      "quarter_label": "2025-06 (Q2)",
      "revenue": 1272000000,
      "gross_profit": null,
      "operating_income": 489000000,
      "net_income": 289000000,
      "opex": 787000000,
      "cogs": null,
      "rd": null,
      "sga": null,
      "fcf": -432000000,
      "ocf": 301000000,
      "capex": -733000000,
      "gross_margin": null,
      "op_margin": 0.38443396226415094,
      "fcf_margin": -0.33962264150943394,
      "incr_op_margin_yoy": 0.30303030303030304,
      "rev_growth_yoy": 0.11578947368421053,
      "rev_growth_yoy_accel": -0.014818701789368727,
      "op_leverage_ratio": 5.864087301587301,
      "fcf_margin_change": -0.14826461681807593
    },
    {
      "date": "2025-09-30T00:00:00",
      "quarter_label": "2025-09 (Q3)",
      "revenue": 1454000000,
      "gross_profit": null,
      "operating_income": 614000000,
      "net_income": 379000000,
      "opex": 837000000,
      "cogs": null,
      "rd": null,
      "sga": null,
      "fcf": -33000000,
      "ocf": 764000000,
      "capex": -797000000,
      "gross_margin": null,
      "op_margin": 0.422283356258597,
      "fcf_margin": -0.02269601100412655,
      "incr_op_margin_yoy": 0.5634920634920635,
      "rev_growth_yoy": 0.09487951807228916,
      "rev_growth_yoy_accel": -0.02090995561192137,
      "op_leverage_ratio": 2.2521069182389937,
      "fcf_margin_change": 0.3169266305053074
    }
  ],
  "signals": [
    {
      "quarter": "2025-09 (Q3)",
      "signal": "FCF MARGIN EXPANSION",
      "detail": "FCF margin: -34.0% -> -2.3% (+31.7%)",
      "severity": "MEDIUM"
    },
    {
      "quarter": "2025-09 (Q3)",
      "signal": "OPERATING LEVERAGE",
      "detail": "Rev growth +14.3% vs OpEx growth +6.4% (leverage: 2.3x)",
      "severity": "MEDIUM"
    },
    {
      "quarter": "2025-09 (Q3)",
      "signal": "INCREMENTAL MARGIN (YoY)",
      "detail": "YoY Incr OPM: +56.3% vs year-ago OPM: +40.9%",
      "severity": "MEDIUM"
    },
    {
      "quarter": "2025-06 (Q2)",
      "signal": "OPERATING LEVERAGE",
      "detail": "Rev growth +12.2% vs OpEx growth +2.1% (leverage: 5.9x)",
      "severity": "MEDIUM"
    },
    {
      "quarter": "2024-12 (Q4)",
      "signal": "INCREMENTAL MARGIN (YoY)",
      "detail": "YoY Incr OPM: +69.2% vs year-ago OPM: +29.0%",
      "severity": "HIGH"
    },
    {
      "quarter": "2024-09 (Q3)",
      "signal": "FCF MARGIN EXPANSION",
      "detail": "FCF margin: -28.5% -> -0.3% (+28.2%)",
      "severity": "MEDIUM"
    },
    {
      "quarter": "2024-09 (Q3)",
      "signal": "YoY REVENUE GROWTH ACCELERATION",
      "detail": "YoY growth: +13.5% vs prior quarter YoY: +4.8% (accel: +8.7%)",
      "severity": "MEDIUM"
    },
    {
      "quarter": "2024-06 (Q2)",
      "signal": "OPERATING LEVERAGE",
      "detail": "Rev growth +13.7% vs OpEx growth +2.2% (leverage: 6.2x)",
      "severity": "MEDIUM"
    },
    {
      "quarter": "2023-09 (Q3)",
      "signal": "FCF TURNED POSITIVE",
      "detail": "FCF margin: -18.2% -> +0.6%",
      "severity": "HIGH"
    },
    {
      "quarter": "2023-09 (Q3)",
      "signal": "OPERATING LEVERAGE",
      "detail": "Rev growth +7.5% vs OpEx growth +3.6% (leverage: 2.1x)",
      "severity": "MEDIUM"
    },
    {
      "quarter": "2023-09 (Q3)",
      "signal": "YoY REVENUE GROWTH DECELERATION",
      "detail": "YoY growth: +8.7% vs prior quarter YoY: +17.0% (decel: -8.3%)",
      "severity": "WARNING"
    },
    {
      "quarter": "2023-06 (Q2)",
      "signal": "FCF MARGIN EXPANSION",
      "detail": "FCF margin: -26.1% -> -18.2% (+7.9%)",
      "severity": "MEDIUM"
    },
    {
      "quarter": "2023-06 (Q2)",
      "signal": "OPERATING LEVERAGE",
      "detail": "Rev growth +17.6% vs OpEx growth +3.4% (leverage: 5.2x)",
      "severity": "MEDIUM"
    },
    {
      "quarter": "2023-06 (Q2)",
      "signal": "YoY REVENUE GROWTH ACCELERATION",
      "detail": "YoY growth: +17.0% vs prior quarter YoY: +10.4% (accel: +6.6%)",
      "severity": "MEDIUM"
    },
    {
      "quarter": "2023-06 (Q2)",
      "signal": "INCREMENTAL MARGIN (YoY)",
      "detail": "YoY Incr OPM: +66.5% vs year-ago OPM: +35.2%",
      "severity": "HIGH"
    },
    {
      "quarter": "2023-03 (Q1)",
      "signal": "FCF MARGIN EXPANSION",
      "detail": "FCF margin: -38.6% -> -26.1% (+12.6%)",
      "severity": "MEDIUM"
    },
    {
      "quarter": "2023-03 (Q1)",
      "signal": "YoY REVENUE GROWTH ACCELERATION",
      "detail": "YoY growth: +10.4% vs prior quarter YoY: -3.0% (accel: +13.4%)",
      "severity": "MEDIUM"
    },
    {
      "quarter": "2023-03 (Q1)",
      "signal": "INCREMENTAL MARGIN (YoY)",
      "detail": "YoY Incr OPM: +56.3% vs year-ago OPM: +29.4%",
      "severity": "HIGH"
    },
    {
      "quarter": "2022-09 (Q3)",
      "signal": "FCF MARGIN EXPANSION",
      "detail": "FCF margin: -56.9% -> -3.2% (+53.7%)",
      "severity": "MEDIUM"
    },
    {
      "quarter": "2022-09 (Q3)",
      "signal": "OPERATING LEVERAGE",
      "detail": "Rev growth +15.7% vs OpEx growth +5.4% (leverage: 2.9x)",
      "severity": "MEDIUM"
    },
    {
      "quarter": "2022-06 (Q2)",
      "signal": "OPERATING LEVERAGE",
      "detail": "Rev growth +11.0% vs OpEx growth +2.3% (leverage: 4.7x)",
      "severity": "MEDIUM"
    },
    {
      "quarter": "2022-03 (Q1)",
      "signal": "YoY REVENUE GROWTH DECELERATION",
      "detail": "YoY growth: -4.6% vs prior quarter YoY: +2.7% (decel: -7.3%)",
      "severity": "WARNING"
    },
    {
      "quarter": "2021-09 (Q3)",
      "signal": "FCF TURNED POSITIVE",
      "detail": "FCF margin: -7.0% -> +5.1%",
      "severity": "HIGH"
    },
    {
      "quarter": "2021-09 (Q3)",
      "signal": "OPERATING LEVERAGE",
      "detail": "Rev growth +10.5% vs OpEx growth +0.9% (leverage: 11.7x)",
      "severity": "MEDIUM"
    },
    {
      "quarter": "2021-06 (Q2)",
      "signal": "FCF MARGIN EXPANSION",
      "detail": "FCF margin: -18.6% -> -7.0% (+11.6%)",
      "severity": "MEDIUM"
    },
    {
      "quarter": "2021-06 (Q2)",
      "signal": "OPERATING LEVERAGE",
      "detail": "Rev growth +12.8% vs OpEx growth +1.5% (leverage: 8.4x)",
      "severity": "MEDIUM"
    }
  ],
  "data_quality": {
    "n_quarters": 20,
    "coverage": {
      "revenue": [
        20,
        20
      ],
      "gross_profit": [
        0,
        20
      ],
      "op_income": [
        20,
        20
      ],
      "fcf": [
        20,
        20
      ]
    },
    "gaps": [],
    "warnings": [
      "gross_profit: no data"
    ]
  },
  "market_cap": null,
  "source": "SEC EDGAR",
  "last_updated": "2026-02-02T20:12:50.775561"
}