{
  "ticker": "AWR",
  "name": "AMERICAN STATES WATER COMPANY",
  "sector": "Utilities",
  "industry": "Utilities - Regulated Water",
  "quarters": [
    {
      "date": "2021-03-31T00:00:00",
      "quarter_label": "2021-03 (Q1)",
      "revenue": 117060000,
      "gross_profit": null,
      "operating_income": 30329000,
      "net_income": 19268000,
      "opex": 86731000,
      "cogs": null,
      "rd": null,
      "sga": null,
      "fcf": -12417000,
      "ocf": 24676000,
      "capex": -37093000,
      "gross_margin": null,
      "op_margin": 0.2590893558858705,
      "fcf_margin": -0.10607380830343413
    },
    {
      "date": "2021-06-30T00:00:00",
      "quarter_label": "2021-06 (Q2)",
      "revenue": 128414000,
      "gross_profit": null,
      "operating_income": 37847000,
      "net_income": 26576000,
      "opex": 90567000,
      "cogs": null,
      "rd": null,
      "sga": null,
      "fcf": -22586000,
      "ocf": 16468000,
      "capex": -39054000,
      "gross_margin": null,
      "op_margin": 0.2947264316974785,
      "fcf_margin": -0.17588424938090863,
      "op_leverage_ratio": 2.192987344439996,
      "fcf_margin_change": -0.0698104410774745
    },
    {
      "date": "2021-09-30T00:00:00",
      "quarter_label": "2021-09 (Q3)",
      "revenue": 136755000,
      "gross_profit": null,
      "operating_income": 42784000,
      "net_income": 28153000,
      "opex": 93971000,
      "cogs": null,
      "rd": null,
      "sga": null,
      "fcf": 10205000,
      "ocf": 40779000,
      "capex": -30574000,
      "gross_margin": null,
      "op_margin": 0.31285144967277245,
      "fcf_margin": 0.07462250009140434,
      "op_leverage_ratio": 1.728168869921073,
      "fcf_margin_change": 0.250506749472313
    },
    {
      "date": "2021-12-31T00:00:00",
      "quarter_label": "2021-12 (Q4)",
      "revenue": 116624000,
      "gross_profit": null,
      "operating_income": 30017000,
      "net_income": 20350000,
      "opex": null,
      "cogs": null,
      "rd": null,
      "sga": null,
      "fcf": -4133000,
      "ocf": 33661000,
      "capex": -37794000,
      "gross_margin": null,
      "op_margin": 0.2573826999588421,
      "fcf_margin": -0.03543867471532446,
      "fcf_margin_change": -0.1100611748067288
    },
    {
      "date": "2022-03-31T00:00:00",
      "quarter_label": "2022-03 (Q1)",
      "revenue": 108570000,
      "gross_profit": null,
      "operating_income": 24365000,
      "net_income": 14162000,
      "opex": 84205000,
      "cogs": null,
      "rd": null,
      "sga": null,
      "fcf": 2856000,
      "ocf": 38026000,
      "capex": -35170000,
      "gross_margin": null,
      "op_margin": 0.22441742654508612,
      "fcf_margin": 0.02630560928433269,
      "incr_op_margin_yoy": 0.7024734982332156,
      "rev_growth_yoy": -0.0725269092772937,
      "fcf_margin_change": 0.06174428399965715
    },
    {
      "date": "2022-06-30T00:00:00",
      "quarter_label": "2022-06 (Q2)",
      "revenue": 122607000,
      "gross_profit": null,
      "operating_income": 34317000,
      "net_income": 19951000,
      "opex": 88290000,
      "cogs": null,
      "rd": null,
      "sga": null,
      "fcf": -22503000,
      "ocf": 18879000,
      "capex": -41382000,
      "gross_margin": null,
      "op_margin": 0.27989429641048225,
      "fcf_margin": -0.18353764466955394,
      "incr_op_margin_yoy": 0.607887032891338,
      "rev_growth_yoy": -0.045220926067251234,
      "rev_growth_yoy_accel": 0.02730598321004247,
      "op_leverage_ratio": 2.665080191820471,
      "fcf_margin_change": -0.20984325395388664
    },
    {
      "date": "2022-09-30T00:00:00",
      "quarter_label": "2022-09 (Q3)",
      "revenue": 134984000,
      "gross_profit": null,
      "operating_income": 40340000,
      "net_income": 25654000,
      "opex": 94644000,
      "cogs": null,
      "rd": null,
      "sga": null,
      "fcf": -12476000,
      "ocf": 33028000,
      "capex": -45504000,
      "gross_margin": null,
      "op_margin": 0.2988502341018195,
      "fcf_margin": -0.09242576898002726,
      "incr_op_margin_yoy": 1.3800112930547712,
      "rev_growth_yoy": -0.012950166355891924,
      "rev_growth_yoy_accel": 0.03227075971135931,
      "op_leverage_ratio": 1.402698818591039,
      "fcf_margin_change": 0.09111187568952668
    },
    {
      "date": "2022-12-31T00:00:00",
      "quarter_label": "2022-12 (Q4)",
      "revenue": 125367000,
      "gross_profit": null,
      "operating_income": 27614000,
      "net_income": 18629000,
      "opex": null,
      "cogs": null,
      "rd": null,
      "sga": null,
      "fcf": -16318000,
      "ocf": 27866000,
      "capex": -44184000,
      "gross_margin": null,
      "op_margin": 0.22026530107604075,
      "fcf_margin": -0.1301618448235979,
      "incr_op_margin_yoy": -0.2748484501887224,
      "rev_growth_yoy": 0.07496741665523392,
      "rev_growth_yoy_accel": 0.08791758301112584,
      "fcf_margin_change": -0.03773607584357065
    },
    {
      "date": "2023-03-31T00:00:00",
      "quarter_label": "2023-03 (Q1)",
      "revenue": 161423000,
      "gross_profit": null,
      "operating_income": 51165000,
      "net_income": 34407000,
      "opex": 110258000,
      "cogs": null,
      "rd": null,
      "sga": null,
      "fcf": -42373000,
      "ocf": 6964000,
      "capex": -49337000,
      "gross_margin": null,
      "op_margin": 0.316962266839298,
      "fcf_margin": -0.26249667023906137,
      "incr_op_margin_yoy": 0.5070667700981969,
      "rev_growth_yoy": 0.4868103527677996,
      "rev_growth_yoy_accel": 0.41184293611256567,
      "fcf_margin_change": -0.13233482541546346
    },
    {
      "date": "2023-06-30T00:00:00",
      "quarter_label": "2023-06 (Q2)",
      "revenue": 157400000,
      "gross_profit": null,
      "operating_income": 58945000,
      "net_income": 38521000,
      "opex": 98455000,
      "cogs": null,
      "rd": null,
      "sga": null,
      "fcf": -28512000,
      "ocf": 10800000,
      "capex": -39312000,
      "gross_margin": null,
      "op_margin": 0.3744917407878018,
      "fcf_margin": -0.181143583227446,
      "incr_op_margin_yoy": 0.7078435317448912,
      "rev_growth_yoy": 0.28377661960573214,
      "rev_growth_yoy_accel": -0.20303373316206746,
      "fcf_margin_change": 0.08135308701161537
    },
    {
      "date": "2023-09-30T00:00:00",
      "quarter_label": "2023-09 (Q3)",
      "revenue": 151696000,
      "gross_profit": null,
      "operating_income": 51751000,
      "net_income": 31565000,
      "opex": 99945000,
      "cogs": null,
      "rd": null,
      "sga": null,
      "fcf": -8728000,
      "ocf": 38754000,
      "capex": -47482000,
      "gross_margin": null,
      "op_margin": 0.3411494040713005,
      "fcf_margin": -0.05753612488134163,
      "incr_op_margin_yoy": 0.6828027764480613,
      "rev_growth_yoy": 0.12380726604634623,
      "rev_growth_yoy_accel": -0.1599693535593859,
      "fcf_margin_change": 0.12360745834610437
    },
    {
      "date": "2023-12-31T00:00:00",
      "quarter_label": "2023-12 (Q4)",
      "revenue": 125180000,
      "gross_profit": null,
      "operating_income": 34879000,
      "net_income": 20428000,
      "opex": null,
      "cogs": null,
      "rd": null,
      "sga": null,
      "fcf": -41244000,
      "ocf": 11165000,
      "capex": -52409000,
      "gross_margin": null,
      "op_margin": 0.27863077168876815,
      "fcf_margin": -0.3294775523246525,
      "rev_growth_yoy": -0.001491620601912784,
      "rev_growth_yoy_accel": -0.12529888664825903,
      "fcf_margin_change": -0.27194142744331085
    },
    {
      "date": "2024-03-31T00:00:00",
      "quarter_label": "2024-03 (Q1)",
      "revenue": 135251000,
      "gross_profit": 119549000,
      "operating_income": 38974000,
      "net_income": 23135000,
      "opex": 96277000,
      "cogs": 15702000,
      "rd": null,
      "sga": null,
      "fcf": -1739000,
      "ocf": 45811000,
      "capex": -47550000,
      "gross_margin": 0.883904740075859,
      "op_margin": 0.28816053116058293,
      "fcf_margin": -0.012857575914410984,
      "incr_op_margin_yoy": 0.4658031484028733,
      "rev_growth_yoy": -0.1621330293700402,
      "rev_growth_yoy_accel": -0.1606414087681274,
      "fcf_margin_change": 0.3166199764102415
    },
    {
      "date": "2024-06-30T00:00:00",
      "quarter_label": "2024-06 (Q2)",
      "revenue": 155328000,
      "gross_profit": 139131000,
      "operating_income": 51748000,
      "net_income": 31864000,
      "opex": 103580000,
      "cogs": 16197000,
      "rd": null,
      "sga": null,
      "fcf": -37044000,
      "ocf": 24704000,
      "capex": -61748000,
      "gross_margin": 0.8957238875154512,
      "op_margin": 0.3331530696332921,
      "fcf_margin": -0.23848887515451175,
      "incr_op_margin_yoy": 3.4734555984555984,
      "rev_growth_yoy": -0.013163913595933927,
      "rev_growth_yoy_accel": 0.14896911577410626,
      "op_leverage_ratio": 1.9569493380650387,
      "fcf_margin_change": -0.22563129924010078
    },
    {
      "date": "2024-09-30T00:00:00",
      "quarter_label": "2024-09 (Q3)",
      "revenue": 161782000,
      "gross_profit": 150032000,
      "operating_income": 55068000,
      "net_income": 35834000,
      "opex": 106714000,
      "cogs": 11750000,
      "rd": null,
      "sga": null,
      "fcf": -478000,
      "ocf": 63701000,
      "capex": -64179000,
      "gross_margin": 0.9273714010211273,
      "op_margin": 0.3403839734951972,
      "fcf_margin": -0.0029545932180341447,
      "incr_op_margin_yoy": 0.3288717033511799,
      "rev_growth_yoy": 0.06648823963716907,
      "rev_growth_yoy_accel": 0.079652153233103,
      "op_leverage_ratio": 1.373270608993852,
      "fcf_margin_change": 0.2355342819364776
    },
    {
      "date": "2024-12-31T00:00:00",
      "quarter_label": "2024-12 (Q4)",
      "revenue": 143098000,
      "gross_profit": 132203000,
      "operating_income": 38693000,
      "net_income": 28435000,
      "opex": 93510000,
      "cogs": 10895000,
      "rd": null,
      "sga": null,
      "fcf": 6033000,
      "ocf": 64516000,
      "capex": -58483000,
      "gross_margin": 0.9238633663643098,
      "op_margin": 0.270395113838069,
      "fcf_margin": 0.04215991837761534,
      "incr_op_margin_yoy": 0.21285857796629087,
      "rev_growth_yoy": 0.14313788145071096,
      "rev_growth_yoy_accel": 0.07664964181354189,
      "fcf_margin_change": 0.045114511595649484
    },
    {
      "date": "2025-03-31T00:00:00",
      "quarter_label": "2025-03 (Q1)",
      "revenue": 148013000,
      "gross_profit": 135080000,
      "operating_income": 45546000,
      "net_income": 26844000,
      "opex": 89534000,
      "cogs": 12933000,
      "rd": null,
      "sga": null,
      "fcf": -22504000,
      "ocf": 45061000,
      "capex": -67565000,
      "gross_margin": 0.9126225399120348,
      "op_margin": 0.3077162141163276,
      "fcf_margin": -0.15204069912777932,
      "incr_op_margin_yoy": 0.5149663062215953,
      "rev_growth_yoy": 0.09435789753865036,
      "rev_growth_yoy_accel": -0.04877998391206061,
      "op_leverage_ratio": null,
      "fcf_margin_change": -0.19420061750539466
    },
    {
      "date": "2025-06-30T00:00:00",
      "quarter_label": "2025-06 (Q2)",
      "revenue": 163066000,
      "gross_profit": 150176000,
      "operating_income": 50959000,
      "net_income": 33690000,
      "opex": 99217000,
      "cogs": 12890000,
      "rd": null,
      "sga": null,
      "fcf": 13659000,
      "ocf": 64575000,
      "capex": -50916000,
      "gross_margin": 0.9209522524621933,
      "op_margin": 0.31250536592545347,
      "fcf_margin": 0.08376362945065188,
      "incr_op_margin_yoy": -0.10196433186869992,
      "rev_growth_yoy": 0.049817161104243925,
      "rev_growth_yoy_accel": -0.04454073643440643,
      "op_leverage_ratio": 0.9403753921514798,
      "fcf_margin_change": 0.2358043285784312
    },
    {
      "date": "2025-09-30T00:00:00",
      "quarter_label": "2025-09 (Q3)",
      "revenue": 182716000,
      "gross_profit": 166206000,
      "operating_income": 61733000,
      "net_income": 41167000,
      "opex": 104473000,
      "cogs": 16510000,
      "rd": null,
      "sga": null,
      "fcf": 37732000,
      "ocf": 92378000,
      "capex": -54646000,
      "gross_margin": 0.9096411917949166,
      "op_margin": 0.3378631318549005,
      "fcf_margin": 0.20650627202872218,
      "incr_op_margin_yoy": 0.31838158020445206,
      "rev_growth_yoy": 0.12939634817223178,
      "rev_growth_yoy_accel": 0.07957918706798786,
      "op_leverage_ratio": 2.274730083798884,
      "fcf_margin_change": 0.1227426425780703
    },
    {
      "date": "2025-12-31T00:00:00",
      "quarter_label": "2025-12 (Q4)",
      "revenue": 164278000,
      "gross_profit": 146005000,
      "operating_income": 45037000,
      "net_income": 28741000,
      "opex": 100968000,
      "cogs": 18273000,
      "rd": null,
      "sga": null,
      "fcf": -35979000,
      "ocf": 27716000,
      "capex": -63695000,
      "gross_margin": 0.8887678204020015,
      "op_margin": 0.2741511340532512,
      "fcf_margin": -0.21901289277931313,
      "incr_op_margin_yoy": 0.2995278564683664,
      "rev_growth_yoy": 0.14801045437392557,
      "rev_growth_yoy_accel": 0.018614106201693792,
      "fcf_margin_change": -0.4255191648080353
    }
  ],
  "signals": [
    {
      "quarter": "2025-09 (Q3)",
      "signal": "FCF MARGIN EXPANSION",
      "detail": "FCF margin: +8.4% -> +20.7% (+12.3%)",
      "severity": "MEDIUM"
    },
    {
      "quarter": "2025-09 (Q3)",
      "signal": "OPERATING LEVERAGE",
      "detail": "Rev growth +12.1% vs OpEx growth +5.3% (leverage: 2.3x)",
      "severity": "MEDIUM"
    },
    {
      "quarter": "2025-09 (Q3)",
      "signal": "YoY REVENUE GROWTH ACCELERATION",
      "detail": "YoY growth: +12.9% vs prior quarter YoY: +5.0% (accel: +8.0%)",
      "severity": "MEDIUM"
    },
    {
      "quarter": "2025-06 (Q2)",
      "signal": "FCF TURNED POSITIVE",
      "detail": "FCF margin: -15.2% -> +8.4%",
      "severity": "HIGH"
    },
    {
      "quarter": "2025-03 (Q1)",
      "signal": "INCREMENTAL MARGIN (YoY)",
      "detail": "YoY Incr OPM: +51.5% vs year-ago OPM: +28.8%",
      "severity": "HIGH"
    },
    {
      "quarter": "2024-12 (Q4)",
      "signal": "FCF TURNED POSITIVE",
      "detail": "FCF margin: -0.3% -> +4.2%",
      "severity": "HIGH"
    },
    {
      "quarter": "2024-12 (Q4)",
      "signal": "YoY REVENUE GROWTH ACCELERATION",
      "detail": "YoY growth: +14.3% vs prior quarter YoY: +6.6% (accel: +7.7%)",
      "severity": "MEDIUM"
    },
    {
      "quarter": "2024-09 (Q3)",
      "signal": "FCF MARGIN EXPANSION",
      "detail": "FCF margin: -23.8% -> -0.3% (+23.6%)",
      "severity": "MEDIUM"
    },
    {
      "quarter": "2024-09 (Q3)",
      "signal": "YoY REVENUE GROWTH ACCELERATION",
      "detail": "YoY growth: +6.6% vs prior quarter YoY: -1.3% (accel: +8.0%)",
      "severity": "MEDIUM"
    },
    {
      "quarter": "2024-06 (Q2)",
      "signal": "OPERATING LEVERAGE",
      "detail": "Rev growth +14.8% vs OpEx growth +7.6% (leverage: 2.0x)",
      "severity": "MEDIUM"
    },
    {
      "quarter": "2024-06 (Q2)",
      "signal": "YoY REVENUE GROWTH ACCELERATION",
      "detail": "YoY growth: -1.3% vs prior quarter YoY: -16.2% (accel: +14.9%)",
      "severity": "MEDIUM"
    },
    {
      "quarter": "2024-06 (Q2)",
      "signal": "INCREMENTAL MARGIN (YoY)",
      "detail": "YoY Incr OPM: +347.3% vs year-ago OPM: +37.4%",
      "severity": "HIGH"
    },
    {
      "quarter": "2024-03 (Q1)",
      "signal": "FCF MARGIN EXPANSION",
      "detail": "FCF margin: -32.9% -> -1.3% (+31.7%)",
      "severity": "MEDIUM"
    },
    {
      "quarter": "2024-03 (Q1)",
      "signal": "YoY REVENUE GROWTH DECELERATION",
      "detail": "YoY growth: -16.2% vs prior quarter YoY: -0.1% (decel: -16.1%)",
      "severity": "WARNING"
    },
    {
      "quarter": "2024-03 (Q1)",
      "signal": "INCREMENTAL MARGIN (YoY)",
      "detail": "YoY Incr OPM: +46.6% vs year-ago OPM: +31.7%",
      "severity": "MEDIUM"
    },
    {
      "quarter": "2023-12 (Q4)",
      "signal": "YoY REVENUE GROWTH DECELERATION",
      "detail": "YoY growth: -0.1% vs prior quarter YoY: +12.4% (decel: -12.5%)",
      "severity": "WARNING"
    },
    {
      "quarter": "2023-09 (Q3)",
      "signal": "FCF MARGIN EXPANSION",
      "detail": "FCF margin: -18.1% -> -5.8% (+12.4%)",
      "severity": "MEDIUM"
    },
    {
      "quarter": "2023-09 (Q3)",
      "signal": "YoY REVENUE GROWTH DECELERATION",
      "detail": "YoY growth: +12.4% vs prior quarter YoY: +28.4% (decel: -16.0%)",
      "severity": "WARNING"
    },
    {
      "quarter": "2023-09 (Q3)",
      "signal": "INCREMENTAL MARGIN (YoY)",
      "detail": "YoY Incr OPM: +68.3% vs year-ago OPM: +29.9%",
      "severity": "HIGH"
    },
    {
      "quarter": "2023-06 (Q2)",
      "signal": "FCF MARGIN EXPANSION",
      "detail": "FCF margin: -26.2% -> -18.1% (+8.1%)",
      "severity": "MEDIUM"
    },
    {
      "quarter": "2023-06 (Q2)",
      "signal": "YoY REVENUE GROWTH DECELERATION",
      "detail": "YoY growth: +28.4% vs prior quarter YoY: +48.7% (decel: -20.3%)",
      "severity": "WARNING"
    },
    {
      "quarter": "2023-06 (Q2)",
      "signal": "INCREMENTAL MARGIN (YoY)",
      "detail": "YoY Incr OPM: +70.8% vs year-ago OPM: +28.0%",
      "severity": "HIGH"
    },
    {
      "quarter": "2023-03 (Q1)",
      "signal": "YoY REVENUE GROWTH ACCELERATION",
      "detail": "YoY growth: +48.7% vs prior quarter YoY: +7.5% (accel: +41.2%)",
      "severity": "HIGH"
    },
    {
      "quarter": "2023-03 (Q1)",
      "signal": "INCREMENTAL MARGIN (YoY)",
      "detail": "YoY Incr OPM: +50.7% vs year-ago OPM: +22.4%",
      "severity": "HIGH"
    },
    {
      "quarter": "2022-12 (Q4)",
      "signal": "YoY REVENUE GROWTH ACCELERATION",
      "detail": "YoY growth: +7.5% vs prior quarter YoY: -1.3% (accel: +8.8%)",
      "severity": "MEDIUM"
    },
    {
      "quarter": "2022-09 (Q3)",
      "signal": "FCF MARGIN EXPANSION",
      "detail": "FCF margin: -18.4% -> -9.2% (+9.1%)",
      "severity": "MEDIUM"
    },
    {
      "quarter": "2022-09 (Q3)",
      "signal": "INCREMENTAL MARGIN (YoY)",
      "detail": "YoY Incr OPM: +138.0% vs year-ago OPM: +31.3%",
      "severity": "HIGH"
    },
    {
      "quarter": "2022-06 (Q2)",
      "signal": "OPERATING LEVERAGE",
      "detail": "Rev growth +12.9% vs OpEx growth +4.9% (leverage: 2.7x)",
      "severity": "MEDIUM"
    },
    {
      "quarter": "2022-06 (Q2)",
      "signal": "INCREMENTAL MARGIN (YoY)",
      "detail": "YoY Incr OPM: +60.8% vs year-ago OPM: +29.5%",
      "severity": "HIGH"
    },
    {
      "quarter": "2022-03 (Q1)",
      "signal": "FCF TURNED POSITIVE",
      "detail": "FCF margin: -3.5% -> +2.6%",
      "severity": "HIGH"
    },
    {
      "quarter": "2022-03 (Q1)",
      "signal": "INCREMENTAL MARGIN (YoY)",
      "detail": "YoY Incr OPM: +70.2% vs year-ago OPM: +25.9%",
      "severity": "HIGH"
    },
    {
      "quarter": "2021-09 (Q3)",
      "signal": "FCF TURNED POSITIVE",
      "detail": "FCF margin: -17.6% -> +7.5%",
      "severity": "HIGH"
    },
    {
      "quarter": "2021-09 (Q3)",
      "signal": "OPERATING LEVERAGE",
      "detail": "Rev growth +6.5% vs OpEx growth +3.8% (leverage: 1.7x)",
      "severity": "MEDIUM"
    },
    {
      "quarter": "2021-06 (Q2)",
      "signal": "OPERATING LEVERAGE",
      "detail": "Rev growth +9.7% vs OpEx growth +4.4% (leverage: 2.2x)",
      "severity": "MEDIUM"
    }
  ],
  "data_quality": {
    "n_quarters": 20,
    "coverage": {
      "revenue": [
        20,
        20
      ],
      "gross_profit": [
        8,
        20
      ],
      "op_income": [
        20,
        20
      ],
      "fcf": [
        20,
        20
      ]
    },
    "gaps": [],
    "warnings": [
      "gross_profit: 8/20Q"
    ]
  },
  "market_cap": null,
  "source": "SEC EDGAR",
  "last_updated": "2026-02-24T10:29:13.027003"
}