{
  "ticker": "AWX",
  "name": "AVALON HOLDINGS CORPORATION",
  "quarters": [
    {
      "date": "2020-12-31T00:00:00",
      "quarter_label": "2020-12 (Q4)",
      "revenue": 14625000,
      "gross_profit": null,
      "operating_income": -116000,
      "net_income": 481000,
      "opex": null,
      "cogs": null,
      "rd": null,
      "sga": 2403000,
      "fcf": -558000,
      "ocf": 784000,
      "capex": -1342000,
      "gross_margin": null,
      "op_margin": -0.007931623931623931,
      "fcf_margin": -0.038153846153846156
    },
    {
      "date": "2021-03-31T00:00:00",
      "quarter_label": "2021-03 (Q1)",
      "revenue": 15113000,
      "gross_profit": null,
      "operating_income": -146000,
      "net_income": 716000,
      "opex": null,
      "cogs": null,
      "rd": null,
      "sga": 2280000,
      "fcf": -405000,
      "ocf": 263000,
      "capex": -668000,
      "gross_margin": null,
      "op_margin": -0.009660557136240323,
      "fcf_margin": -0.026798120823132404,
      "fcf_margin_change": 0.011355725330713752
    },
    {
      "date": "2021-06-30T00:00:00",
      "quarter_label": "2021-06 (Q2)",
      "revenue": 16390000,
      "gross_profit": null,
      "operating_income": 27000,
      "net_income": 742000,
      "opex": null,
      "cogs": null,
      "rd": null,
      "sga": 2536000,
      "fcf": 283000,
      "ocf": 1435000,
      "capex": -1152000,
      "gross_margin": null,
      "op_margin": 0.0016473459426479561,
      "fcf_margin": 0.017266625991458208,
      "fcf_margin_change": 0.04406474681459061
    },
    {
      "date": "2021-09-30T00:00:00",
      "quarter_label": "2021-09 (Q3)",
      "revenue": 21301000,
      "gross_profit": null,
      "operating_income": 1047000,
      "net_income": 983000,
      "opex": null,
      "cogs": null,
      "rd": null,
      "sga": 2743000,
      "fcf": -1037000,
      "ocf": 392000,
      "capex": -1429000,
      "gross_margin": null,
      "op_margin": 0.0491526219426318,
      "fcf_margin": -0.04868316041500399,
      "fcf_margin_change": -0.06594978640646221
    },
    {
      "date": "2021-12-31T00:00:00",
      "quarter_label": "2021-12 (Q4)",
      "revenue": 17579000,
      "gross_profit": null,
      "operating_income": -367000,
      "net_income": -470000,
      "opex": null,
      "cogs": null,
      "rd": null,
      "sga": 2319000,
      "fcf": -902000,
      "ocf": 273000,
      "capex": -1175000,
      "gross_margin": null,
      "op_margin": -0.0208771830024461,
      "fcf_margin": -0.05131122361909096,
      "incr_op_margin_yoy": -0.08496953283683141,
      "rev_growth_yoy": 0.20198290598290597,
      "fcf_margin_change": -0.0026280632040869695
    },
    {
      "date": "2022-03-31T00:00:00",
      "quarter_label": "2022-03 (Q1)",
      "revenue": 14309000,
      "gross_profit": null,
      "operating_income": -1166000,
      "net_income": -1262000,
      "opex": null,
      "cogs": null,
      "rd": null,
      "sga": 2265000,
      "fcf": -1686000,
      "ocf": -402000,
      "capex": -1284000,
      "gross_margin": null,
      "op_margin": -0.08148717590327766,
      "fcf_margin": -0.117827940457055,
      "rev_growth_yoy": -0.05319923244888507,
      "rev_growth_yoy_accel": -0.25518213843179105,
      "fcf_margin_change": -0.06651671683796404
    },
    {
      "date": "2022-06-30T00:00:00",
      "quarter_label": "2022-06 (Q2)",
      "revenue": 19522000,
      "gross_profit": null,
      "operating_income": 592000,
      "net_income": 484000,
      "opex": null,
      "cogs": null,
      "rd": null,
      "sga": 2340000,
      "fcf": 501000,
      "ocf": 2521000,
      "capex": -2020000,
      "gross_margin": null,
      "op_margin": 0.030324761807191885,
      "fcf_margin": 0.02566335416453232,
      "incr_op_margin_yoy": 0.18039591315453385,
      "rev_growth_yoy": 0.1910921293471629,
      "rev_growth_yoy_accel": 0.244291361796048,
      "fcf_margin_change": 0.14349129462158733
    },
    {
      "date": "2022-09-30T00:00:00",
      "quarter_label": "2022-09 (Q3)",
      "revenue": 25713000,
      "gross_profit": null,
      "operating_income": 1513000,
      "net_income": 1168000,
      "opex": null,
      "cogs": null,
      "rd": null,
      "sga": 2913000,
      "fcf": -2678000,
      "ocf": -750000,
      "capex": -1928000,
      "gross_margin": null,
      "op_margin": 0.05884183098043791,
      "fcf_margin": -0.1041496519270408,
      "incr_op_margin_yoy": 0.1056210335448776,
      "rev_growth_yoy": 0.20712642598939016,
      "rev_growth_yoy_accel": 0.016034296642227247,
      "fcf_margin_change": -0.12981300609157312
    },
    {
      "date": "2022-12-31T00:00:00",
      "quarter_label": "2022-12 (Q4)",
      "revenue": 21636000,
      "gross_profit": null,
      "operating_income": -592000,
      "net_income": -973000,
      "opex": null,
      "cogs": null,
      "rd": null,
      "sga": 2615000,
      "fcf": -271000,
      "ocf": 890000,
      "capex": -1161000,
      "gross_margin": null,
      "op_margin": -0.02736180440007395,
      "fcf_margin": -0.012525420595304123,
      "incr_op_margin_yoy": -0.0554596992851861,
      "rev_growth_yoy": 0.23078673417145457,
      "rev_growth_yoy_accel": 0.02366030818206441,
      "fcf_margin_change": 0.09162423133173668
    },
    {
      "date": "2023-03-31T00:00:00",
      "quarter_label": "2023-03 (Q1)",
      "revenue": 18375000,
      "gross_profit": null,
      "operating_income": -1334000,
      "net_income": -1677000,
      "opex": null,
      "cogs": null,
      "rd": null,
      "sga": 2530000,
      "fcf": -852000,
      "ocf": 246000,
      "capex": -1098000,
      "gross_margin": null,
      "op_margin": -0.07259863945578231,
      "fcf_margin": -0.04636734693877551,
      "incr_op_margin_yoy": -0.04131824889326119,
      "rev_growth_yoy": 0.28415682437626666,
      "rev_growth_yoy_accel": 0.05337009020481209,
      "fcf_margin_change": -0.03384192634347139
    },
    {
      "date": "2023-06-30T00:00:00",
      "quarter_label": "2023-06 (Q2)",
      "revenue": 20621000,
      "gross_profit": null,
      "operating_income": 143000,
      "net_income": -152000,
      "opex": null,
      "cogs": null,
      "rd": null,
      "sga": 2501000,
      "fcf": 1143000,
      "ocf": 2255000,
      "capex": -1112000,
      "gross_margin": null,
      "op_margin": 0.0069346782406284856,
      "fcf_margin": 0.05542893167159692,
      "incr_op_margin_yoy": -0.40855323020928114,
      "rev_growth_yoy": 0.05629546153058088,
      "rev_growth_yoy_accel": -0.22786136284568578,
      "fcf_margin_change": 0.10179627861037244
    },
    {
      "date": "2023-09-30T00:00:00",
      "quarter_label": "2023-09 (Q3)",
      "revenue": 23903000,
      "gross_profit": null,
      "operating_income": 1360000,
      "net_income": 885000,
      "opex": null,
      "cogs": null,
      "rd": null,
      "sga": 2815000,
      "fcf": -1324000,
      "ocf": -323000,
      "capex": -1001000,
      "gross_margin": null,
      "op_margin": 0.05689662385474627,
      "fcf_margin": -0.055390536752708865,
      "incr_op_margin_yoy": 0.08453038674033149,
      "rev_growth_yoy": -0.07039240850931436,
      "rev_growth_yoy_accel": -0.12668787003989523,
      "fcf_margin_change": -0.11081946842430579
    },
    {
      "date": "2023-12-31T00:00:00",
      "quarter_label": "2023-12 (Q4)",
      "revenue": 17617000,
      "gross_profit": null,
      "operating_income": -441000,
      "net_income": -831000,
      "opex": null,
      "cogs": null,
      "rd": null,
      "sga": 2381000,
      "fcf": -509000,
      "ocf": 177000,
      "capex": -686000,
      "gross_margin": null,
      "op_margin": -0.025032638928307885,
      "fcf_margin": -0.028892546971675086,
      "incr_op_margin_yoy": -0.03757153520776312,
      "rev_growth_yoy": -0.18575522277685338,
      "rev_growth_yoy_accel": -0.11536281426753903,
      "fcf_margin_change": 0.02649798978103378
    },
    {
      "date": "2024-03-31T00:00:00",
      "quarter_label": "2024-03 (Q1)",
      "revenue": 18858000,
      "gross_profit": 3063000,
      "operating_income": -513000,
      "net_income": -979000,
      "opex": 3576000,
      "cogs": 15795000,
      "rd": null,
      "sga": 2596000,
      "fcf": 56000,
      "ocf": 411000,
      "capex": -355000,
      "gross_margin": 0.16242443525294306,
      "op_margin": -0.027203308940502706,
      "fcf_margin": 0.002969561989606533,
      "rev_growth_yoy": 0.026285714285714287,
      "rev_growth_yoy_accel": 0.21204093706256766,
      "fcf_margin_change": 0.03186210896128162
    },
    {
      "date": "2024-06-30T00:00:00",
      "quarter_label": "2024-06 (Q2)",
      "revenue": 23057000,
      "gross_profit": 5104000,
      "operating_income": 1448000,
      "net_income": 954000,
      "opex": 3656000,
      "cogs": 17953000,
      "rd": null,
      "sga": 2654000,
      "fcf": 2851000,
      "ocf": 3199000,
      "capex": -348000,
      "gross_margin": 0.22136444463720345,
      "op_margin": 0.06280088476384613,
      "fcf_margin": 0.1236500845730147,
      "incr_op_margin_yoy": 0.5357142857142857,
      "rev_growth_yoy": 0.11813200135783909,
      "rev_growth_yoy_accel": 0.0918462870721248,
      "op_leverage_ratio": 9.953086223353484,
      "fcf_margin_change": 0.12068052258340817
    },
    {
      "date": "2024-09-30T00:00:00",
      "quarter_label": "2024-09 (Q3)",
      "revenue": 24235000,
      "gross_profit": 5968000,
      "operating_income": 2274000,
      "net_income": 1840000,
      "opex": 3694000,
      "cogs": 18267000,
      "rd": null,
      "sga": 2719000,
      "fcf": -660000,
      "ocf": 342000,
      "capex": -1002000,
      "gross_margin": 0.24625541572106457,
      "op_margin": 0.09383123581596864,
      "fcf_margin": -0.027233340210439445,
      "rev_growth_yoy": 0.013889469941011588,
      "rev_growth_yoy_accel": -0.1042425314168275,
      "op_leverage_ratio": 4.915470356074078,
      "fcf_margin_change": -0.15088342478345415
    },
    {
      "date": "2024-12-31T00:00:00",
      "quarter_label": "2024-12 (Q4)",
      "revenue": 17645000,
      "gross_profit": 3093000,
      "operating_income": -134000,
      "net_income": -497000,
      "opex": 3227000,
      "cogs": 14552000,
      "rd": null,
      "sga": 2278000,
      "fcf": -1127000,
      "ocf": -579000,
      "capex": -548000,
      "gross_margin": 0.17529045055256445,
      "op_margin": -0.0075942193255879855,
      "fcf_margin": -0.0638707849249079,
      "rev_growth_yoy": 0.0015893739002100244,
      "rev_growth_yoy_accel": -0.012300096040801563,
      "fcf_margin_change": -0.036637444714468455
    },
    {
      "date": "2025-03-31T00:00:00",
      "quarter_label": "2025-03 (Q1)",
      "revenue": 16068000,
      "gross_profit": 2377000,
      "operating_income": -1151000,
      "net_income": -1499000,
      "opex": 3528000,
      "cogs": 13691000,
      "rd": null,
      "sga": 2558000,
      "fcf": -1372000,
      "ocf": -982000,
      "capex": -390000,
      "gross_margin": 0.14793378142892705,
      "op_margin": -0.07163305949713716,
      "fcf_margin": -0.08538710480458053,
      "incr_op_margin_yoy": 0.22867383512544803,
      "rev_growth_yoy": -0.1479478205536112,
      "rev_growth_yoy_accel": -0.14953719445382122,
      "fcf_margin_change": -0.021516319879672632
    },
    {
      "date": "2025-06-30T00:00:00",
      "quarter_label": "2025-06 (Q2)",
      "revenue": 20252000,
      "gross_profit": 4168000,
      "operating_income": 750000,
      "net_income": 274000,
      "opex": 3418000,
      "cogs": 16084000,
      "rd": null,
      "sga": 2453000,
      "fcf": 2742000,
      "ocf": 3034000,
      "capex": -292000,
      "gross_margin": 0.20580683389294885,
      "op_margin": 0.03703337941931661,
      "fcf_margin": 0.13539403515702153,
      "incr_op_margin_yoy": 0.24884135472370766,
      "rev_growth_yoy": -0.12165502884156655,
      "rev_growth_yoy_accel": 0.02629279171204464,
      "op_leverage_ratio": Infinity,
      "fcf_margin_change": 0.22078113996160206
    },
    {
      "date": "2025-09-30T00:00:00",
      "quarter_label": "2025-09 (Q3)",
      "revenue": 25746000,
      "gross_profit": 6104000,
      "operating_income": 2346000,
      "net_income": 1902000,
      "opex": 3758000,
      "cogs": 19642000,
      "rd": null,
      "sga": 2826000,
      "fcf": 852000,
      "ocf": 1453000,
      "capex": -601000,
      "gross_margin": 0.23708537248504621,
      "op_margin": 0.09112095082731297,
      "fcf_margin": 0.03309251922628758,
      "incr_op_margin_yoy": 0.04765056254136334,
      "rev_growth_yoy": 0.06234784402723334,
      "rev_growth_yoy_accel": 0.1840028728687999,
      "op_leverage_ratio": 2.7271804672886337,
      "fcf_margin_change": -0.10230151593073394
    }
  ],
  "signals": [
    {
      "quarter": "2025-09 (Q3)",
      "signal": "OPERATING LEVERAGE",
      "detail": "Rev growth +27.1% vs OpEx growth +9.9% (leverage: 2.7x)",
      "severity": "MEDIUM"
    },
    {
      "quarter": "2025-09 (Q3)",
      "signal": "YoY REVENUE GROWTH ACCELERATION",
      "detail": "YoY growth: +6.2% vs prior quarter YoY: -12.2% (accel: +18.4%)",
      "severity": "HIGH"
    },
    {
      "quarter": "2025-06 (Q2)",
      "signal": "FCF TURNED POSITIVE",
      "detail": "FCF margin: -8.5% -> +13.5%",
      "severity": "HIGH"
    },
    {
      "quarter": "2025-06 (Q2)",
      "signal": "GROSS MARGIN INFLECTION",
      "detail": "GM: +17.5% -> +14.8% -> +20.6% (reversal +5.8%)",
      "severity": "HIGH"
    },
    {
      "quarter": "2025-06 (Q2)",
      "signal": "INCREMENTAL MARGIN (YoY)",
      "detail": "YoY Incr OPM: +24.9% vs year-ago OPM: +6.3%",
      "severity": "MEDIUM"
    },
    {
      "quarter": "2025-06 (Q2)",
      "signal": "OP MARGIN TURNED POSITIVE (QoQ)",
      "detail": "Op margin: -7.2% -> +3.7%",
      "severity": "HIGH"
    },
    {
      "quarter": "2025-03 (Q1)",
      "signal": "YoY REVENUE GROWTH DECELERATION",
      "detail": "YoY growth: -14.8% vs prior quarter YoY: +0.2% (decel: -15.0%)",
      "severity": "WARNING"
    },
    {
      "quarter": "2024-09 (Q3)",
      "signal": "OPERATING LEVERAGE",
      "detail": "Rev growth +5.1% vs OpEx growth +1.0% (leverage: 4.9x)",
      "severity": "MEDIUM"
    },
    {
      "quarter": "2024-09 (Q3)",
      "signal": "YoY REVENUE GROWTH DECELERATION",
      "detail": "YoY growth: +1.4% vs prior quarter YoY: +11.8% (decel: -10.4%)",
      "severity": "WARNING"
    },
    {
      "quarter": "2024-06 (Q2)",
      "signal": "FCF MARGIN EXPANSION",
      "detail": "FCF margin: +0.3% -> +12.4% (+12.1%)",
      "severity": "MEDIUM"
    },
    {
      "quarter": "2024-06 (Q2)",
      "signal": "OPERATING LEVERAGE",
      "detail": "Rev growth +22.3% vs OpEx growth +2.2% (leverage: 10.0x)",
      "severity": "MEDIUM"
    },
    {
      "quarter": "2024-06 (Q2)",
      "signal": "YoY REVENUE GROWTH ACCELERATION",
      "detail": "YoY growth: +11.8% vs prior quarter YoY: +2.6% (accel: +9.2%)",
      "severity": "MEDIUM"
    },
    {
      "quarter": "2024-06 (Q2)",
      "signal": "INCREMENTAL MARGIN (YoY)",
      "detail": "YoY Incr OPM: +53.6% vs year-ago OPM: +0.7%",
      "severity": "HIGH"
    },
    {
      "quarter": "2024-06 (Q2)",
      "signal": "OP MARGIN TURNED POSITIVE (QoQ)",
      "detail": "Op margin: -2.7% -> +6.3%",
      "severity": "HIGH"
    },
    {
      "quarter": "2024-03 (Q1)",
      "signal": "FCF TURNED POSITIVE",
      "detail": "FCF margin: -2.9% -> +0.3%",
      "severity": "HIGH"
    },
    {
      "quarter": "2024-03 (Q1)",
      "signal": "YoY REVENUE GROWTH ACCELERATION",
      "detail": "YoY growth: +2.6% vs prior quarter YoY: -18.6% (accel: +21.2%)",
      "severity": "HIGH"
    },
    {
      "quarter": "2023-12 (Q4)",
      "signal": "YoY REVENUE GROWTH DECELERATION",
      "detail": "YoY growth: -18.6% vs prior quarter YoY: -7.0% (decel: -11.5%)",
      "severity": "WARNING"
    },
    {
      "quarter": "2023-09 (Q3)",
      "signal": "YoY REVENUE GROWTH DECELERATION",
      "detail": "YoY growth: -7.0% vs prior quarter YoY: +5.6% (decel: -12.7%)",
      "severity": "WARNING"
    },
    {
      "quarter": "2023-06 (Q2)",
      "signal": "FCF TURNED POSITIVE",
      "detail": "FCF margin: -4.6% -> +5.5%",
      "severity": "HIGH"
    },
    {
      "quarter": "2023-06 (Q2)",
      "signal": "YoY REVENUE GROWTH DECELERATION",
      "detail": "YoY growth: +5.6% vs prior quarter YoY: +28.4% (decel: -22.8%)",
      "severity": "WARNING"
    },
    {
      "quarter": "2023-06 (Q2)",
      "signal": "OP MARGIN TURNED POSITIVE (QoQ)",
      "detail": "Op margin: -7.3% -> +0.7%",
      "severity": "HIGH"
    },
    {
      "quarter": "2023-03 (Q1)",
      "signal": "YoY REVENUE GROWTH ACCELERATION",
      "detail": "YoY growth: +28.4% vs prior quarter YoY: +23.1% (accel: +5.3%)",
      "severity": "MEDIUM"
    },
    {
      "quarter": "2022-12 (Q4)",
      "signal": "FCF MARGIN EXPANSION",
      "detail": "FCF margin: -10.4% -> -1.3% (+9.2%)",
      "severity": "MEDIUM"
    },
    {
      "quarter": "2022-06 (Q2)",
      "signal": "FCF TURNED POSITIVE",
      "detail": "FCF margin: -11.8% -> +2.6%",
      "severity": "HIGH"
    },
    {
      "quarter": "2022-06 (Q2)",
      "signal": "YoY REVENUE GROWTH ACCELERATION",
      "detail": "YoY growth: +19.1% vs prior quarter YoY: -5.3% (accel: +24.4%)",
      "severity": "HIGH"
    },
    {
      "quarter": "2022-06 (Q2)",
      "signal": "INCREMENTAL MARGIN (YoY)",
      "detail": "YoY Incr OPM: +18.0% vs year-ago OPM: +0.2%",
      "severity": "MEDIUM"
    },
    {
      "quarter": "2022-06 (Q2)",
      "signal": "OP MARGIN TURNED POSITIVE (QoQ)",
      "detail": "Op margin: -8.1% -> +3.0%",
      "severity": "HIGH"
    },
    {
      "quarter": "2022-03 (Q1)",
      "signal": "YoY REVENUE GROWTH DECELERATION",
      "detail": "YoY growth: -5.3% vs prior quarter YoY: +20.2% (decel: -25.5%)",
      "severity": "WARNING"
    },
    {
      "quarter": "2021-06 (Q2)",
      "signal": "FCF TURNED POSITIVE",
      "detail": "FCF margin: -2.7% -> +1.7%",
      "severity": "HIGH"
    },
    {
      "quarter": "2021-06 (Q2)",
      "signal": "OP MARGIN TURNED POSITIVE (QoQ)",
      "detail": "Op margin: -1.0% -> +0.2%",
      "severity": "HIGH"
    }
  ],
  "data_quality": {
    "n_quarters": 20,
    "coverage": {
      "revenue": [
        20,
        20
      ],
      "gross_profit": [
        7,
        20
      ],
      "op_income": [
        20,
        20
      ],
      "fcf": [
        20,
        20
      ]
    },
    "gaps": [],
    "warnings": [
      "gross_profit: 7/20Q"
    ]
  },
  "market_cap": null,
  "source": "SEC EDGAR",
  "last_updated": "2026-02-03T00:09:34.579413"
}