{
  "ticker": "AXP",
  "name": "AMERICAN EXPRESS CO",
  "quarters": [
    {
      "date": "2020-12-31T00:00:00",
      "quarter_label": "2020-12 (Q4)",
      "revenue": 5941000000,
      "gross_profit": null,
      "operating_income": null,
      "net_income": 1438000000,
      "opex": null,
      "cogs": null,
      "rd": null,
      "sga": null,
      "fcf": 3064000000,
      "ocf": 3500000000,
      "capex": -436000000,
      "gross_margin": null,
      "op_margin": null,
      "fcf_margin": 0.5157380912304326
    },
    {
      "date": "2021-03-31T00:00:00",
      "quarter_label": "2021-03 (Q1)",
      "revenue": 5654000000,
      "gross_profit": null,
      "operating_income": null,
      "net_income": 2235000000,
      "opex": null,
      "cogs": null,
      "rd": null,
      "sga": null,
      "fcf": 1961000000,
      "ocf": 2280000000,
      "capex": -319000000,
      "gross_margin": null,
      "op_margin": null,
      "fcf_margin": 0.3468340997523877,
      "fcf_margin_change": -0.16890399147804486
    },
    {
      "date": "2021-06-30T00:00:00",
      "quarter_label": "2021-06 (Q2)",
      "revenue": 6762000000,
      "gross_profit": null,
      "operating_income": null,
      "net_income": 2280000000,
      "opex": null,
      "cogs": null,
      "rd": null,
      "sga": null,
      "fcf": 2895000000,
      "ocf": 3185000000,
      "capex": -290000000,
      "gross_margin": null,
      "op_margin": null,
      "fcf_margin": 0.42812777284826975,
      "fcf_margin_change": 0.08129367309588204
    },
    {
      "date": "2021-09-30T00:00:00",
      "quarter_label": "2021-09 (Q3)",
      "revenue": 7139000000,
      "gross_profit": null,
      "operating_income": null,
      "net_income": 1826000000,
      "opex": null,
      "cogs": null,
      "rd": null,
      "sga": null,
      "fcf": 3702000000,
      "ocf": 4172000000,
      "capex": -470000000,
      "gross_margin": null,
      "op_margin": null,
      "fcf_margin": 0.5185600224121025,
      "fcf_margin_change": 0.09043224956383278
    },
    {
      "date": "2021-12-31T00:00:00",
      "quarter_label": "2021-12 (Q4)",
      "revenue": 8161000000,
      "gross_profit": null,
      "operating_income": null,
      "net_income": 1719000000,
      "opex": null,
      "cogs": null,
      "rd": null,
      "sga": null,
      "fcf": 4537000000,
      "ocf": 5008000000,
      "capex": -471000000,
      "gross_margin": null,
      "op_margin": null,
      "fcf_margin": 0.5559367724543561,
      "rev_growth_yoy": 0.3736744655781855,
      "fcf_margin_change": 0.037376750042253604
    },
    {
      "date": "2022-03-31T00:00:00",
      "quarter_label": "2022-03 (Q1)",
      "revenue": 7640000000,
      "gross_profit": null,
      "operating_income": null,
      "net_income": 2099000000,
      "opex": null,
      "cogs": null,
      "rd": null,
      "sga": null,
      "fcf": 3433000000,
      "ocf": 3880000000,
      "capex": -447000000,
      "gross_margin": null,
      "op_margin": null,
      "fcf_margin": 0.4493455497382199,
      "rev_growth_yoy": 0.35125574814290766,
      "rev_growth_yoy_accel": -0.022418717435277846,
      "fcf_margin_change": -0.10659122271613625
    },
    {
      "date": "2022-06-30T00:00:00",
      "quarter_label": "2022-06 (Q2)",
      "revenue": 8771000000,
      "gross_profit": null,
      "operating_income": null,
      "net_income": 1964000000,
      "opex": null,
      "cogs": null,
      "rd": null,
      "sga": null,
      "fcf": 3807000000,
      "ocf": 4259000000,
      "capex": -452000000,
      "gross_margin": null,
      "op_margin": null,
      "fcf_margin": 0.4340440086649185,
      "rev_growth_yoy": 0.2971014492753623,
      "rev_growth_yoy_accel": -0.05415429886754536,
      "fcf_margin_change": -0.015301541073301395
    },
    {
      "date": "2022-09-30T00:00:00",
      "quarter_label": "2022-09 (Q3)",
      "revenue": 8733000000,
      "gross_profit": null,
      "operating_income": null,
      "net_income": 1879000000,
      "opex": null,
      "cogs": null,
      "rd": null,
      "sga": null,
      "fcf": 4065000000,
      "ocf": 4508000000,
      "capex": -443000000,
      "gross_margin": null,
      "op_margin": null,
      "fcf_margin": 0.46547578151837854,
      "rev_growth_yoy": 0.22328057150861466,
      "rev_growth_yoy_accel": -0.07382087776674764,
      "fcf_margin_change": 0.03143177285346005
    },
    {
      "date": "2022-12-31T00:00:00",
      "quarter_label": "2022-12 (Q4)",
      "revenue": 9075000000,
      "gross_profit": null,
      "operating_income": null,
      "net_income": 1572000000,
      "opex": null,
      "cogs": null,
      "rd": null,
      "sga": null,
      "fcf": 7919000000,
      "ocf": 8432000000,
      "capex": -513000000,
      "gross_margin": null,
      "op_margin": null,
      "fcf_margin": 0.8726170798898072,
      "rev_growth_yoy": 0.11199607891189806,
      "rev_growth_yoy_accel": -0.1112844925967166,
      "fcf_margin_change": 0.40714129837142865
    },
    {
      "date": "2023-03-31T00:00:00",
      "quarter_label": "2023-03 (Q1)",
      "revenue": 8846000000,
      "gross_profit": null,
      "operating_income": null,
      "net_income": 1816000000,
      "opex": null,
      "cogs": null,
      "rd": null,
      "sga": null,
      "fcf": -737000000,
      "ocf": -377000000,
      "capex": -360000000,
      "gross_margin": null,
      "op_margin": null,
      "fcf_margin": -0.08331449242595523,
      "rev_growth_yoy": 0.15785340314136126,
      "rev_growth_yoy_accel": 0.0458573242294632,
      "fcf_margin_change": -0.9559315723157624
    },
    {
      "date": "2023-06-30T00:00:00",
      "quarter_label": "2023-06 (Q2)",
      "revenue": 9433000000,
      "gross_profit": null,
      "operating_income": null,
      "net_income": 2174000000,
      "opex": null,
      "cogs": null,
      "rd": null,
      "sga": null,
      "fcf": 3547000000,
      "ocf": 3923000000,
      "capex": -376000000,
      "gross_margin": null,
      "op_margin": null,
      "fcf_margin": 0.3760203540761158,
      "rev_growth_yoy": 0.07547600045604834,
      "rev_growth_yoy_accel": -0.08237740268531292,
      "fcf_margin_change": 0.459334846502071
    },
    {
      "date": "2023-09-30T00:00:00",
      "quarter_label": "2023-09 (Q3)",
      "revenue": 9377000000,
      "gross_profit": null,
      "operating_income": null,
      "net_income": 2451000000,
      "opex": null,
      "cogs": null,
      "rd": null,
      "sga": null,
      "fcf": 7843000000,
      "ocf": 8244000000,
      "capex": -401000000,
      "gross_margin": null,
      "op_margin": null,
      "fcf_margin": 0.8364082329103125,
      "rev_growth_yoy": 0.07374327264399405,
      "rev_growth_yoy_accel": -0.0017327278120542883,
      "fcf_margin_change": 0.46038787883419674
    },
    {
      "date": "2023-12-31T00:00:00",
      "quarter_label": "2023-12 (Q4)",
      "revenue": 9562000000,
      "gross_profit": null,
      "operating_income": null,
      "net_income": 1933000000,
      "opex": null,
      "cogs": null,
      "rd": null,
      "sga": null,
      "fcf": 6343000000,
      "ocf": 6769000000,
      "capex": -426000000,
      "gross_margin": null,
      "op_margin": null,
      "fcf_margin": 0.6633549466638778,
      "rev_growth_yoy": 0.05366391184573003,
      "rev_growth_yoy_accel": -0.020079360798264022,
      "fcf_margin_change": -0.17305328624643468
    },
    {
      "date": "2024-03-31T00:00:00",
      "quarter_label": "2024-03 (Q1)",
      "revenue": 9339000000,
      "gross_profit": null,
      "operating_income": null,
      "net_income": 2437000000,
      "opex": null,
      "cogs": null,
      "rd": null,
      "sga": null,
      "fcf": 5156000000,
      "ocf": 5552000000,
      "capex": -396000000,
      "gross_margin": null,
      "op_margin": null,
      "fcf_margin": 0.5520933718813578,
      "rev_growth_yoy": 0.05573140402441781,
      "rev_growth_yoy_accel": 0.002067492178687784,
      "fcf_margin_change": -0.11126157478252008
    },
    {
      "date": "2024-06-30T00:00:00",
      "quarter_label": "2024-06 (Q2)",
      "revenue": 9818000000,
      "gross_profit": null,
      "operating_income": null,
      "net_income": 3015000000,
      "opex": null,
      "cogs": null,
      "rd": null,
      "sga": null,
      "fcf": 3967000000,
      "ocf": 4532000000,
      "capex": -565000000,
      "gross_margin": null,
      "op_margin": null,
      "fcf_margin": 0.404053778773681,
      "rev_growth_yoy": 0.04081416304463055,
      "rev_growth_yoy_accel": -0.014917240979787263,
      "fcf_margin_change": -0.14803959310767678
    },
    {
      "date": "2024-09-30T00:00:00",
      "quarter_label": "2024-09 (Q3)",
      "revenue": 9716000000,
      "gross_profit": null,
      "operating_income": null,
      "net_income": 2507000000,
      "opex": null,
      "cogs": null,
      "rd": null,
      "sga": null,
      "fcf": -2267000000,
      "ocf": -1812000000,
      "capex": -455000000,
      "gross_margin": null,
      "op_margin": null,
      "fcf_margin": -0.23332647179909427,
      "rev_growth_yoy": 0.03615228751199744,
      "rev_growth_yoy_accel": -0.004661875532633107,
      "fcf_margin_change": -0.6373802505727753
    },
    {
      "date": "2024-12-31T00:00:00",
      "quarter_label": "2024-12 (Q4)",
      "revenue": 9952000000,
      "gross_profit": null,
      "operating_income": null,
      "net_income": 2170000000,
      "opex": null,
      "cogs": null,
      "rd": null,
      "sga": null,
      "fcf": 5283000000,
      "ocf": 5778000000,
      "capex": -495000000,
      "gross_margin": null,
      "op_margin": null,
      "fcf_margin": 0.5308480707395499,
      "rev_growth_yoy": 0.04078644635013595,
      "rev_growth_yoy_accel": 0.004634158838138509,
      "fcf_margin_change": 0.7641745425386441
    },
    {
      "date": "2025-03-31T00:00:00",
      "quarter_label": "2025-03 (Q1)",
      "revenue": 9626000000,
      "gross_profit": null,
      "operating_income": null,
      "net_income": 2584000000,
      "opex": null,
      "cogs": null,
      "rd": null,
      "sga": null,
      "fcf": 4334000000,
      "ocf": 4764000000,
      "capex": -430000000,
      "gross_margin": null,
      "op_margin": null,
      "fcf_margin": 0.4502389362144193,
      "rev_growth_yoy": 0.03073134168540529,
      "rev_growth_yoy_accel": -0.010055104664730662,
      "fcf_margin_change": -0.08060913452513058
    },
    {
      "date": "2025-06-30T00:00:00",
      "quarter_label": "2025-06 (Q2)",
      "revenue": 10321000000,
      "gross_profit": null,
      "operating_income": null,
      "net_income": 2885000000,
      "opex": null,
      "cogs": null,
      "rd": null,
      "sga": null,
      "fcf": 3745000000,
      "ocf": 4364000000,
      "capex": -619000000,
      "gross_margin": null,
      "op_margin": null,
      "fcf_margin": 0.36285243677938184,
      "rev_growth_yoy": 0.051232430230189446,
      "rev_growth_yoy_accel": 0.020501088544784156,
      "fcf_margin_change": -0.08738649943503746
    },
    {
      "date": "2025-09-30T00:00:00",
      "quarter_label": "2025-09 (Q3)",
      "revenue": 10415000000,
      "gross_profit": null,
      "operating_income": null,
      "net_income": 2902000000,
      "opex": null,
      "cogs": null,
      "rd": null,
      "sga": null,
      "fcf": 5579000000,
      "ocf": 6233000000,
      "capex": -654000000,
      "gross_margin": null,
      "op_margin": null,
      "fcf_margin": 0.5356697071531445,
      "rev_growth_yoy": 0.07194318649650061,
      "rev_growth_yoy_accel": 0.020710756266311164,
      "fcf_margin_change": 0.1728172703737627
    }
  ],
  "signals": [
    {
      "quarter": "2025-09 (Q3)",
      "signal": "FCF MARGIN EXPANSION",
      "detail": "FCF margin: +36.3% -> +53.6% (+17.3%)",
      "severity": "MEDIUM"
    },
    {
      "quarter": "2024-12 (Q4)",
      "signal": "FCF TURNED POSITIVE",
      "detail": "FCF margin: -23.3% -> +53.1%",
      "severity": "HIGH"
    },
    {
      "quarter": "2023-09 (Q3)",
      "signal": "FCF MARGIN EXPANSION",
      "detail": "FCF margin: +37.6% -> +83.6% (+46.0%)",
      "severity": "MEDIUM"
    },
    {
      "quarter": "2023-06 (Q2)",
      "signal": "FCF TURNED POSITIVE",
      "detail": "FCF margin: -8.3% -> +37.6%",
      "severity": "HIGH"
    },
    {
      "quarter": "2023-06 (Q2)",
      "signal": "YoY REVENUE GROWTH DECELERATION",
      "detail": "YoY growth: +7.5% vs prior quarter YoY: +15.8% (decel: -8.2%)",
      "severity": "WARNING"
    },
    {
      "quarter": "2022-12 (Q4)",
      "signal": "FCF MARGIN EXPANSION",
      "detail": "FCF margin: +46.5% -> +87.3% (+40.7%)",
      "severity": "MEDIUM"
    },
    {
      "quarter": "2022-12 (Q4)",
      "signal": "YoY REVENUE GROWTH DECELERATION",
      "detail": "YoY growth: +11.2% vs prior quarter YoY: +22.3% (decel: -11.1%)",
      "severity": "WARNING"
    },
    {
      "quarter": "2022-09 (Q3)",
      "signal": "YoY REVENUE GROWTH DECELERATION",
      "detail": "YoY growth: +22.3% vs prior quarter YoY: +29.7% (decel: -7.4%)",
      "severity": "WARNING"
    },
    {
      "quarter": "2022-06 (Q2)",
      "signal": "YoY REVENUE GROWTH DECELERATION",
      "detail": "YoY growth: +29.7% vs prior quarter YoY: +35.1% (decel: -5.4%)",
      "severity": "WARNING"
    },
    {
      "quarter": "2021-09 (Q3)",
      "signal": "FCF MARGIN EXPANSION",
      "detail": "FCF margin: +42.8% -> +51.9% (+9.0%)",
      "severity": "MEDIUM"
    },
    {
      "quarter": "2021-06 (Q2)",
      "signal": "FCF MARGIN EXPANSION",
      "detail": "FCF margin: +34.7% -> +42.8% (+8.1%)",
      "severity": "MEDIUM"
    }
  ],
  "data_quality": {
    "n_quarters": 20,
    "coverage": {
      "revenue": [
        20,
        20
      ],
      "gross_profit": [
        0,
        20
      ],
      "op_income": [
        0,
        20
      ],
      "fcf": [
        20,
        20
      ]
    },
    "gaps": [],
    "warnings": [
      "gross_profit: no data",
      "op_income: no data"
    ]
  },
  "market_cap": null,
  "source": "SEC EDGAR",
  "last_updated": "2026-02-02T19:46:08.854527",
  "sector": "Financial Services",
  "industry": "Credit Services"
}