{
  "ticker": "AXR",
  "name": "AMREP CORPORATION",
  "quarters": [
    {
      "date": "2021-01-31T00:00:00",
      "quarter_label": "2021-01 (Q1)",
      "revenue": 7864000,
      "gross_profit": null,
      "operating_income": 2524000,
      "net_income": 2093000,
      "opex": 5340000,
      "cogs": null,
      "rd": null,
      "sga": null,
      "fcf": 888000,
      "ocf": 888000,
      "capex": null,
      "gross_margin": null,
      "op_margin": 0.3209562563580875,
      "fcf_margin": 0.11291963377416073
    },
    {
      "date": "2021-04-30T00:00:00",
      "quarter_label": "2021-04 (Q2)",
      "revenue": 18743000,
      "gross_profit": null,
      "operating_income": 5311000,
      "net_income": 3908000,
      "opex": 13432000,
      "cogs": null,
      "rd": null,
      "sga": null,
      "fcf": 11181000,
      "ocf": 11183000,
      "capex": -2000,
      "gross_margin": null,
      "op_margin": 0.283359120738409,
      "fcf_margin": 0.5965427092781305,
      "op_leverage_ratio": 0.9129160760109202,
      "fcf_margin_change": 0.48362307550396977
    },
    {
      "date": "2021-07-31T00:00:00",
      "quarter_label": "2021-07 (Q3)",
      "revenue": 10507000,
      "gross_profit": null,
      "operating_income": 1795000,
      "net_income": 1637000,
      "opex": 8712000,
      "cogs": null,
      "rd": null,
      "sga": null,
      "fcf": -4467000,
      "ocf": -4466000,
      "capex": -1000,
      "gross_margin": null,
      "op_margin": 0.17083848862662987,
      "fcf_margin": -0.42514514133434855,
      "fcf_margin_change": -1.0216878506124791
    },
    {
      "date": "2021-10-31T00:00:00",
      "quarter_label": "2021-10 (Q4)",
      "revenue": 16236000,
      "gross_profit": null,
      "operating_income": 4359000,
      "net_income": 3326000,
      "opex": 11877000,
      "cogs": null,
      "rd": null,
      "sga": null,
      "fcf": 7386000,
      "ocf": 7396000,
      "capex": -10000,
      "gross_margin": null,
      "op_margin": 0.26847745750184776,
      "fcf_margin": 0.4549150036954915,
      "op_leverage_ratio": 1.5008740280120183,
      "fcf_margin_change": 0.88006014502984
    },
    {
      "date": "2022-01-31T00:00:00",
      "quarter_label": "2022-01 (Q1)",
      "revenue": 9816000,
      "gross_profit": null,
      "operating_income": 1158000,
      "net_income": 910000,
      "opex": 1540000,
      "cogs": null,
      "rd": null,
      "sga": null,
      "fcf": -2765000,
      "ocf": -1517000,
      "capex": -1248000,
      "gross_margin": null,
      "op_margin": 0.11797066014669927,
      "fcf_margin": -0.28168296658516706,
      "incr_op_margin_yoy": -0.6997950819672131,
      "rev_growth_yoy": 0.24821973550356052,
      "fcf_margin_change": -0.7365979702806585
    },
    {
      "date": "2022-04-30T00:00:00",
      "quarter_label": "2022-04 (Q2)",
      "revenue": 25920000,
      "gross_profit": null,
      "operating_income": 13990000,
      "net_income": 9989000,
      "opex": 37193000,
      "cogs": null,
      "rd": null,
      "sga": null,
      "fcf": 14035000,
      "ocf": 14063000,
      "capex": -28000,
      "gross_margin": null,
      "op_margin": 0.5397376543209876,
      "fcf_margin": 0.5414737654320988,
      "incr_op_margin_yoy": 1.2092796433050021,
      "rev_growth_yoy": 0.3829162887477992,
      "rev_growth_yoy_accel": 0.13469655324423868,
      "op_leverage_ratio": 0.07086370480693525,
      "fcf_margin_change": 0.8231567320172659
    },
    {
      "date": "2022-07-31T00:00:00",
      "quarter_label": "2022-07 (Q3)",
      "revenue": 11232000,
      "gross_profit": null,
      "operating_income": 2566000,
      "net_income": 1912000,
      "opex": 8666000,
      "cogs": null,
      "rd": null,
      "sga": null,
      "fcf": 144000,
      "ocf": 262000,
      "capex": -118000,
      "gross_margin": null,
      "op_margin": 0.22845441595441596,
      "fcf_margin": 0.01282051282051282,
      "rev_growth_yoy": 0.06900161796897307,
      "rev_growth_yoy_accel": -0.3139146707788261,
      "fcf_margin_change": -0.528653252611586
    },
    {
      "date": "2022-10-31T00:00:00",
      "quarter_label": "2022-10 (Q4)",
      "revenue": 16149000,
      "gross_profit": null,
      "operating_income": 4471000,
      "net_income": 3621000,
      "opex": 11678000,
      "cogs": null,
      "rd": null,
      "sga": null,
      "fcf": -1199000,
      "ocf": -1196000,
      "capex": -3000,
      "gross_margin": null,
      "op_margin": 0.27685924825066566,
      "fcf_margin": -0.07424608334881416,
      "rev_growth_yoy": -0.0053584626755358465,
      "rev_growth_yoy_accel": -0.07436008064450891,
      "op_leverage_ratio": 1.2595251118034982,
      "fcf_margin_change": -0.08706659616932698
    },
    {
      "date": "2023-01-31T00:00:00",
      "quarter_label": "2023-01 (Q1)",
      "revenue": 9117000,
      "gross_profit": null,
      "operating_income": -475000,
      "net_income": 16574000,
      "opex": 1573000,
      "cogs": null,
      "rd": null,
      "sga": null,
      "fcf": -482000,
      "ocf": -479000,
      "capex": -3000,
      "gross_margin": null,
      "op_margin": -0.05210047164637491,
      "fcf_margin": -0.05286826807063727,
      "rev_growth_yoy": -0.07121026894865526,
      "rev_growth_yoy_accel": -0.06585180627311941,
      "fcf_margin_change": 0.021377815278176893
    },
    {
      "date": "2023-04-30T00:00:00",
      "quarter_label": "2023-04 (Q2)",
      "revenue": 12701000,
      "gross_profit": null,
      "operating_income": -734000,
      "net_income": -317000,
      "opex": 38948000,
      "cogs": null,
      "rd": null,
      "sga": null,
      "fcf": 7795000,
      "ocf": 7802000,
      "capex": -7000,
      "gross_margin": null,
      "op_margin": -0.05779072513975277,
      "fcf_margin": 0.613731202267538,
      "incr_op_margin_yoy": 1.1138512746803844,
      "rev_growth_yoy": -0.5099922839506172,
      "rev_growth_yoy_accel": -0.438782015001962,
      "op_leverage_ratio": 0.01654487793944423,
      "fcf_margin_change": 0.6665994703381752
    },
    {
      "date": "2023-07-31T00:00:00",
      "quarter_label": "2023-07 (Q3)",
      "revenue": 10289000,
      "gross_profit": null,
      "operating_income": 2023000,
      "net_income": 1346000,
      "opex": 8266000,
      "cogs": null,
      "rd": null,
      "sga": null,
      "fcf": 1787000,
      "ocf": 1827000,
      "capex": -40000,
      "gross_margin": null,
      "op_margin": 0.19661774710856253,
      "fcf_margin": 0.17368062979881427,
      "rev_growth_yoy": -0.08395655270655271,
      "rev_growth_yoy_accel": 0.4260357312440645,
      "fcf_margin_change": -0.4400505724687237
    },
    {
      "date": "2023-10-31T00:00:00",
      "quarter_label": "2023-10 (Q4)",
      "revenue": 8854000,
      "gross_profit": null,
      "operating_income": 1051000,
      "net_income": 1108000,
      "opex": 7803000,
      "cogs": null,
      "rd": null,
      "sga": null,
      "fcf": -55000,
      "ocf": 40000,
      "capex": -95000,
      "gross_margin": null,
      "op_margin": 0.11870341088773435,
      "fcf_margin": -0.006211881635419019,
      "incr_op_margin_yoy": 0.4688142563399589,
      "rev_growth_yoy": -0.45173075732243484,
      "rev_growth_yoy_accel": -0.3677742046158821,
      "fcf_margin_change": -0.1798925114342333
    },
    {
      "date": "2024-01-31T00:00:00",
      "quarter_label": "2024-01 (Q1)",
      "revenue": 12689000,
      "gross_profit": null,
      "operating_income": -148000,
      "net_income": 92000,
      "opex": 1901000,
      "cogs": null,
      "rd": null,
      "sga": null,
      "fcf": 1338000,
      "ocf": 1514000,
      "capex": -176000,
      "gross_margin": null,
      "op_margin": -0.011663645677358342,
      "fcf_margin": 0.10544566159665852,
      "incr_op_margin_yoy": 0.09154535274356103,
      "rev_growth_yoy": 0.3917955467807393,
      "rev_growth_yoy_accel": 0.8435263041031742,
      "op_leverage_ratio": Infinity,
      "fcf_margin_change": 0.11165754323207755
    },
    {
      "date": "2024-04-30T00:00:00",
      "quarter_label": "2024-04 (Q2)",
      "revenue": 19536000,
      "gross_profit": null,
      "operating_income": 4676000,
      "net_income": 4144000,
      "opex": 38746000,
      "cogs": null,
      "rd": null,
      "sga": null,
      "fcf": 7187000,
      "ocf": 7333000,
      "capex": -146000,
      "gross_margin": null,
      "op_margin": 0.23935298935298935,
      "fcf_margin": 0.36788493038493036,
      "incr_op_margin_yoy": 0.7915142648134601,
      "rev_growth_yoy": 0.5381466026297141,
      "rev_growth_yoy_accel": 0.14635105584897484,
      "op_leverage_ratio": 0.02784046511360791,
      "fcf_margin_change": 0.26243926878827184
    },
    {
      "date": "2024-07-31T00:00:00",
      "quarter_label": "2024-07 (Q3)",
      "revenue": 19091000,
      "gross_profit": null,
      "operating_income": 4992000,
      "net_income": 4064000,
      "opex": 14099000,
      "cogs": null,
      "rd": null,
      "sga": null,
      "fcf": 10657000,
      "ocf": 10691000,
      "capex": -34000,
      "gross_margin": null,
      "op_margin": 0.26148446912157564,
      "fcf_margin": 0.5582211513278508,
      "incr_op_margin_yoy": 0.33730970234037716,
      "rev_growth_yoy": 0.8554767227135776,
      "rev_growth_yoy_accel": 0.3173301200838634,
      "fcf_margin_change": 0.1903362209429204
    },
    {
      "date": "2024-10-31T00:00:00",
      "quarter_label": "2024-10 (Q4)",
      "revenue": 11906000,
      "gross_profit": null,
      "operating_income": 3144000,
      "net_income": 4042000,
      "opex": 8762000,
      "cogs": null,
      "rd": null,
      "sga": null,
      "fcf": -268000,
      "ocf": -182000,
      "capex": -86000,
      "gross_margin": null,
      "op_margin": 0.2640685368721653,
      "fcf_margin": -0.022509658995464473,
      "incr_op_margin_yoy": 0.6857798165137615,
      "rev_growth_yoy": 0.34470295911452453,
      "rev_growth_yoy_accel": -0.510773763599053,
      "fcf_margin_change": -0.5807308103233152
    },
    {
      "date": "2025-01-31T00:00:00",
      "quarter_label": "2025-01 (Q1)",
      "revenue": 7520000,
      "gross_profit": null,
      "operating_income": 432000,
      "net_income": 717000,
      "opex": 7088000,
      "cogs": null,
      "rd": null,
      "sga": null,
      "fcf": -3262000,
      "ocf": -3236000,
      "capex": -26000,
      "gross_margin": null,
      "op_margin": 0.0574468085106383,
      "fcf_margin": -0.43377659574468086,
      "incr_op_margin_yoy": -0.1122073902108725,
      "rev_growth_yoy": -0.40736070612341396,
      "rev_growth_yoy_accel": -0.7520636652379384,
      "fcf_margin_change": -0.4112669367492164
    },
    {
      "date": "2025-04-30T00:00:00",
      "quarter_label": "2025-04 (Q2)",
      "revenue": 11178000,
      "gross_profit": null,
      "operating_income": 3539000,
      "net_income": 3893000,
      "opex": 7639000,
      "cogs": null,
      "rd": null,
      "sga": null,
      "fcf": 2532000,
      "ocf": 2969000,
      "capex": -437000,
      "gross_margin": null,
      "op_margin": 0.31660404365718375,
      "fcf_margin": 0.22651637144390768,
      "incr_op_margin_yoy": 0.13603732950466618,
      "rev_growth_yoy": -0.42782555282555285,
      "rev_growth_yoy_accel": -0.020464846702138884,
      "op_leverage_ratio": 6.257458392864039,
      "fcf_margin_change": 0.6602929671885885
    },
    {
      "date": "2025-07-31T00:00:00",
      "quarter_label": "2025-07 (Q3)",
      "revenue": 17851000,
      "gross_profit": null,
      "operating_income": 6146000,
      "net_income": 4692000,
      "opex": 11705000,
      "cogs": null,
      "rd": null,
      "sga": null,
      "fcf": 9505000,
      "ocf": 9525000,
      "capex": -20000,
      "gross_margin": null,
      "op_margin": 0.34429443728642656,
      "fcf_margin": 0.5324631673295613,
      "incr_op_margin_yoy": -0.9306451612903226,
      "rev_growth_yoy": -0.06495207165680164,
      "rev_growth_yoy_accel": 0.3628734811687512,
      "op_leverage_ratio": 1.1215694089216952,
      "fcf_margin_change": 0.30594679588565366
    },
    {
      "date": "2025-10-31T00:00:00",
      "quarter_label": "2025-10 (Q4)",
      "revenue": 9398000,
      "gross_profit": null,
      "operating_income": 1119000,
      "net_income": 1200000,
      "opex": 8279000,
      "cogs": null,
      "rd": null,
      "sga": null,
      "fcf": -4312000,
      "ocf": -4252000,
      "capex": -60000,
      "gross_margin": null,
      "op_margin": 0.11906788678442222,
      "fcf_margin": -0.4588210257501596,
      "incr_op_margin_yoy": 0.8074162679425837,
      "rev_growth_yoy": -0.2106500923903914,
      "rev_growth_yoy_accel": -0.14569802073358976,
      "fcf_margin_change": -0.9912841930797209
    }
  ],
  "signals": [
    {
      "quarter": "2025-10 (Q4)",
      "signal": "YoY REVENUE GROWTH DECELERATION",
      "detail": "YoY growth: -21.1% vs prior quarter YoY: -6.5% (decel: -14.6%)",
      "severity": "WARNING"
    },
    {
      "quarter": "2025-10 (Q4)",
      "signal": "INCREMENTAL MARGIN (YoY)",
      "detail": "YoY Incr OPM: +80.7% vs year-ago OPM: +26.4%",
      "severity": "HIGH"
    },
    {
      "quarter": "2025-07 (Q3)",
      "signal": "FCF MARGIN EXPANSION",
      "detail": "FCF margin: +22.7% -> +53.2% (+30.6%)",
      "severity": "MEDIUM"
    },
    {
      "quarter": "2025-07 (Q3)",
      "signal": "YoY REVENUE GROWTH ACCELERATION",
      "detail": "YoY growth: -6.5% vs prior quarter YoY: -42.8% (accel: +36.3%)",
      "severity": "HIGH"
    },
    {
      "quarter": "2025-04 (Q2)",
      "signal": "FCF TURNED POSITIVE",
      "detail": "FCF margin: -43.4% -> +22.7%",
      "severity": "HIGH"
    },
    {
      "quarter": "2025-04 (Q2)",
      "signal": "OPERATING LEVERAGE",
      "detail": "Rev growth +48.6% vs OpEx growth +7.8% (leverage: 6.3x)",
      "severity": "MEDIUM"
    },
    {
      "quarter": "2025-01 (Q1)",
      "signal": "YoY REVENUE GROWTH DECELERATION",
      "detail": "YoY growth: -40.7% vs prior quarter YoY: +34.5% (decel: -75.2%)",
      "severity": "WARNING"
    },
    {
      "quarter": "2025-01 (Q1)",
      "signal": "OP MARGIN TURNED POSITIVE (YoY)",
      "detail": "Op margin: -1.2% (year-ago) -> +5.7%",
      "severity": "HIGH"
    },
    {
      "quarter": "2024-10 (Q4)",
      "signal": "YoY REVENUE GROWTH DECELERATION",
      "detail": "YoY growth: +34.5% vs prior quarter YoY: +85.5% (decel: -51.1%)",
      "severity": "WARNING"
    },
    {
      "quarter": "2024-10 (Q4)",
      "signal": "INCREMENTAL MARGIN (YoY)",
      "detail": "YoY Incr OPM: +68.6% vs year-ago OPM: +11.9%",
      "severity": "HIGH"
    },
    {
      "quarter": "2024-07 (Q3)",
      "signal": "FCF MARGIN EXPANSION",
      "detail": "FCF margin: +36.8% -> +55.8% (+19.0%)",
      "severity": "MEDIUM"
    },
    {
      "quarter": "2024-07 (Q3)",
      "signal": "YoY REVENUE GROWTH ACCELERATION",
      "detail": "YoY growth: +85.5% vs prior quarter YoY: +53.8% (accel: +31.7%)",
      "severity": "HIGH"
    },
    {
      "quarter": "2024-07 (Q3)",
      "signal": "INCREMENTAL MARGIN (YoY)",
      "detail": "YoY Incr OPM: +33.7% vs year-ago OPM: +19.7%",
      "severity": "MEDIUM"
    },
    {
      "quarter": "2024-04 (Q2)",
      "signal": "FCF MARGIN EXPANSION",
      "detail": "FCF margin: +10.5% -> +36.8% (+26.2%)",
      "severity": "MEDIUM"
    },
    {
      "quarter": "2024-04 (Q2)",
      "signal": "YoY REVENUE GROWTH ACCELERATION",
      "detail": "YoY growth: +53.8% vs prior quarter YoY: +39.2% (accel: +14.6%)",
      "severity": "MEDIUM"
    },
    {
      "quarter": "2024-04 (Q2)",
      "signal": "OP MARGIN TURNED POSITIVE (YoY)",
      "detail": "Op margin: -5.8% (year-ago) -> +23.9%",
      "severity": "HIGH"
    },
    {
      "quarter": "2024-04 (Q2)",
      "signal": "OP MARGIN TURNED POSITIVE (QoQ)",
      "detail": "Op margin: -1.2% -> +23.9%",
      "severity": "HIGH"
    },
    {
      "quarter": "2024-01 (Q1)",
      "signal": "FCF TURNED POSITIVE",
      "detail": "FCF margin: -0.6% -> +10.5%",
      "severity": "HIGH"
    },
    {
      "quarter": "2024-01 (Q1)",
      "signal": "YoY REVENUE GROWTH ACCELERATION",
      "detail": "YoY growth: +39.2% vs prior quarter YoY: -45.2% (accel: +84.4%)",
      "severity": "HIGH"
    },
    {
      "quarter": "2023-10 (Q4)",
      "signal": "YoY REVENUE GROWTH DECELERATION",
      "detail": "YoY growth: -45.2% vs prior quarter YoY: -8.4% (decel: -36.8%)",
      "severity": "WARNING"
    },
    {
      "quarter": "2023-10 (Q4)",
      "signal": "INCREMENTAL MARGIN (YoY)",
      "detail": "YoY Incr OPM: +46.9% vs year-ago OPM: +27.7%",
      "severity": "MEDIUM"
    },
    {
      "quarter": "2023-07 (Q3)",
      "signal": "YoY REVENUE GROWTH ACCELERATION",
      "detail": "YoY growth: -8.4% vs prior quarter YoY: -51.0% (accel: +42.6%)",
      "severity": "HIGH"
    },
    {
      "quarter": "2023-07 (Q3)",
      "signal": "OP MARGIN TURNED POSITIVE (QoQ)",
      "detail": "Op margin: -5.8% -> +19.7%",
      "severity": "HIGH"
    },
    {
      "quarter": "2023-04 (Q2)",
      "signal": "FCF TURNED POSITIVE",
      "detail": "FCF margin: -5.3% -> +61.4%",
      "severity": "HIGH"
    },
    {
      "quarter": "2023-04 (Q2)",
      "signal": "YoY REVENUE GROWTH DECELERATION",
      "detail": "YoY growth: -51.0% vs prior quarter YoY: -7.1% (decel: -43.9%)",
      "severity": "WARNING"
    },
    {
      "quarter": "2023-01 (Q1)",
      "signal": "YoY REVENUE GROWTH DECELERATION",
      "detail": "YoY growth: -7.1% vs prior quarter YoY: -0.5% (decel: -6.6%)",
      "severity": "WARNING"
    },
    {
      "quarter": "2022-10 (Q4)",
      "signal": "YoY REVENUE GROWTH DECELERATION",
      "detail": "YoY growth: -0.5% vs prior quarter YoY: +6.9% (decel: -7.4%)",
      "severity": "WARNING"
    },
    {
      "quarter": "2022-07 (Q3)",
      "signal": "YoY REVENUE GROWTH DECELERATION",
      "detail": "YoY growth: +6.9% vs prior quarter YoY: +38.3% (decel: -31.4%)",
      "severity": "WARNING"
    },
    {
      "quarter": "2022-04 (Q2)",
      "signal": "FCF TURNED POSITIVE",
      "detail": "FCF margin: -28.2% -> +54.1%",
      "severity": "HIGH"
    },
    {
      "quarter": "2022-04 (Q2)",
      "signal": "YoY REVENUE GROWTH ACCELERATION",
      "detail": "YoY growth: +38.3% vs prior quarter YoY: +24.8% (accel: +13.5%)",
      "severity": "MEDIUM"
    },
    {
      "quarter": "2022-04 (Q2)",
      "signal": "INCREMENTAL MARGIN (YoY)",
      "detail": "YoY Incr OPM: +120.9% vs year-ago OPM: +28.3%",
      "severity": "HIGH"
    },
    {
      "quarter": "2021-10 (Q4)",
      "signal": "FCF TURNED POSITIVE",
      "detail": "FCF margin: -42.5% -> +45.5%",
      "severity": "HIGH"
    },
    {
      "quarter": "2021-10 (Q4)",
      "signal": "OPERATING LEVERAGE",
      "detail": "Rev growth +54.5% vs OpEx growth +36.3% (leverage: 1.5x)",
      "severity": "MEDIUM"
    },
    {
      "quarter": "2021-04 (Q2)",
      "signal": "FCF MARGIN EXPANSION",
      "detail": "FCF margin: +11.3% -> +59.7% (+48.4%)",
      "severity": "MEDIUM"
    }
  ],
  "data_quality": {
    "n_quarters": 20,
    "coverage": {
      "revenue": [
        20,
        20
      ],
      "gross_profit": [
        0,
        20
      ],
      "op_income": [
        20,
        20
      ],
      "fcf": [
        20,
        20
      ]
    },
    "gaps": [],
    "warnings": [
      "gross_profit: no data"
    ]
  },
  "market_cap": null,
  "source": "SEC EDGAR",
  "last_updated": "2026-02-02T23:18:46.978367"
}