{
  "ticker": "AXS",
  "name": "AXIS CAPITAL HOLDINGS LIMITED",
  "quarters": [
    {
      "date": "2020-12-31T00:00:00",
      "quarter_label": "2020-12 (Q4)",
      "revenue": 1277408000,
      "gross_profit": null,
      "operating_income": null,
      "net_income": 2743000,
      "opex": null,
      "cogs": null,
      "rd": null,
      "sga": 143252000,
      "fcf": -5276000,
      "ocf": -5276000,
      "capex": null,
      "gross_margin": null,
      "op_margin": null,
      "fcf_margin": -0.004130238733435206
    },
    {
      "date": "2021-03-31T00:00:00",
      "quarter_label": "2021-03 (Q1)",
      "revenue": 1250313000,
      "gross_profit": null,
      "operating_income": null,
      "net_income": 123300000,
      "opex": null,
      "cogs": null,
      "rd": null,
      "sga": 158408000,
      "fcf": 145146000,
      "ocf": 145146000,
      "capex": null,
      "gross_margin": null,
      "op_margin": null,
      "fcf_margin": 0.11608773163199934,
      "fcf_margin_change": 0.12021797036543455
    },
    {
      "date": "2021-06-30T00:00:00",
      "quarter_label": "2021-06 (Q2)",
      "revenue": 1340723000,
      "gross_profit": null,
      "operating_income": null,
      "net_income": 235473000,
      "opex": null,
      "cogs": null,
      "rd": null,
      "sga": 162452000,
      "fcf": 389781000,
      "ocf": 389781000,
      "capex": null,
      "gross_margin": null,
      "op_margin": null,
      "fcf_margin": 0.2907244822383147,
      "fcf_margin_change": 0.17463675060631537
    },
    {
      "date": "2021-09-30T00:00:00",
      "quarter_label": "2021-09 (Q3)",
      "revenue": 1337363000,
      "gross_profit": null,
      "operating_income": null,
      "net_income": 54948000,
      "opex": null,
      "cogs": null,
      "rd": null,
      "sga": 157960000,
      "fcf": 475237000,
      "ocf": 475237000,
      "capex": null,
      "gross_margin": null,
      "op_margin": null,
      "fcf_margin": 0.35535378203225304,
      "fcf_margin_change": 0.06462929979393833
    },
    {
      "date": "2021-12-31T00:00:00",
      "quarter_label": "2021-12 (Q4)",
      "revenue": 1393331000,
      "gross_profit": null,
      "operating_income": null,
      "net_income": 204893000,
      "opex": null,
      "cogs": null,
      "rd": null,
      "sga": 184484000,
      "fcf": 187528000,
      "ocf": 187528000,
      "capex": null,
      "gross_margin": null,
      "op_margin": null,
      "fcf_margin": 0.13458969907365873,
      "rev_growth_yoy": 0.09074860968461133,
      "fcf_margin_change": -0.22076408295859432
    },
    {
      "date": "2022-03-31T00:00:00",
      "quarter_label": "2022-03 (Q1)",
      "revenue": 1261786000,
      "gross_profit": null,
      "operating_income": null,
      "net_income": 149200000,
      "opex": null,
      "cogs": null,
      "rd": null,
      "sga": 169041000,
      "fcf": 133311000,
      "ocf": 133311000,
      "capex": null,
      "gross_margin": null,
      "op_margin": null,
      "fcf_margin": 0.1056526225524772,
      "rev_growth_yoy": 0.009176102303983082,
      "rev_growth_yoy_accel": -0.08157250738062825,
      "fcf_margin_change": -0.02893707652118152
    },
    {
      "date": "2022-06-30T00:00:00",
      "quarter_label": "2022-06 (Q2)",
      "revenue": 1198216000,
      "gross_profit": null,
      "operating_income": null,
      "net_income": 34778000,
      "opex": null,
      "cogs": null,
      "rd": null,
      "sga": 165586000,
      "fcf": 380455000,
      "ocf": 380455000,
      "capex": null,
      "gross_margin": null,
      "op_margin": null,
      "fcf_margin": 0.3175178765765104,
      "rev_growth_yoy": -0.10629115783051384,
      "rev_growth_yoy_accel": -0.11546726013449692,
      "fcf_margin_change": 0.21186525402403322
    },
    {
      "date": "2022-09-30T00:00:00",
      "quarter_label": "2022-09 (Q3)",
      "revenue": 1227677000,
      "gross_profit": null,
      "operating_income": null,
      "net_income": -9384000,
      "opex": null,
      "cogs": null,
      "rd": null,
      "sga": 158245000,
      "fcf": 403244000,
      "ocf": 403244000,
      "capex": null,
      "gross_margin": null,
      "op_margin": null,
      "fcf_margin": 0.32846098770279153,
      "rev_growth_yoy": -0.08201662525432511,
      "rev_growth_yoy_accel": 0.024274532576188723,
      "fcf_margin_change": 0.010943111126281102
    },
    {
      "date": "2022-12-31T00:00:00",
      "quarter_label": "2022-12 (Q4)",
      "revenue": 1447765000,
      "gross_profit": null,
      "operating_income": null,
      "net_income": 48491000,
      "opex": null,
      "cogs": null,
      "rd": null,
      "sga": 187471000,
      "fcf": -118972000,
      "ocf": -118972000,
      "capex": null,
      "gross_margin": null,
      "op_margin": null,
      "fcf_margin": -0.08217632005194213,
      "rev_growth_yoy": 0.03906752953892507,
      "rev_growth_yoy_accel": 0.12108415479325019,
      "fcf_margin_change": -0.41063730775473367
    },
    {
      "date": "2023-03-31T00:00:00",
      "quarter_label": "2023-03 (Q1)",
      "revenue": 1344357000,
      "gross_profit": null,
      "operating_income": null,
      "net_income": 180097000,
      "opex": null,
      "cogs": null,
      "rd": null,
      "sga": 166811000,
      "fcf": 240564000,
      "ocf": 240564000,
      "capex": null,
      "gross_margin": null,
      "op_margin": null,
      "fcf_margin": 0.17894353955087822,
      "rev_growth_yoy": 0.06543978138923716,
      "rev_growth_yoy_accel": 0.02637225185031209,
      "fcf_margin_change": 0.26111985960282036
    },
    {
      "date": "2023-06-30T00:00:00",
      "quarter_label": "2023-06 (Q2)",
      "revenue": 1383728000,
      "gross_profit": null,
      "operating_income": null,
      "net_income": 150674000,
      "opex": null,
      "cogs": null,
      "rd": null,
      "sga": 168503000,
      "fcf": 396750000,
      "ocf": 396750000,
      "capex": null,
      "gross_margin": null,
      "op_margin": null,
      "fcf_margin": 0.28672542580622784,
      "rev_growth_yoy": 0.15482350427635752,
      "rev_growth_yoy_accel": 0.08938372288712036,
      "fcf_margin_change": 0.10778188625534962
    },
    {
      "date": "2023-09-30T00:00:00",
      "quarter_label": "2023-09 (Q3)",
      "revenue": 1433995000,
      "gross_profit": null,
      "operating_income": null,
      "net_income": 188098000,
      "opex": null,
      "cogs": null,
      "rd": null,
      "sga": 179283000,
      "fcf": 368799000,
      "ocf": 368799000,
      "capex": null,
      "gross_margin": null,
      "op_margin": null,
      "fcf_margin": 0.2571829051007849,
      "rev_growth_yoy": 0.16805560420208246,
      "rev_growth_yoy_accel": 0.013232099925724938,
      "fcf_margin_change": -0.029542520705442943
    },
    {
      "date": "2023-12-31T00:00:00",
      "quarter_label": "2023-12 (Q4)",
      "revenue": 1481305000,
      "gross_profit": null,
      "operating_income": null,
      "net_income": -142578000,
      "opex": null,
      "cogs": null,
      "rd": null,
      "sga": 169850000,
      "fcf": 249446000,
      "ocf": 249446000,
      "capex": null,
      "gross_margin": null,
      "op_margin": null,
      "fcf_margin": 0.16839611018662598,
      "rev_growth_yoy": 0.02316674322144823,
      "rev_growth_yoy_accel": -0.14488886098063422,
      "fcf_margin_change": -0.08878679491415892
    },
    {
      "date": "2024-03-31T00:00:00",
      "quarter_label": "2024-03 (Q1)",
      "revenue": 1424557000,
      "gross_profit": null,
      "operating_income": null,
      "net_income": 395459000,
      "opex": null,
      "cogs": null,
      "rd": null,
      "sga": 163373000,
      "fcf": 384139000,
      "ocf": 384139000,
      "capex": null,
      "gross_margin": null,
      "op_margin": null,
      "fcf_margin": 0.26965505767757975,
      "rev_growth_yoy": 0.059656772717366,
      "rev_growth_yoy_accel": 0.036490029495917765,
      "fcf_margin_change": 0.10125894749095377
    },
    {
      "date": "2024-06-30T00:00:00",
      "quarter_label": "2024-06 (Q2)",
      "revenue": 1450500000,
      "gross_profit": null,
      "operating_income": null,
      "net_income": 211964000,
      "opex": null,
      "cogs": null,
      "rd": null,
      "sga": 148441000,
      "fcf": 518100000,
      "ocf": 518100000,
      "capex": null,
      "gross_margin": null,
      "op_margin": null,
      "fcf_margin": 0.35718717683557394,
      "rev_growth_yoy": 0.04825514841067031,
      "rev_growth_yoy_accel": -0.011401624306695689,
      "fcf_margin_change": 0.08753211915799419
    },
    {
      "date": "2024-09-30T00:00:00",
      "quarter_label": "2024-09 (Q3)",
      "revenue": 1610821000,
      "gross_profit": null,
      "operating_income": null,
      "net_income": 180728000,
      "opex": null,
      "cogs": null,
      "rd": null,
      "sga": 165203000,
      "fcf": 587027000,
      "ocf": 587027000,
      "capex": null,
      "gross_margin": null,
      "op_margin": null,
      "fcf_margin": 0.3644272082372902,
      "rev_growth_yoy": 0.12331005338233397,
      "rev_growth_yoy_accel": 0.07505490497166367,
      "fcf_margin_change": 0.0072400314017162515
    },
    {
      "date": "2024-12-31T00:00:00",
      "quarter_label": "2024-12 (Q4)",
      "revenue": 1471771000,
      "gross_profit": null,
      "operating_income": null,
      "net_income": 293633000,
      "opex": null,
      "cogs": null,
      "rd": null,
      "sga": 189186000,
      "fcf": 355547000,
      "ocf": 355547000,
      "capex": null,
      "gross_margin": null,
      "op_margin": null,
      "fcf_margin": 0.24157766391646526,
      "rev_growth_yoy": -0.006436216714316093,
      "rev_growth_yoy_accel": -0.12974627009665007,
      "fcf_margin_change": -0.12284954432082493
    },
    {
      "date": "2025-03-31T00:00:00",
      "quarter_label": "2025-03 (Q1)",
      "revenue": 1522106000,
      "gross_profit": null,
      "operating_income": null,
      "net_income": 194071000,
      "opex": null,
      "cogs": null,
      "rd": null,
      "sga": 159163000,
      "fcf": 309079000,
      "ocf": 309079000,
      "capex": null,
      "gross_margin": null,
      "op_margin": null,
      "fcf_margin": 0.20306010225306254,
      "rev_growth_yoy": 0.06847672644899432,
      "rev_growth_yoy_accel": 0.0749129431633104,
      "fcf_margin_change": -0.03851756166340273
    },
    {
      "date": "2025-06-30T00:00:00",
      "quarter_label": "2025-06 (Q2)",
      "revenue": 1632858000,
      "gross_profit": null,
      "operating_income": null,
      "net_income": 223358000,
      "opex": null,
      "cogs": null,
      "rd": null,
      "sga": 161078000,
      "fcf": -1654218000,
      "ocf": -1654218000,
      "capex": null,
      "gross_margin": null,
      "op_margin": null,
      "fcf_margin": -1.0130813579625417,
      "rev_growth_yoy": 0.12572078593588418,
      "rev_growth_yoy_accel": 0.05724405948688986,
      "fcf_margin_change": -1.2161414602156042
    },
    {
      "date": "2025-09-30T00:00:00",
      "quarter_label": "2025-09 (Q3)",
      "revenue": 1674284000,
      "gross_profit": null,
      "operating_income": null,
      "net_income": 301864000,
      "opex": null,
      "cogs": null,
      "rd": null,
      "sga": 171637000,
      "fcf": 673841000,
      "ocf": 673841000,
      "capex": null,
      "gross_margin": null,
      "op_margin": null,
      "fcf_margin": 0.4024651731725323,
      "rev_growth_yoy": 0.039397921929252226,
      "rev_growth_yoy_accel": -0.08632286400663194,
      "fcf_margin_change": 1.4155465311350741
    }
  ],
  "signals": [
    {
      "quarter": "2025-09 (Q3)",
      "signal": "FCF TURNED POSITIVE",
      "detail": "FCF margin: -101.3% -> +40.2%",
      "severity": "HIGH"
    },
    {
      "quarter": "2025-09 (Q3)",
      "signal": "YoY REVENUE GROWTH DECELERATION",
      "detail": "YoY growth: +3.9% vs prior quarter YoY: +12.6% (decel: -8.6%)",
      "severity": "WARNING"
    },
    {
      "quarter": "2025-06 (Q2)",
      "signal": "YoY REVENUE GROWTH ACCELERATION",
      "detail": "YoY growth: +12.6% vs prior quarter YoY: +6.8% (accel: +5.7%)",
      "severity": "MEDIUM"
    },
    {
      "quarter": "2025-03 (Q1)",
      "signal": "YoY REVENUE GROWTH ACCELERATION",
      "detail": "YoY growth: +6.8% vs prior quarter YoY: -0.6% (accel: +7.5%)",
      "severity": "MEDIUM"
    },
    {
      "quarter": "2024-12 (Q4)",
      "signal": "YoY REVENUE GROWTH DECELERATION",
      "detail": "YoY growth: -0.6% vs prior quarter YoY: +12.3% (decel: -13.0%)",
      "severity": "WARNING"
    },
    {
      "quarter": "2024-09 (Q3)",
      "signal": "YoY REVENUE GROWTH ACCELERATION",
      "detail": "YoY growth: +12.3% vs prior quarter YoY: +4.8% (accel: +7.5%)",
      "severity": "MEDIUM"
    },
    {
      "quarter": "2024-06 (Q2)",
      "signal": "FCF MARGIN EXPANSION",
      "detail": "FCF margin: +27.0% -> +35.7% (+8.8%)",
      "severity": "MEDIUM"
    },
    {
      "quarter": "2024-03 (Q1)",
      "signal": "FCF MARGIN EXPANSION",
      "detail": "FCF margin: +16.8% -> +27.0% (+10.1%)",
      "severity": "MEDIUM"
    },
    {
      "quarter": "2023-12 (Q4)",
      "signal": "YoY REVENUE GROWTH DECELERATION",
      "detail": "YoY growth: +2.3% vs prior quarter YoY: +16.8% (decel: -14.5%)",
      "severity": "WARNING"
    },
    {
      "quarter": "2023-06 (Q2)",
      "signal": "FCF MARGIN EXPANSION",
      "detail": "FCF margin: +17.9% -> +28.7% (+10.8%)",
      "severity": "MEDIUM"
    },
    {
      "quarter": "2023-06 (Q2)",
      "signal": "YoY REVENUE GROWTH ACCELERATION",
      "detail": "YoY growth: +15.5% vs prior quarter YoY: +6.5% (accel: +8.9%)",
      "severity": "MEDIUM"
    },
    {
      "quarter": "2023-03 (Q1)",
      "signal": "FCF TURNED POSITIVE",
      "detail": "FCF margin: -8.2% -> +17.9%",
      "severity": "HIGH"
    },
    {
      "quarter": "2022-12 (Q4)",
      "signal": "YoY REVENUE GROWTH ACCELERATION",
      "detail": "YoY growth: +3.9% vs prior quarter YoY: -8.2% (accel: +12.1%)",
      "severity": "MEDIUM"
    },
    {
      "quarter": "2022-06 (Q2)",
      "signal": "FCF MARGIN EXPANSION",
      "detail": "FCF margin: +10.6% -> +31.8% (+21.2%)",
      "severity": "MEDIUM"
    },
    {
      "quarter": "2022-06 (Q2)",
      "signal": "YoY REVENUE GROWTH DECELERATION",
      "detail": "YoY growth: -10.6% vs prior quarter YoY: +0.9% (decel: -11.5%)",
      "severity": "WARNING"
    },
    {
      "quarter": "2022-03 (Q1)",
      "signal": "YoY REVENUE GROWTH DECELERATION",
      "detail": "YoY growth: +0.9% vs prior quarter YoY: +9.1% (decel: -8.2%)",
      "severity": "WARNING"
    },
    {
      "quarter": "2021-09 (Q3)",
      "signal": "FCF MARGIN EXPANSION",
      "detail": "FCF margin: +29.1% -> +35.5% (+6.5%)",
      "severity": "MEDIUM"
    },
    {
      "quarter": "2021-06 (Q2)",
      "signal": "FCF MARGIN EXPANSION",
      "detail": "FCF margin: +11.6% -> +29.1% (+17.5%)",
      "severity": "MEDIUM"
    },
    {
      "quarter": "2021-03 (Q1)",
      "signal": "FCF TURNED POSITIVE",
      "detail": "FCF margin: -0.4% -> +11.6%",
      "severity": "HIGH"
    }
  ],
  "data_quality": {
    "n_quarters": 20,
    "coverage": {
      "revenue": [
        20,
        20
      ],
      "gross_profit": [
        0,
        20
      ],
      "op_income": [
        0,
        20
      ],
      "fcf": [
        20,
        20
      ]
    },
    "gaps": [],
    "warnings": [
      "gross_profit: no data",
      "op_income: no data"
    ]
  },
  "market_cap": null,
  "source": "SEC EDGAR",
  "last_updated": "2026-02-02T20:45:45.977245"
}