{
  "ticker": "AYR",
  "name": "Aircastle LTD",
  "quarters": [
    {
      "date": "2021-02-28T00:00:00",
      "quarter_label": "2021-02 (Q1)",
      "revenue": 197528000,
      "gross_profit": null,
      "operating_income": null,
      "net_income": -95828000,
      "opex": 295561000,
      "cogs": null,
      "rd": null,
      "sga": 17519000,
      "fcf": 50642000,
      "ocf": 50642000,
      "capex": null,
      "gross_margin": null,
      "op_margin": null,
      "fcf_margin": 0.25637884249321613
    },
    {
      "date": "2021-05-31T00:00:00",
      "quarter_label": "2021-05 (Q2)",
      "revenue": 165810000,
      "gross_profit": null,
      "operating_income": null,
      "net_income": -9753000,
      "opex": 184128000,
      "cogs": null,
      "rd": null,
      "sga": 15589000,
      "fcf": 69990000,
      "ocf": 69990000,
      "capex": null,
      "gross_margin": null,
      "op_margin": null,
      "fcf_margin": 0.42210964356793923,
      "fcf_margin_change": 0.1657308010747231
    },
    {
      "date": "2021-08-31T00:00:00",
      "quarter_label": "2021-08 (Q3)",
      "revenue": 157652000,
      "gross_profit": null,
      "operating_income": null,
      "net_income": 9803000,
      "opex": 184119000,
      "cogs": null,
      "rd": null,
      "sga": 15996000,
      "fcf": 109724000,
      "ocf": 109724000,
      "capex": null,
      "gross_margin": null,
      "op_margin": null,
      "fcf_margin": 0.695988633192094,
      "fcf_margin_change": 0.2738789896241548
    },
    {
      "date": "2021-11-30T00:00:00",
      "quarter_label": "2021-11 (Q4)",
      "revenue": 191480000,
      "gross_profit": null,
      "operating_income": null,
      "net_income": -62407000,
      "opex": 230911000,
      "cogs": null,
      "rd": null,
      "sga": 17141000,
      "fcf": 91721000,
      "ocf": 91721000,
      "capex": null,
      "gross_margin": null,
      "op_margin": null,
      "fcf_margin": 0.47901086275329013,
      "op_leverage_ratio": 0.844313700177737,
      "fcf_margin_change": -0.2169777704388039
    },
    {
      "date": "2022-02-28T00:00:00",
      "quarter_label": "2022-02 (Q1)",
      "revenue": 254845000,
      "gross_profit": null,
      "operating_income": null,
      "net_income": -215852000,
      "opex": 503406000,
      "cogs": null,
      "rd": null,
      "sga": 17624000,
      "fcf": 101430000,
      "ocf": 101430000,
      "capex": null,
      "gross_margin": null,
      "op_margin": null,
      "fcf_margin": 0.39800663148188115,
      "rev_growth_yoy": 0.2901715199870398,
      "op_leverage_ratio": 0.28042201434382746,
      "fcf_margin_change": -0.08100423127140899
    },
    {
      "date": "2022-05-31T00:00:00",
      "quarter_label": "2022-05 (Q2)",
      "revenue": 175564000,
      "gross_profit": null,
      "operating_income": null,
      "net_income": 7682000,
      "opex": 164601000,
      "cogs": null,
      "rd": null,
      "sga": 19916000,
      "fcf": 110293000,
      "ocf": 110293000,
      "capex": null,
      "gross_margin": null,
      "op_margin": null,
      "fcf_margin": 0.6282210475951789,
      "rev_growth_yoy": 0.058826367529099574,
      "rev_growth_yoy_accel": -0.23134515245794024,
      "fcf_margin_change": 0.2302144161132978
    },
    {
      "date": "2022-08-31T00:00:00",
      "quarter_label": "2022-08 (Q3)",
      "revenue": 173579000,
      "gross_profit": null,
      "operating_income": null,
      "net_income": -8693000,
      "opex": 189078000,
      "cogs": null,
      "rd": null,
      "sga": 17393000,
      "fcf": 105323000,
      "ocf": 105323000,
      "capex": null,
      "gross_margin": null,
      "op_margin": null,
      "fcf_margin": 0.6067727086801975,
      "rev_growth_yoy": 0.10102631111562176,
      "rev_growth_yoy_accel": 0.04219994358652218,
      "fcf_margin_change": -0.021448338914981435
    },
    {
      "date": "2022-11-30T00:00:00",
      "quarter_label": "2022-11 (Q4)",
      "revenue": 257516000,
      "gross_profit": null,
      "operating_income": null,
      "net_income": 50104000,
      "opex": 186145000,
      "cogs": null,
      "rd": null,
      "sga": 17999000,
      "fcf": 127915000,
      "ocf": 127915000,
      "capex": null,
      "gross_margin": null,
      "op_margin": null,
      "fcf_margin": 0.49672641699933207,
      "rev_growth_yoy": 0.3448715270524337,
      "rev_growth_yoy_accel": 0.2438452159368119,
      "op_leverage_ratio": Infinity,
      "fcf_margin_change": -0.11004629168086544
    },
    {
      "date": "2023-02-28T00:00:00",
      "quarter_label": "2023-02 (Q1)",
      "revenue": 189374000,
      "gross_profit": null,
      "operating_income": null,
      "net_income": 13666000,
      "opex": 183628000,
      "cogs": null,
      "rd": null,
      "sga": 21499000,
      "fcf": 94206000,
      "ocf": 94206000,
      "capex": null,
      "gross_margin": null,
      "op_margin": null,
      "fcf_margin": 0.4974600525943371,
      "rev_growth_yoy": -0.2569051776570072,
      "rev_growth_yoy_accel": -0.6017767047094409,
      "fcf_margin_change": 0.0007336355950050555
    },
    {
      "date": "2023-05-31T00:00:00",
      "quarter_label": "2023-05 (Q2)",
      "revenue": 218491000,
      "gross_profit": null,
      "operating_income": null,
      "net_income": 22770000,
      "opex": 183104000,
      "cogs": null,
      "rd": null,
      "sga": 20835000,
      "fcf": 100450000,
      "ocf": 100450000,
      "capex": null,
      "gross_margin": null,
      "op_margin": null,
      "fcf_margin": 0.4597443372953577,
      "rev_growth_yoy": 0.24450912487753754,
      "rev_growth_yoy_accel": 0.5014143025345448,
      "op_leverage_ratio": Infinity,
      "fcf_margin_change": -0.037715715298979435
    },
    {
      "date": "2023-08-31T00:00:00",
      "quarter_label": "2023-08 (Q3)",
      "revenue": 167956000,
      "gross_profit": null,
      "operating_income": null,
      "net_income": 5518000,
      "opex": 171365000,
      "cogs": null,
      "rd": null,
      "sga": 18882000,
      "fcf": 85965000,
      "ocf": 85965000,
      "capex": null,
      "gross_margin": null,
      "op_margin": null,
      "fcf_margin": 0.5118304794112744,
      "rev_growth_yoy": -0.032394471681482205,
      "rev_growth_yoy_accel": -0.27690359655901975,
      "fcf_margin_change": 0.05208614211591667
    },
    {
      "date": "2023-11-30T00:00:00",
      "quarter_label": "2023-11 (Q4)",
      "revenue": 238746000,
      "gross_profit": null,
      "operating_income": null,
      "net_income": 25645000,
      "opex": 209530000,
      "cogs": null,
      "rd": null,
      "sga": 18500000,
      "fcf": 122652000,
      "ocf": 122652000,
      "capex": null,
      "gross_margin": null,
      "op_margin": null,
      "fcf_margin": 0.5137342615164233,
      "rev_growth_yoy": -0.07288867487845416,
      "rev_growth_yoy_accel": -0.04049420319697195,
      "op_leverage_ratio": 1.8924884945427038,
      "fcf_margin_change": 0.0019037821051489656
    },
    {
      "date": "2024-02-29T00:00:00",
      "quarter_label": "2024-02 (Q1)",
      "revenue": 230223000,
      "gross_profit": null,
      "operating_income": null,
      "net_income": 29383000,
      "opex": 192612000,
      "cogs": null,
      "rd": null,
      "sga": 23910000,
      "fcf": 61187000,
      "ocf": 61187000,
      "capex": null,
      "gross_margin": null,
      "op_margin": null,
      "fcf_margin": 0.2657727507677339,
      "rev_growth_yoy": 0.21570542946761434,
      "rev_growth_yoy_accel": 0.28859410434606847,
      "fcf_margin_change": -0.24796151074868944
    },
    {
      "date": "2024-05-31T00:00:00",
      "quarter_label": "2024-05 (Q2)",
      "revenue": 205173000,
      "gross_profit": null,
      "operating_income": null,
      "net_income": 16081000,
      "opex": 185735000,
      "cogs": null,
      "rd": null,
      "sga": 22055000,
      "fcf": 147004000,
      "ocf": 147004000,
      "capex": null,
      "gross_margin": null,
      "op_margin": null,
      "fcf_margin": 0.7164880369249366,
      "rev_growth_yoy": -0.060954455789941006,
      "rev_growth_yoy_accel": -0.27665988525755536,
      "fcf_margin_change": 0.4507152861572027
    },
    {
      "date": "2024-08-31T00:00:00",
      "quarter_label": "2024-08 (Q3)",
      "revenue": 216668000,
      "gross_profit": null,
      "operating_income": null,
      "net_income": 28659000,
      "opex": 180472000,
      "cogs": null,
      "rd": null,
      "sga": 20090000,
      "fcf": 57899000,
      "ocf": 57899000,
      "capex": null,
      "gross_margin": null,
      "op_margin": null,
      "fcf_margin": 0.26722450938763453,
      "rev_growth_yoy": 0.2900283407559123,
      "rev_growth_yoy_accel": 0.3509827965458533,
      "op_leverage_ratio": Infinity,
      "fcf_margin_change": -0.44926352753730203
    },
    {
      "date": "2024-11-30T00:00:00",
      "quarter_label": "2024-11 (Q4)",
      "revenue": 193576000,
      "gross_profit": null,
      "operating_income": null,
      "net_income": 18095000,
      "opex": 178073000,
      "cogs": null,
      "rd": null,
      "sga": 18426000,
      "fcf": 162159000,
      "ocf": 162159000,
      "capex": null,
      "gross_margin": null,
      "op_margin": null,
      "fcf_margin": 0.8377019878497335,
      "rev_growth_yoy": -0.189196887068265,
      "rev_growth_yoy_accel": -0.4792252278241773,
      "fcf_margin_change": 0.570477478462099
    },
    {
      "date": "2025-02-28T00:00:00",
      "quarter_label": "2025-02 (Q1)",
      "revenue": 205558000,
      "gross_profit": null,
      "operating_income": null,
      "net_income": 60778000,
      "opex": 190769000,
      "cogs": null,
      "rd": null,
      "sga": 25845000,
      "fcf": 96959000,
      "ocf": 96959000,
      "capex": null,
      "gross_margin": null,
      "op_margin": null,
      "fcf_margin": 0.4716868231837243,
      "rev_growth_yoy": -0.10713525581718594,
      "rev_growth_yoy_accel": 0.08206163125107907,
      "op_leverage_ratio": 0.8681783776762153,
      "fcf_margin_change": -0.3660151646660092
    },
    {
      "date": "2025-05-31T00:00:00",
      "quarter_label": "2025-05 (Q2)",
      "revenue": 259844000,
      "gross_profit": null,
      "operating_income": null,
      "net_income": 49287000,
      "opex": 194800000,
      "cogs": null,
      "rd": null,
      "sga": 20691000,
      "fcf": 127872000,
      "ocf": 127872000,
      "capex": null,
      "gross_margin": null,
      "op_margin": null,
      "fcf_margin": 0.4921106510059882,
      "rev_growth_yoy": 0.2664629361563169,
      "rev_growth_yoy_accel": 0.37359819197350286,
      "op_leverage_ratio": 12.49822859837495,
      "fcf_margin_change": 0.02042382782226393
    },
    {
      "date": "2025-08-31T00:00:00",
      "quarter_label": "2025-08 (Q3)",
      "revenue": 227510000,
      "gross_profit": null,
      "operating_income": null,
      "net_income": 57233000,
      "opex": 226552000,
      "cogs": null,
      "rd": null,
      "sga": 24247000,
      "fcf": 90775000,
      "ocf": 90775000,
      "capex": null,
      "gross_margin": null,
      "op_margin": null,
      "fcf_margin": 0.39899345083732585,
      "rev_growth_yoy": 0.05003969206343346,
      "rev_growth_yoy_accel": -0.21642324409288344,
      "fcf_margin_change": -0.09311720016866237
    },
    {
      "date": "2025-11-30T00:00:00",
      "quarter_label": "2025-11 (Q4)",
      "revenue": 236422000,
      "gross_profit": null,
      "operating_income": null,
      "net_income": 30692000,
      "opex": 209048000,
      "cogs": null,
      "rd": null,
      "sga": 21034000,
      "fcf": 148596000,
      "ocf": 148596000,
      "capex": null,
      "gross_margin": null,
      "op_margin": null,
      "fcf_margin": 0.6285201884765377,
      "rev_growth_yoy": 0.22133942224242675,
      "rev_growth_yoy_accel": 0.1712997301789933,
      "op_leverage_ratio": Infinity,
      "fcf_margin_change": 0.22952673763921183
    }
  ],
  "signals": [
    {
      "quarter": "2025-11 (Q4)",
      "signal": "FCF MARGIN EXPANSION",
      "detail": "FCF margin: +39.9% -> +62.9% (+23.0%)",
      "severity": "MEDIUM"
    },
    {
      "quarter": "2025-11 (Q4)",
      "signal": "YoY REVENUE GROWTH ACCELERATION",
      "detail": "YoY growth: +22.1% vs prior quarter YoY: +5.0% (accel: +17.1%)",
      "severity": "HIGH"
    },
    {
      "quarter": "2025-08 (Q3)",
      "signal": "YoY REVENUE GROWTH DECELERATION",
      "detail": "YoY growth: +5.0% vs prior quarter YoY: +26.6% (decel: -21.6%)",
      "severity": "WARNING"
    },
    {
      "quarter": "2025-05 (Q2)",
      "signal": "OPERATING LEVERAGE",
      "detail": "Rev growth +26.4% vs OpEx growth +2.1% (leverage: 12.5x)",
      "severity": "MEDIUM"
    },
    {
      "quarter": "2025-05 (Q2)",
      "signal": "YoY REVENUE GROWTH ACCELERATION",
      "detail": "YoY growth: +26.6% vs prior quarter YoY: -10.7% (accel: +37.4%)",
      "severity": "HIGH"
    },
    {
      "quarter": "2025-02 (Q1)",
      "signal": "YoY REVENUE GROWTH ACCELERATION",
      "detail": "YoY growth: -10.7% vs prior quarter YoY: -18.9% (accel: +8.2%)",
      "severity": "MEDIUM"
    },
    {
      "quarter": "2024-11 (Q4)",
      "signal": "FCF MARGIN EXPANSION",
      "detail": "FCF margin: +26.7% -> +83.8% (+57.0%)",
      "severity": "MEDIUM"
    },
    {
      "quarter": "2024-11 (Q4)",
      "signal": "YoY REVENUE GROWTH DECELERATION",
      "detail": "YoY growth: -18.9% vs prior quarter YoY: +29.0% (decel: -47.9%)",
      "severity": "WARNING"
    },
    {
      "quarter": "2024-08 (Q3)",
      "signal": "YoY REVENUE GROWTH ACCELERATION",
      "detail": "YoY growth: +29.0% vs prior quarter YoY: -6.1% (accel: +35.1%)",
      "severity": "HIGH"
    },
    {
      "quarter": "2024-05 (Q2)",
      "signal": "FCF MARGIN EXPANSION",
      "detail": "FCF margin: +26.6% -> +71.6% (+45.1%)",
      "severity": "MEDIUM"
    },
    {
      "quarter": "2024-05 (Q2)",
      "signal": "YoY REVENUE GROWTH DECELERATION",
      "detail": "YoY growth: -6.1% vs prior quarter YoY: +21.6% (decel: -27.7%)",
      "severity": "WARNING"
    },
    {
      "quarter": "2024-02 (Q1)",
      "signal": "YoY REVENUE GROWTH ACCELERATION",
      "detail": "YoY growth: +21.6% vs prior quarter YoY: -7.3% (accel: +28.9%)",
      "severity": "HIGH"
    },
    {
      "quarter": "2023-11 (Q4)",
      "signal": "OPERATING LEVERAGE",
      "detail": "Rev growth +42.1% vs OpEx growth +22.3% (leverage: 1.9x)",
      "severity": "MEDIUM"
    },
    {
      "quarter": "2023-08 (Q3)",
      "signal": "FCF MARGIN EXPANSION",
      "detail": "FCF margin: +46.0% -> +51.2% (+5.2%)",
      "severity": "MEDIUM"
    },
    {
      "quarter": "2023-08 (Q3)",
      "signal": "YoY REVENUE GROWTH DECELERATION",
      "detail": "YoY growth: -3.2% vs prior quarter YoY: +24.5% (decel: -27.7%)",
      "severity": "WARNING"
    },
    {
      "quarter": "2023-05 (Q2)",
      "signal": "YoY REVENUE GROWTH ACCELERATION",
      "detail": "YoY growth: +24.5% vs prior quarter YoY: -25.7% (accel: +50.1%)",
      "severity": "HIGH"
    },
    {
      "quarter": "2023-02 (Q1)",
      "signal": "YoY REVENUE GROWTH DECELERATION",
      "detail": "YoY growth: -25.7% vs prior quarter YoY: +34.5% (decel: -60.2%)",
      "severity": "WARNING"
    },
    {
      "quarter": "2022-11 (Q4)",
      "signal": "YoY REVENUE GROWTH ACCELERATION",
      "detail": "YoY growth: +34.5% vs prior quarter YoY: +10.1% (accel: +24.4%)",
      "severity": "HIGH"
    },
    {
      "quarter": "2022-05 (Q2)",
      "signal": "FCF MARGIN EXPANSION",
      "detail": "FCF margin: +39.8% -> +62.8% (+23.0%)",
      "severity": "MEDIUM"
    },
    {
      "quarter": "2022-05 (Q2)",
      "signal": "YoY REVENUE GROWTH DECELERATION",
      "detail": "YoY growth: +5.9% vs prior quarter YoY: +29.0% (decel: -23.1%)",
      "severity": "WARNING"
    },
    {
      "quarter": "2021-08 (Q3)",
      "signal": "FCF MARGIN EXPANSION",
      "detail": "FCF margin: +42.2% -> +69.6% (+27.4%)",
      "severity": "MEDIUM"
    },
    {
      "quarter": "2021-05 (Q2)",
      "signal": "FCF MARGIN EXPANSION",
      "detail": "FCF margin: +25.6% -> +42.2% (+16.6%)",
      "severity": "MEDIUM"
    }
  ],
  "data_quality": {
    "n_quarters": 20,
    "coverage": {
      "revenue": [
        20,
        20
      ],
      "gross_profit": [
        0,
        20
      ],
      "op_income": [
        0,
        20
      ],
      "fcf": [
        20,
        20
      ]
    },
    "gaps": [],
    "warnings": [
      "gross_profit: no data",
      "op_income: no data"
    ]
  },
  "market_cap": null,
  "source": "SEC EDGAR",
  "last_updated": "2026-02-02T21:30:08.600089"
}