{
  "ticker": "AZO",
  "name": "AutoZone, Inc.",
  "quarters": [
    {
      "date": "2019-05-04T00:00:00",
      "quarter_label": "2019-05 (Q2)",
      "revenue": 2783006000,
      "gross_profit": 1492020000,
      "operating_income": 547523000,
      "net_income": 405949000,
      "opex": 944497000,
      "cogs": 1290986000,
      "rd": null,
      "sga": 944497000,
      "fcf": null,
      "ocf": null,
      "capex": null,
      "gross_margin": 0.53611813988184,
      "op_margin": 0.19673798762920383,
      "fcf_margin": null
    },
    {
      "date": "2019-11-23T00:00:00",
      "quarter_label": "2019-11 (Q4)",
      "revenue": 2793038000,
      "gross_profit": 1501068000,
      "operating_income": 500023000,
      "net_income": 350338000,
      "opex": 1001045000,
      "cogs": 1291970000,
      "rd": null,
      "sga": 1001045000,
      "fcf": 345695000,
      "ocf": 447102000,
      "capex": -101407000,
      "gross_margin": 0.5374320005671244,
      "op_margin": 0.1790247751731269,
      "fcf_margin": 0.12377024587563792
    },
    {
      "date": "2020-02-15T00:00:00",
      "quarter_label": "2020-02 (Q1)",
      "revenue": 2513663000,
      "gross_profit": 1366063000,
      "operating_income": 407938000,
      "net_income": 299282000,
      "opex": 958125000,
      "cogs": 1147600000,
      "rd": null,
      "sga": 958125000,
      "fcf": null,
      "ocf": null,
      "capex": null,
      "gross_margin": 0.5434551091375415,
      "op_margin": 0.16228826218948203,
      "fcf_margin": null
    },
    {
      "date": "2020-05-09T00:00:00",
      "quarter_label": "2020-05 (Q2)",
      "revenue": 2779299000,
      "gross_profit": 1490648000,
      "operating_income": 491673000,
      "net_income": 342896000,
      "opex": 998975000,
      "cogs": 1288651000,
      "rd": null,
      "sga": 998975000,
      "fcf": null,
      "ocf": null,
      "capex": null,
      "gross_margin": 0.5363395590039071,
      "op_margin": 0.17690539952700304,
      "fcf_margin": null,
      "incr_op_margin_yoy": 15.066091178850822,
      "rev_growth_yoy": -0.001332012938527621,
      "op_leverage_ratio": 2.4786202339264314
    },
    {
      "date": "2020-11-21T00:00:00",
      "quarter_label": "2020-11 (Q4)",
      "revenue": 3154261000,
      "gross_profit": 1675617000,
      "operating_income": 615225000,
      "net_income": 442433000,
      "opex": 1060392000,
      "cogs": 1478644000,
      "rd": null,
      "sga": 1060392000,
      "fcf": 570455000,
      "ocf": 683491000,
      "capex": -113036000,
      "gross_margin": 0.5312233198203953,
      "op_margin": 0.19504568581991155,
      "fcf_margin": 0.1808521869306313,
      "incr_op_margin_yoy": 0.31892210628891293,
      "rev_growth_yoy": 0.1293297835546813,
      "rev_growth_yoy_accel": 0.13066179649320891,
      "op_leverage_ratio": 2.1944111777810527
    },
    {
      "date": "2021-02-13T00:00:00",
      "quarter_label": "2021-02 (Q1)",
      "revenue": 2910818000,
      "gross_profit": 1559383000,
      "operating_income": 481767000,
      "net_income": 345946000,
      "opex": 1077616000,
      "cogs": 1351435000,
      "rd": null,
      "sga": 1077616000,
      "fcf": null,
      "ocf": null,
      "capex": null,
      "gross_margin": 0.5357198560679507,
      "op_margin": 0.16550914553915771,
      "fcf_margin": null,
      "incr_op_margin_yoy": 0.18589467588221223,
      "rev_growth_yoy": 0.1579985065619377,
      "rev_growth_yoy_accel": 0.028668723007256397
    },
    {
      "date": "2021-05-08T00:00:00",
      "quarter_label": "2021-05 (Q2)",
      "revenue": 3651023000,
      "gross_profit": 1914946000,
      "operating_income": 803505000,
      "net_income": 596164000,
      "opex": 1111441000,
      "cogs": 1736077000,
      "rd": null,
      "sga": 1111441000,
      "fcf": null,
      "ocf": null,
      "capex": null,
      "gross_margin": 0.5244957372221429,
      "op_margin": 0.2200766744005721,
      "fcf_margin": null,
      "incr_op_margin_yoy": 0.3577187274871404,
      "rev_growth_yoy": 0.313648873331009,
      "rev_growth_yoy_accel": 0.1556503667690713,
      "op_leverage_ratio": 8.101458063177095
    },
    {
      "date": "2021-11-20T00:00:00",
      "quarter_label": "2021-11 (Q4)",
      "revenue": 3668904000,
      "gross_profit": 1925160000,
      "operating_income": 754485000,
      "net_income": 555235000,
      "opex": 1170675000,
      "cogs": 1743744000,
      "rd": null,
      "sga": 1170675000,
      "fcf": 675661000,
      "ocf": 777930000,
      "capex": -102269000,
      "gross_margin": 0.5247234596489851,
      "op_margin": 0.20564315664841598,
      "fcf_margin": 0.1841588114597711,
      "incr_op_margin_yoy": 0.27059534473411667,
      "rev_growth_yoy": 0.16315802655518996,
      "rev_growth_yoy_accel": -0.15049084677581903
    },
    {
      "date": "2022-02-12T00:00:00",
      "quarter_label": "2022-02 (Q1)",
      "revenue": 3369750000,
      "gross_profit": 1785226000,
      "operating_income": 626760000,
      "net_income": 471755000,
      "opex": 1158466000,
      "cogs": 1584524000,
      "rd": null,
      "sga": 1158466000,
      "fcf": null,
      "ocf": null,
      "capex": null,
      "gross_margin": 0.5297799540025224,
      "op_margin": 0.18599599376808368,
      "fcf_margin": null,
      "incr_op_margin_yoy": 0.3159356941769151,
      "rev_growth_yoy": 0.15766427169269945,
      "rev_growth_yoy_accel": -0.005493754862490513
    },
    {
      "date": "2022-05-07T00:00:00",
      "quarter_label": "2022-05 (Q2)",
      "revenue": 3865222000,
      "gross_profit": 2006414000,
      "operating_income": 785670000,
      "net_income": 592571000,
      "opex": 1220744000,
      "cogs": 1858808000,
      "rd": null,
      "sga": 1220744000,
      "fcf": null,
      "ocf": null,
      "capex": null,
      "gross_margin": 0.5190941167156764,
      "op_margin": 0.20326646179701968,
      "fcf_margin": null,
      "incr_op_margin_yoy": -0.08326369404152213,
      "rev_growth_yoy": 0.05866821436074218,
      "rev_growth_yoy_accel": -0.09899605733195727,
      "op_leverage_ratio": 2.7350802264889342
    },
    {
      "date": "2022-11-19T00:00:00",
      "quarter_label": "2022-11 (Q4)",
      "revenue": 3985067000,
      "gross_profit": 1994622000,
      "operating_income": 723033000,
      "net_income": 539318000,
      "opex": 1271589000,
      "cogs": 1990445000,
      "rd": null,
      "sga": 1271589000,
      "fcf": 679190000,
      "ocf": 793587000,
      "capex": -114397000,
      "gross_margin": 0.500524081527362,
      "op_margin": 0.18143559443291668,
      "fcf_margin": 0.17043377187886677,
      "incr_op_margin_yoy": -0.09948033134807045,
      "rev_growth_yoy": 0.08617369110775316,
      "rev_growth_yoy_accel": 0.027505476747010982,
      "op_leverage_ratio": 0.744426498254035
    },
    {
      "date": "2023-02-11T00:00:00",
      "quarter_label": "2023-02 (Q1)",
      "revenue": 3690982000,
      "gross_profit": 1930003000,
      "operating_income": 669977000,
      "net_income": 476544000,
      "opex": 1260026000,
      "cogs": 1760979000,
      "rd": null,
      "sga": 1260026000,
      "fcf": null,
      "ocf": null,
      "capex": null,
      "gross_margin": 0.5228968876033533,
      "op_margin": 0.18151727643212565,
      "fcf_margin": null,
      "incr_op_margin_yoy": 0.13453516461622753,
      "rev_growth_yoy": 0.09532814006973811,
      "rev_growth_yoy_accel": 0.009154448961984946
    },
    {
      "date": "2023-05-06T00:00:00",
      "quarter_label": "2023-05 (Q2)",
      "revenue": 4090541000,
      "gross_profit": 2146126000,
      "operating_income": 858481000,
      "net_income": 647723000,
      "opex": 1287645000,
      "cogs": 1944415000,
      "rd": null,
      "sga": 1287645000,
      "fcf": null,
      "ocf": null,
      "capex": null,
      "gross_margin": 0.5246557851394229,
      "op_margin": 0.2098697947288635,
      "fcf_margin": null,
      "incr_op_margin_yoy": 0.32314629480869345,
      "rev_growth_yoy": 0.058293934992608445,
      "rev_growth_yoy_accel": -0.037034205077129664,
      "op_leverage_ratio": 4.9386761309230796
    },
    {
      "date": "2023-11-18T00:00:00",
      "quarter_label": "2023-11 (Q4)",
      "revenue": 4190277000,
      "gross_profit": 2214016000,
      "operating_income": 848604000,
      "net_income": 593463000,
      "opex": 1365412000,
      "cogs": 1976261000,
      "rd": null,
      "sga": 1365412000,
      "fcf": 594831000,
      "ocf": 830259000,
      "capex": -235428000,
      "gross_margin": 0.528369842852871,
      "op_margin": 0.20251739920773734,
      "fcf_margin": 0.1419550545226485,
      "incr_op_margin_yoy": 0.6119146240436626,
      "rev_growth_yoy": 0.05149474274836534,
      "rev_growth_yoy_accel": -0.006799192244243107,
      "op_leverage_ratio": 0.4037123142153812
    },
    {
      "date": "2024-02-10T00:00:00",
      "quarter_label": "2024-02 (Q1)",
      "revenue": 3859126000,
      "gross_profit": 2079652000,
      "operating_income": 743242000,
      "net_income": 515030000,
      "opex": 1336410000,
      "cogs": 1779474000,
      "rd": null,
      "sga": 1336410000,
      "fcf": null,
      "ocf": null,
      "capex": null,
      "gross_margin": 0.5388919667302907,
      "op_margin": 0.19259334885671003,
      "fcf_margin": null,
      "incr_op_margin_yoy": 0.4357277095822628,
      "rev_growth_yoy": 0.045555356271041146,
      "rev_growth_yoy_accel": -0.005939386477324192
    },
    {
      "date": "2024-05-04T00:00:00",
      "quarter_label": "2024-05 (Q2)",
      "revenue": 4235485000,
      "gross_profit": 2265522000,
      "operating_income": 900181000,
      "net_income": 651726000,
      "opex": 1365341000,
      "cogs": 1969963000,
      "rd": null,
      "sga": 1365341000,
      "fcf": null,
      "ocf": null,
      "capex": null,
      "gross_margin": 0.534890809435047,
      "op_margin": 0.21253315735978287,
      "fcf_margin": null,
      "incr_op_margin_yoy": 0.2876973175847224,
      "rev_growth_yoy": 0.035433943823078656,
      "rev_growth_yoy_accel": -0.01012141244796249,
      "op_leverage_ratio": 4.504946304112646
    },
    {
      "date": "2024-11-23T00:00:00",
      "quarter_label": "2024-11 (Q4)",
      "revenue": 4279641000,
      "gross_profit": 2268057000,
      "operating_income": 841149000,
      "net_income": 564933000,
      "opex": 1426908000,
      "cogs": 2011584000,
      "rd": null,
      "sga": 1426908000,
      "fcf": 564768000,
      "ocf": 811803000,
      "capex": -247035000,
      "gross_margin": 0.5299643124271405,
      "op_margin": 0.19654662622402205,
      "fcf_margin": 0.1319662093152206,
      "incr_op_margin_yoy": -0.08342285484087553,
      "rev_growth_yoy": 0.02132651373644272,
      "rev_growth_yoy_accel": -0.014107430086635935,
      "op_leverage_ratio": 0.2311956808848143
    },
    {
      "date": "2025-02-15T00:00:00",
      "quarter_label": "2025-02 (Q1)",
      "revenue": 3952012000,
      "gross_profit": 2128401000,
      "operating_income": 706767000,
      "net_income": 487923000,
      "opex": 1421634000,
      "cogs": 1823611000,
      "rd": null,
      "sga": 1421634000,
      "fcf": null,
      "ocf": null,
      "capex": null,
      "gross_margin": 0.5385613707650685,
      "op_margin": 0.17883726061560543,
      "fcf_margin": null,
      "incr_op_margin_yoy": -0.3926856576879185,
      "rev_growth_yoy": 0.02406918043100951,
      "rev_growth_yoy_accel": 0.0027426666945667873
    },
    {
      "date": "2025-05-10T00:00:00",
      "quarter_label": "2025-05 (Q2)",
      "revenue": 4464339000,
      "gross_profit": 2353523000,
      "operating_income": 866174000,
      "net_income": 608440000,
      "opex": 1487349000,
      "cogs": 2110816000,
      "rd": null,
      "sga": 1487349000,
      "fcf": null,
      "ocf": null,
      "capex": null,
      "gross_margin": 0.5271828595453885,
      "op_margin": 0.19402066016940023,
      "fcf_margin": null,
      "incr_op_margin_yoy": -0.14859692205510938,
      "rev_growth_yoy": 0.054032537005797444,
      "rev_growth_yoy_accel": 0.029963356574787936,
      "op_leverage_ratio": 2.804479558404382
    },
    {
      "date": "2025-11-22T00:00:00",
      "quarter_label": "2025-11 (Q4)",
      "revenue": 4628630000,
      "gross_profit": 2359313000,
      "operating_income": 784205000,
      "net_income": 530823000,
      "opex": 1575108000,
      "cogs": 2269317000,
      "rd": null,
      "sga": 1575108000,
      "fcf": 629998000,
      "ocf": 944171000,
      "capex": -314173000,
      "gross_margin": 0.5097216671023608,
      "op_margin": 0.16942486221624972,
      "fcf_margin": 0.136108956645919,
      "incr_op_margin_yoy": -0.16316846662788798,
      "rev_growth_yoy": 0.08154632596519194,
      "rev_growth_yoy_accel": 0.0275137889593945,
      "op_leverage_ratio": 0.6237029922592611
    }
  ],
  "signals": [
    {
      "quarter": "2025-05 (Q2)",
      "signal": "OPERATING LEVERAGE",
      "detail": "Rev growth +13.0% vs OpEx growth +4.6% (leverage: 2.8x)",
      "severity": "MEDIUM"
    },
    {
      "quarter": "2024-05 (Q2)",
      "signal": "OPERATING LEVERAGE",
      "detail": "Rev growth +9.8% vs OpEx growth +2.2% (leverage: 4.5x)",
      "severity": "MEDIUM"
    },
    {
      "quarter": "2024-02 (Q1)",
      "signal": "INCREMENTAL MARGIN (YoY)",
      "detail": "YoY Incr OPM: +43.6% vs year-ago OPM: +18.2%",
      "severity": "HIGH"
    },
    {
      "quarter": "2023-11 (Q4)",
      "signal": "INCREMENTAL MARGIN (YoY)",
      "detail": "YoY Incr OPM: +61.2% vs year-ago OPM: +18.1%",
      "severity": "HIGH"
    },
    {
      "quarter": "2023-05 (Q2)",
      "signal": "OPERATING LEVERAGE",
      "detail": "Rev growth +10.8% vs OpEx growth +2.2% (leverage: 4.9x)",
      "severity": "MEDIUM"
    },
    {
      "quarter": "2023-05 (Q2)",
      "signal": "INCREMENTAL MARGIN (YoY)",
      "detail": "YoY Incr OPM: +32.3% vs year-ago OPM: +20.3%",
      "severity": "MEDIUM"
    },
    {
      "quarter": "2023-02 (Q1)",
      "signal": "GROSS MARGIN INFLECTION",
      "detail": "GM: +51.9% -> +50.1% -> +52.3% (reversal +2.2%)",
      "severity": "MEDIUM"
    },
    {
      "quarter": "2022-05 (Q2)",
      "signal": "OPERATING LEVERAGE",
      "detail": "Rev growth +14.7% vs OpEx growth +5.4% (leverage: 2.7x)",
      "severity": "MEDIUM"
    },
    {
      "quarter": "2022-05 (Q2)",
      "signal": "YoY REVENUE GROWTH DECELERATION",
      "detail": "YoY growth: +5.9% vs prior quarter YoY: +15.8% (decel: -9.9%)",
      "severity": "WARNING"
    },
    {
      "quarter": "2022-02 (Q1)",
      "signal": "INCREMENTAL MARGIN (YoY)",
      "detail": "YoY Incr OPM: +31.6% vs year-ago OPM: +16.6%",
      "severity": "MEDIUM"
    },
    {
      "quarter": "2021-11 (Q4)",
      "signal": "YoY REVENUE GROWTH DECELERATION",
      "detail": "YoY growth: +16.3% vs prior quarter YoY: +31.4% (decel: -15.0%)",
      "severity": "WARNING"
    },
    {
      "quarter": "2021-05 (Q2)",
      "signal": "OPERATING LEVERAGE",
      "detail": "Rev growth +25.4% vs OpEx growth +3.1% (leverage: 8.1x)",
      "severity": "MEDIUM"
    },
    {
      "quarter": "2021-05 (Q2)",
      "signal": "YoY REVENUE GROWTH ACCELERATION",
      "detail": "YoY growth: +31.4% vs prior quarter YoY: +15.8% (accel: +15.6%)",
      "severity": "HIGH"
    },
    {
      "quarter": "2021-05 (Q2)",
      "signal": "INCREMENTAL MARGIN (YoY)",
      "detail": "YoY Incr OPM: +35.8% vs year-ago OPM: +17.7%",
      "severity": "MEDIUM"
    },
    {
      "quarter": "2020-11 (Q4)",
      "signal": "OPERATING LEVERAGE",
      "detail": "Rev growth +13.5% vs OpEx growth +6.1% (leverage: 2.2x)",
      "severity": "MEDIUM"
    },
    {
      "quarter": "2020-11 (Q4)",
      "signal": "YoY REVENUE GROWTH ACCELERATION",
      "detail": "YoY growth: +12.9% vs prior quarter YoY: -0.1% (accel: +13.1%)",
      "severity": "MEDIUM"
    },
    {
      "quarter": "2020-11 (Q4)",
      "signal": "INCREMENTAL MARGIN (YoY)",
      "detail": "YoY Incr OPM: +31.9% vs year-ago OPM: +17.9%",
      "severity": "MEDIUM"
    },
    {
      "quarter": "2020-05 (Q2)",
      "signal": "OPERATING LEVERAGE",
      "detail": "Rev growth +10.6% vs OpEx growth +4.3% (leverage: 2.5x)",
      "severity": "MEDIUM"
    },
    {
      "quarter": "2020-05 (Q2)",
      "signal": "INCREMENTAL MARGIN (YoY)",
      "detail": "YoY Incr OPM: +1506.6% vs year-ago OPM: +19.7%",
      "severity": "HIGH"
    }
  ],
  "data_quality": {
    "n_quarters": 20,
    "coverage": {
      "revenue": [
        20,
        20
      ],
      "gross_profit": [
        20,
        20
      ],
      "op_income": [
        20,
        20
      ],
      "fcf": [
        7,
        20
      ]
    },
    "gaps": [
      [
        "2019-05 (Q2)",
        "2019-11 (Q4)",
        203
      ],
      [
        "2020-05 (Q2)",
        "2020-11 (Q4)",
        196
      ],
      [
        "2021-05 (Q2)",
        "2021-11 (Q4)",
        196
      ],
      [
        "2022-05 (Q2)",
        "2022-11 (Q4)",
        196
      ],
      [
        "2023-05 (Q2)",
        "2023-11 (Q4)",
        196
      ],
      [
        "2024-05 (Q2)",
        "2024-11 (Q4)",
        203
      ],
      [
        "2025-05 (Q2)",
        "2025-11 (Q4)",
        196
      ]
    ],
    "warnings": [
      "fcf: 7/20Q",
      "gap: 1Q missing between 2019-05 (Q2) and 2019-11 (Q4)",
      "gap: 1Q missing between 2020-05 (Q2) and 2020-11 (Q4)",
      "gap: 1Q missing between 2021-05 (Q2) and 2021-11 (Q4)",
      "gap: 1Q missing between 2022-05 (Q2) and 2022-11 (Q4)",
      "gap: 1Q missing between 2023-05 (Q2) and 2023-11 (Q4)",
      "gap: 1Q missing between 2024-05 (Q2) and 2024-11 (Q4)",
      "gap: 1Q missing between 2025-05 (Q2) and 2025-11 (Q4)"
    ]
  },
  "market_cap": null,
  "source": "SEC EDGAR",
  "last_updated": "2026-02-02T19:56:22.777612",
  "sector": "Consumer Cyclical",
  "industry": "Auto Parts"
}