{
  "ticker": "BAC-PM",
  "name": "BANK OF AMERICA CORPORATION",
  "quarters": [
    {
      "date": "2020-12-31T00:00:00",
      "quarter_label": "2020-12 (Q4)",
      "revenue": 20099000000,
      "gross_profit": null,
      "operating_income": null,
      "net_income": 5470000000,
      "opex": null,
      "cogs": null,
      "rd": null,
      "sga": null,
      "fcf": 54594000000,
      "ocf": 54594000000,
      "capex": null,
      "gross_margin": null,
      "op_margin": null,
      "fcf_margin": 2.716254540026867
    },
    {
      "date": "2021-03-31T00:00:00",
      "quarter_label": "2021-03 (Q1)",
      "revenue": 22821000000,
      "gross_profit": null,
      "operating_income": null,
      "net_income": 8050000000,
      "opex": null,
      "cogs": null,
      "rd": null,
      "sga": null,
      "fcf": -52328000000,
      "ocf": -52328000000,
      "capex": null,
      "gross_margin": null,
      "op_margin": null,
      "fcf_margin": -2.292975767933044,
      "fcf_margin_change": -5.0092303079599105
    },
    {
      "date": "2021-06-30T00:00:00",
      "quarter_label": "2021-06 (Q2)",
      "revenue": 21466000000,
      "gross_profit": null,
      "operating_income": null,
      "net_income": 9224000000,
      "opex": null,
      "cogs": null,
      "rd": null,
      "sga": null,
      "fcf": -9311000000,
      "ocf": -9311000000,
      "capex": null,
      "gross_margin": null,
      "op_margin": null,
      "fcf_margin": -0.4337557066989658,
      "fcf_margin_change": 1.8592200612340783
    },
    {
      "date": "2021-09-30T00:00:00",
      "quarter_label": "2021-09 (Q3)",
      "revenue": 22766000000,
      "gross_profit": null,
      "operating_income": null,
      "net_income": 7691000000,
      "opex": null,
      "cogs": null,
      "rd": null,
      "sga": null,
      "fcf": 9795000000,
      "ocf": 9795000000,
      "capex": null,
      "gross_margin": null,
      "op_margin": null,
      "fcf_margin": 0.4302468593516648,
      "fcf_margin_change": 0.8640025660506305
    },
    {
      "date": "2021-12-31T00:00:00",
      "quarter_label": "2021-12 (Q4)",
      "revenue": 22060000000,
      "gross_profit": null,
      "operating_income": null,
      "net_income": 7013000000,
      "opex": null,
      "cogs": null,
      "rd": null,
      "sga": null,
      "fcf": 44651000000,
      "ocf": 44651000000,
      "capex": null,
      "gross_margin": null,
      "op_margin": null,
      "fcf_margin": 2.0240707162284677,
      "rev_growth_yoy": 0.09756704313647445,
      "fcf_margin_change": 1.5938238568768028
    },
    {
      "date": "2022-03-31T00:00:00",
      "quarter_label": "2022-03 (Q1)",
      "revenue": 23228000000,
      "gross_profit": null,
      "operating_income": null,
      "net_income": 7067000000,
      "opex": null,
      "cogs": null,
      "rd": null,
      "sga": null,
      "fcf": -45430000000,
      "ocf": -45430000000,
      "capex": null,
      "gross_margin": null,
      "op_margin": null,
      "fcf_margin": -1.9558291716893406,
      "rev_growth_yoy": 0.017834450725209238,
      "rev_growth_yoy_accel": -0.07973259241126521,
      "fcf_margin_change": -3.9798998879178082
    },
    {
      "date": "2022-06-30T00:00:00",
      "quarter_label": "2022-06 (Q2)",
      "revenue": 22688000000,
      "gross_profit": null,
      "operating_income": null,
      "net_income": 6247000000,
      "opex": null,
      "cogs": null,
      "rd": null,
      "sga": null,
      "fcf": -5049000000,
      "ocf": -5049000000,
      "capex": null,
      "gross_margin": null,
      "op_margin": null,
      "fcf_margin": -0.22254055007052187,
      "rev_growth_yoy": 0.05692723376502376,
      "rev_growth_yoy_accel": 0.03909278303981452,
      "fcf_margin_change": 1.7332886216188186
    },
    {
      "date": "2022-09-30T00:00:00",
      "quarter_label": "2022-09 (Q3)",
      "revenue": 24502000000,
      "gross_profit": null,
      "operating_income": null,
      "net_income": 7082000000,
      "opex": null,
      "cogs": null,
      "rd": null,
      "sga": null,
      "fcf": 13154000000,
      "ocf": 13154000000,
      "capex": null,
      "gross_margin": null,
      "op_margin": null,
      "fcf_margin": 0.5368541343563791,
      "rev_growth_yoy": 0.07625406307651761,
      "rev_growth_yoy_accel": 0.01932682931149385,
      "fcf_margin_change": 0.759394684426901
    },
    {
      "date": "2022-12-31T00:00:00",
      "quarter_label": "2022-12 (Q4)",
      "revenue": 24532000000,
      "gross_profit": null,
      "operating_income": null,
      "net_income": 7132000000,
      "opex": null,
      "cogs": null,
      "rd": null,
      "sga": null,
      "fcf": 30998000000,
      "ocf": 30998000000,
      "capex": null,
      "gross_margin": null,
      "op_margin": null,
      "fcf_margin": 1.2635741072884397,
      "rev_growth_yoy": 0.11205802357207616,
      "rev_growth_yoy_accel": 0.03580396049555855,
      "fcf_margin_change": 0.7267199729320606
    },
    {
      "date": "2023-03-31T00:00:00",
      "quarter_label": "2023-03 (Q1)",
      "revenue": 26258000000,
      "gross_profit": null,
      "operating_income": null,
      "net_income": 8161000000,
      "opex": null,
      "cogs": null,
      "rd": null,
      "sga": null,
      "fcf": -11300000000,
      "ocf": -11300000000,
      "capex": null,
      "gross_margin": null,
      "op_margin": null,
      "fcf_margin": -0.43034503770279536,
      "rev_growth_yoy": 0.13044601343206474,
      "rev_growth_yoy_accel": 0.018387989859988588,
      "fcf_margin_change": -1.693919144991235
    },
    {
      "date": "2023-06-30T00:00:00",
      "quarter_label": "2023-06 (Q2)",
      "revenue": 25197000000,
      "gross_profit": null,
      "operating_income": null,
      "net_income": 7408000000,
      "opex": null,
      "cogs": null,
      "rd": null,
      "sga": null,
      "fcf": 11786000000,
      "ocf": 11786000000,
      "capex": null,
      "gross_margin": null,
      "op_margin": null,
      "fcf_margin": 0.46775409771004484,
      "rev_growth_yoy": 0.11058709449929478,
      "rev_growth_yoy_accel": -0.01985891893276996,
      "fcf_margin_change": 0.8980991354128403
    },
    {
      "date": "2023-09-30T00:00:00",
      "quarter_label": "2023-09 (Q3)",
      "revenue": 25167000000,
      "gross_profit": null,
      "operating_income": null,
      "net_income": 7802000000,
      "opex": null,
      "cogs": null,
      "rd": null,
      "sga": null,
      "fcf": 11772000000,
      "ocf": 11772000000,
      "capex": null,
      "gross_margin": null,
      "op_margin": null,
      "fcf_margin": 0.4677553939682918,
      "rev_growth_yoy": 0.02714064158027916,
      "rev_growth_yoy_accel": -0.08344645291901562,
      "fcf_margin_change": 1.2962582469633332e-06
    },
    {
      "date": "2023-12-31T00:00:00",
      "quarter_label": "2023-12 (Q4)",
      "revenue": 21959000000,
      "gross_profit": null,
      "operating_income": null,
      "net_income": 3144000000,
      "opex": null,
      "cogs": null,
      "rd": null,
      "sga": null,
      "fcf": 32724000000,
      "ocf": 32724000000,
      "capex": null,
      "gross_margin": null,
      "op_margin": null,
      "fcf_margin": 1.4902317956191082,
      "rev_growth_yoy": -0.10488341757704223,
      "rev_growth_yoy_accel": -0.13202405915732138,
      "fcf_margin_change": 1.0224764016508163
    },
    {
      "date": "2024-03-31T00:00:00",
      "quarter_label": "2024-03 (Q1)",
      "revenue": 25818000000,
      "gross_profit": null,
      "operating_income": null,
      "net_income": 6674000000,
      "opex": null,
      "cogs": null,
      "rd": null,
      "sga": null,
      "fcf": -15539000000,
      "ocf": -15539000000,
      "capex": null,
      "gross_margin": null,
      "op_margin": null,
      "fcf_margin": -0.6018669145557363,
      "rev_growth_yoy": -0.01675679792825044,
      "rev_growth_yoy_accel": 0.08812661964879179,
      "fcf_margin_change": -2.0920987101748443
    },
    {
      "date": "2024-06-30T00:00:00",
      "quarter_label": "2024-06 (Q2)",
      "revenue": 25377000000,
      "gross_profit": null,
      "operating_income": null,
      "net_income": 6897000000,
      "opex": null,
      "cogs": null,
      "rd": null,
      "sga": null,
      "fcf": 18096000000,
      "ocf": 18096000000,
      "capex": null,
      "gross_margin": null,
      "op_margin": null,
      "fcf_margin": 0.7130866532687079,
      "rev_growth_yoy": 0.0071437075842362184,
      "rev_growth_yoy_accel": 0.023900505512486656,
      "fcf_margin_change": 1.3149535678244442
    },
    {
      "date": "2024-09-30T00:00:00",
      "quarter_label": "2024-09 (Q3)",
      "revenue": 25345000000,
      "gross_profit": null,
      "operating_income": null,
      "net_income": 6896000000,
      "opex": null,
      "cogs": null,
      "rd": null,
      "sga": null,
      "fcf": -37276000000,
      "ocf": -37276000000,
      "capex": null,
      "gross_margin": null,
      "op_margin": null,
      "fcf_margin": -1.4707437364371672,
      "rev_growth_yoy": 0.007072754003258235,
      "rev_growth_yoy_accel": -7.095358097798307e-05,
      "fcf_margin_change": -2.183830389705875
    },
    {
      "date": "2024-12-31T00:00:00",
      "quarter_label": "2024-12 (Q4)",
      "revenue": 25347000000,
      "gross_profit": null,
      "operating_income": null,
      "net_income": 6665000000,
      "opex": null,
      "cogs": null,
      "rd": null,
      "sga": null,
      "fcf": 25914000000,
      "ocf": 25914000000,
      "capex": null,
      "gross_margin": null,
      "op_margin": null,
      "fcf_margin": 1.0223695111847555,
      "rev_growth_yoy": 0.1542875358622888,
      "rev_growth_yoy_accel": 0.14721478185903056,
      "fcf_margin_change": 2.4931132476219227
    },
    {
      "date": "2025-03-31T00:00:00",
      "quarter_label": "2025-03 (Q1)",
      "revenue": 27366000000,
      "gross_profit": null,
      "operating_income": null,
      "net_income": 7396000000,
      "opex": null,
      "cogs": null,
      "rd": null,
      "sga": null,
      "fcf": -2184000000,
      "ocf": -2184000000,
      "capex": null,
      "gross_margin": null,
      "op_margin": null,
      "fcf_margin": -0.07980705985529489,
      "rev_growth_yoy": 0.05995816871949802,
      "rev_growth_yoy_accel": -0.09432936714279078,
      "fcf_margin_change": -1.1021765710400504
    },
    {
      "date": "2025-06-30T00:00:00",
      "quarter_label": "2025-06 (Q2)",
      "revenue": 26463000000,
      "gross_profit": null,
      "operating_income": null,
      "net_income": 7116000000,
      "opex": null,
      "cogs": null,
      "rd": null,
      "sga": null,
      "fcf": -9132000000,
      "ocf": -9132000000,
      "capex": null,
      "gross_margin": null,
      "op_margin": null,
      "fcf_margin": -0.34508559120281146,
      "rev_growth_yoy": 0.04279465657879182,
      "rev_growth_yoy_accel": -0.017163512140706202,
      "fcf_margin_change": -0.26527853134751656
    },
    {
      "date": "2025-09-30T00:00:00",
      "quarter_label": "2025-09 (Q3)",
      "revenue": 28088000000,
      "gross_profit": null,
      "operating_income": null,
      "net_income": 8469000000,
      "opex": null,
      "cogs": null,
      "rd": null,
      "sga": null,
      "fcf": 46874000000,
      "ocf": 46874000000,
      "capex": null,
      "gross_margin": null,
      "op_margin": null,
      "fcf_margin": 1.6688265451438338,
      "rev_growth_yoy": 0.10822647464983232,
      "rev_growth_yoy_accel": 0.0654318180710405,
      "fcf_margin_change": 2.0139121363466455
    }
  ],
  "signals": [
    {
      "quarter": "2025-09 (Q3)",
      "signal": "FCF TURNED POSITIVE",
      "detail": "FCF margin: -34.5% -> +166.9%",
      "severity": "HIGH"
    },
    {
      "quarter": "2025-09 (Q3)",
      "signal": "YoY REVENUE GROWTH ACCELERATION",
      "detail": "YoY growth: +10.8% vs prior quarter YoY: +4.3% (accel: +6.5%)",
      "severity": "MEDIUM"
    },
    {
      "quarter": "2025-03 (Q1)",
      "signal": "YoY REVENUE GROWTH DECELERATION",
      "detail": "YoY growth: +6.0% vs prior quarter YoY: +15.4% (decel: -9.4%)",
      "severity": "WARNING"
    },
    {
      "quarter": "2024-12 (Q4)",
      "signal": "FCF TURNED POSITIVE",
      "detail": "FCF margin: -147.1% -> +102.2%",
      "severity": "HIGH"
    },
    {
      "quarter": "2024-12 (Q4)",
      "signal": "YoY REVENUE GROWTH ACCELERATION",
      "detail": "YoY growth: +15.4% vs prior quarter YoY: +0.7% (accel: +14.7%)",
      "severity": "MEDIUM"
    },
    {
      "quarter": "2024-06 (Q2)",
      "signal": "FCF TURNED POSITIVE",
      "detail": "FCF margin: -60.2% -> +71.3%",
      "severity": "HIGH"
    },
    {
      "quarter": "2024-03 (Q1)",
      "signal": "YoY REVENUE GROWTH ACCELERATION",
      "detail": "YoY growth: -1.7% vs prior quarter YoY: -10.5% (accel: +8.8%)",
      "severity": "MEDIUM"
    },
    {
      "quarter": "2023-12 (Q4)",
      "signal": "FCF MARGIN EXPANSION",
      "detail": "FCF margin: +46.8% -> +149.0% (+102.2%)",
      "severity": "MEDIUM"
    },
    {
      "quarter": "2023-12 (Q4)",
      "signal": "YoY REVENUE GROWTH DECELERATION",
      "detail": "YoY growth: -10.5% vs prior quarter YoY: +2.7% (decel: -13.2%)",
      "severity": "WARNING"
    },
    {
      "quarter": "2023-09 (Q3)",
      "signal": "YoY REVENUE GROWTH DECELERATION",
      "detail": "YoY growth: +2.7% vs prior quarter YoY: +11.1% (decel: -8.3%)",
      "severity": "WARNING"
    },
    {
      "quarter": "2023-06 (Q2)",
      "signal": "FCF TURNED POSITIVE",
      "detail": "FCF margin: -43.0% -> +46.8%",
      "severity": "HIGH"
    },
    {
      "quarter": "2022-12 (Q4)",
      "signal": "FCF MARGIN EXPANSION",
      "detail": "FCF margin: +53.7% -> +126.4% (+72.7%)",
      "severity": "MEDIUM"
    },
    {
      "quarter": "2022-09 (Q3)",
      "signal": "FCF TURNED POSITIVE",
      "detail": "FCF margin: -22.3% -> +53.7%",
      "severity": "HIGH"
    },
    {
      "quarter": "2022-06 (Q2)",
      "signal": "FCF MARGIN EXPANSION",
      "detail": "FCF margin: -195.6% -> -22.3% (+173.3%)",
      "severity": "MEDIUM"
    },
    {
      "quarter": "2022-03 (Q1)",
      "signal": "YoY REVENUE GROWTH DECELERATION",
      "detail": "YoY growth: +1.8% vs prior quarter YoY: +9.8% (decel: -8.0%)",
      "severity": "WARNING"
    },
    {
      "quarter": "2021-12 (Q4)",
      "signal": "FCF MARGIN EXPANSION",
      "detail": "FCF margin: +43.0% -> +202.4% (+159.4%)",
      "severity": "MEDIUM"
    },
    {
      "quarter": "2021-09 (Q3)",
      "signal": "FCF TURNED POSITIVE",
      "detail": "FCF margin: -43.4% -> +43.0%",
      "severity": "HIGH"
    },
    {
      "quarter": "2021-06 (Q2)",
      "signal": "FCF MARGIN EXPANSION",
      "detail": "FCF margin: -229.3% -> -43.4% (+185.9%)",
      "severity": "MEDIUM"
    }
  ],
  "data_quality": {
    "n_quarters": 20,
    "coverage": {
      "revenue": [
        20,
        20
      ],
      "gross_profit": [
        0,
        20
      ],
      "op_income": [
        0,
        20
      ],
      "fcf": [
        20,
        20
      ]
    },
    "gaps": [],
    "warnings": [
      "gross_profit: no data",
      "op_income: no data"
    ]
  },
  "market_cap": null,
  "source": "SEC EDGAR",
  "last_updated": "2026-02-03T01:07:12.761555",
  "sector": "Financial Services",
  "industry": "Banks - Diversified"
}