{
  "ticker": "BAH",
  "name": "Booz Allen Hamilton Holding Corporation",
  "quarters": [
    {
      "date": "2021-03-31T00:00:00",
      "quarter_label": "2021-03 (Q1)",
      "revenue": 1979280000,
      "gross_profit": 1080020000,
      "operating_income": 171006000,
      "net_income": 199177000,
      "opex": 1808274000,
      "cogs": 899260000,
      "rd": null,
      "sga": null,
      "fcf": -80275000,
      "ocf": -80275000,
      "capex": null,
      "gross_margin": 0.5456630693989734,
      "op_margin": 0.08639808415181278,
      "fcf_margin": -0.040557677539307224
    },
    {
      "date": "2021-06-30T00:00:00",
      "quarter_label": "2021-06 (Q2)",
      "revenue": 1989066000,
      "gross_profit": 1026347000,
      "operating_income": 141257000,
      "net_income": 92102000,
      "opex": 1847809000,
      "cogs": 962719000,
      "rd": null,
      "sga": null,
      "fcf": -10662000,
      "ocf": -10662000,
      "capex": null,
      "gross_margin": 0.5159944416122945,
      "op_margin": 0.07101674856440159,
      "fcf_margin": -0.005360304786266519,
      "fcf_margin_change": 0.035197372753040704
    },
    {
      "date": "2021-09-30T00:00:00",
      "quarter_label": "2021-09 (Q3)",
      "revenue": 2106038000,
      "gross_profit": 1158349000,
      "operating_income": 218367000,
      "net_income": 154834000,
      "opex": 1887671000,
      "cogs": 947689000,
      "rd": null,
      "sga": null,
      "fcf": 470408000,
      "ocf": 470408000,
      "capex": null,
      "gross_margin": 0.55001334258926,
      "op_margin": 0.10368616330759464,
      "fcf_margin": 0.22336159176615047,
      "op_leverage_ratio": 2.7260305274929713,
      "fcf_margin_change": 0.22872189655241698
    },
    {
      "date": "2021-12-31T00:00:00",
      "quarter_label": "2021-12 (Q4)",
      "revenue": 2030520000,
      "gross_profit": 1100952000,
      "operating_income": 177212000,
      "net_income": 128931000,
      "opex": 1853308000,
      "cogs": 929568000,
      "rd": null,
      "sga": null,
      "fcf": 21405000,
      "ocf": 21405000,
      "capex": null,
      "gross_margin": 0.5422019975178772,
      "op_margin": 0.08727419577251147,
      "fcf_margin": 0.010541634655162224,
      "fcf_margin_change": -0.21281995711098825
    },
    {
      "date": "2022-03-31T00:00:00",
      "quarter_label": "2022-03 (Q1)",
      "revenue": 2238076000,
      "gross_profit": 1178498000,
      "operating_income": 148345000,
      "net_income": 90873000,
      "opex": 2089731000,
      "cogs": 1059578000,
      "rd": null,
      "sga": null,
      "fcf": 255375000,
      "ocf": 255375000,
      "capex": null,
      "gross_margin": 0.5265674624096769,
      "op_margin": 0.06628237825703863,
      "fcf_margin": 0.11410470421915968,
      "incr_op_margin_yoy": -0.08756317717429944,
      "rev_growth_yoy": 0.13075259690392466,
      "op_leverage_ratio": 0.8012829421090191,
      "fcf_margin_change": 0.10356306956399745
    },
    {
      "date": "2022-06-30T00:00:00",
      "quarter_label": "2022-06 (Q2)",
      "revenue": 2249600000,
      "gross_profit": 1174627000,
      "operating_income": 207195000,
      "net_income": 138284000,
      "opex": 2042405000,
      "cogs": 1074973000,
      "rd": null,
      "sga": null,
      "fcf": -45634000,
      "ocf": -45634000,
      "capex": null,
      "gross_margin": 0.5221492709815079,
      "op_margin": 0.09210304054054054,
      "fcf_margin": -0.020285384068278806,
      "incr_op_margin_yoy": 0.2530878887208579,
      "rev_growth_yoy": 0.1309830845230877,
      "rev_growth_yoy_accel": 0.0002304876191630556,
      "fcf_margin_change": -0.13439008828743848
    },
    {
      "date": "2022-09-30T00:00:00",
      "quarter_label": "2022-09 (Q3)",
      "revenue": 2298976000,
      "gross_profit": 1241526000,
      "operating_income": 223921000,
      "net_income": 170932000,
      "opex": 2075055000,
      "cogs": 1057450000,
      "rd": null,
      "sga": null,
      "fcf": 272726000,
      "ocf": 272726000,
      "capex": null,
      "gross_margin": 0.5400343457260972,
      "op_margin": 0.09740032083849505,
      "fcf_margin": 0.11862933758334145,
      "incr_op_margin_yoy": 0.028786449533010603,
      "rev_growth_yoy": 0.09161183226513482,
      "rev_growth_yoy_accel": -0.03937125225795289,
      "op_leverage_ratio": 1.3729960266545258,
      "fcf_margin_change": 0.13891472165162025
    },
    {
      "date": "2022-12-31T00:00:00",
      "quarter_label": "2022-12 (Q4)",
      "revenue": 2277074000,
      "gross_profit": 1233600000,
      "operating_income": 58640000,
      "net_income": 30997000,
      "opex": 2218434000,
      "cogs": 1043474000,
      "rd": null,
      "sga": null,
      "fcf": 138582000,
      "ocf": 138582000,
      "capex": null,
      "gross_margin": 0.5417478746847929,
      "op_margin": 0.025752347091047546,
      "fcf_margin": 0.06085968220619971,
      "incr_op_margin_yoy": -0.4809169593679275,
      "rev_growth_yoy": 0.12142406871146308,
      "rev_growth_yoy_accel": 0.029812236446328258,
      "fcf_margin_change": -0.05776965537714174
    },
    {
      "date": "2023-03-31T00:00:00",
      "quarter_label": "2023-03 (Q1)",
      "revenue": 2433261000,
      "gross_profit": 1304348000,
      "operating_income": -42908000,
      "net_income": -68422000,
      "opex": 2476169000,
      "cogs": 1128913000,
      "rd": null,
      "sga": null,
      "fcf": 237326000,
      "ocf": 237326000,
      "capex": null,
      "gross_margin": 0.5360493592754744,
      "op_margin": -0.017633948844780728,
      "fcf_margin": 0.09753413217899765,
      "incr_op_margin_yoy": -0.9798550093501037,
      "rev_growth_yoy": 0.08721106879301686,
      "rev_growth_yoy_accel": -0.034212999918446216,
      "op_leverage_ratio": 0.5903925278479467,
      "fcf_margin_change": 0.03667444997279794
    },
    {
      "date": "2023-06-30T00:00:00",
      "quarter_label": "2023-06 (Q2)",
      "revenue": 2654486000,
      "gross_profit": 1402570000,
      "operating_income": 234418000,
      "net_income": 161388000,
      "opex": 2420068000,
      "cogs": 1251916000,
      "rd": null,
      "sga": null,
      "fcf": -71532000,
      "ocf": -71532000,
      "capex": null,
      "gross_margin": 0.5283772451615868,
      "op_margin": 0.08831012858986637,
      "fcf_margin": -0.02694758985355357,
      "incr_op_margin_yoy": 0.06723620969853243,
      "rev_growth_yoy": 0.17998133001422476,
      "rev_growth_yoy_accel": 0.09277026122120789,
      "op_leverage_ratio": Infinity,
      "fcf_margin_change": -0.12448172203255121
    },
    {
      "date": "2023-09-30T00:00:00",
      "quarter_label": "2023-09 (Q3)",
      "revenue": 2666282000,
      "gross_profit": 1433570000,
      "operating_income": 266989000,
      "net_income": 170718000,
      "opex": 2399293000,
      "cogs": 1232712000,
      "rd": null,
      "sga": null,
      "fcf": -47385000,
      "ocf": -47385000,
      "capex": null,
      "gross_margin": 0.5376663083649816,
      "op_margin": 0.10013531951984074,
      "fcf_margin": -0.01777193860214336,
      "incr_op_margin_yoy": 0.11725373394390508,
      "rev_growth_yoy": 0.15976939298191892,
      "rev_growth_yoy_accel": -0.020211937032305838,
      "fcf_margin_change": 0.009175651251410209
    },
    {
      "date": "2023-12-31T00:00:00",
      "quarter_label": "2023-12 (Q4)",
      "revenue": 2569801000,
      "gross_profit": 1388840000,
      "operating_income": 247558000,
      "net_income": 145644000,
      "opex": 2322243000,
      "cogs": 1180961000,
      "rd": null,
      "sga": null,
      "fcf": 233985000,
      "ocf": 233985000,
      "capex": null,
      "gross_margin": 0.5404465170649401,
      "op_margin": 0.09633352932775728,
      "fcf_margin": 0.09105179739598514,
      "incr_op_margin_yoy": 0.6453726509683083,
      "rev_growth_yoy": 0.12855401273739897,
      "rev_growth_yoy_accel": -0.031215380244519947,
      "fcf_margin_change": 0.1088237359981285
    },
    {
      "date": "2024-03-31T00:00:00",
      "quarter_label": "2024-03 (Q1)",
      "revenue": 2771327000,
      "gross_profit": 1515845000,
      "operating_income": 264438000,
      "net_income": 127956000,
      "opex": 2506889000,
      "cogs": 1255482000,
      "rd": null,
      "sga": null,
      "fcf": 143932000,
      "ocf": 143932000,
      "capex": null,
      "gross_margin": 0.5469744277741313,
      "op_margin": 0.09541927026294623,
      "fcf_margin": 0.05193613023652568,
      "incr_op_margin_yoy": 0.9091301698484912,
      "rev_growth_yoy": 0.13893536287311553,
      "rev_growth_yoy_accel": 0.01038135013571656,
      "op_leverage_ratio": 0.9862780085606748,
      "fcf_margin_change": -0.03911566715945946
    },
    {
      "date": "2024-06-30T00:00:00",
      "quarter_label": "2024-06 (Q2)",
      "revenue": 2941797000,
      "gross_profit": 1570563000,
      "operating_income": 255164000,
      "net_income": 165233000,
      "opex": 2686633000,
      "cogs": 1371234000,
      "rd": null,
      "sga": null,
      "fcf": 52000000,
      "ocf": 52000000,
      "capex": null,
      "gross_margin": 0.5338787822545199,
      "op_margin": 0.08673746013066164,
      "fcf_margin": 0.017676270660416066,
      "incr_op_margin_yoy": 0.07220746856194159,
      "rev_growth_yoy": 0.10823602008072372,
      "rev_growth_yoy_accel": -0.03069934279239181,
      "op_leverage_ratio": 0.8579083418543905,
      "fcf_margin_change": -0.03425985957610961
    },
    {
      "date": "2024-09-30T00:00:00",
      "quarter_label": "2024-09 (Q3)",
      "revenue": 3146386000,
      "gross_profit": 1784104000,
      "operating_income": 548609000,
      "net_income": 390112000,
      "opex": 2597777000,
      "cogs": 1362282000,
      "rd": null,
      "sga": null,
      "fcf": 587000000,
      "ocf": 587000000,
      "capex": null,
      "gross_margin": 0.5670327798305739,
      "op_margin": 0.174361632679525,
      "fcf_margin": 0.18656325066282395,
      "incr_op_margin_yoy": 0.5865812407311749,
      "rev_growth_yoy": 0.18006497437255323,
      "rev_growth_yoy_accel": 0.0718289542918295,
      "op_leverage_ratio": Infinity,
      "fcf_margin_change": 0.16888698000240787
    },
    {
      "date": "2024-12-31T00:00:00",
      "quarter_label": "2024-12 (Q4)",
      "revenue": 2917190000,
      "gross_profit": 1611578000,
      "operating_income": 291259000,
      "net_income": 186950000,
      "opex": 2625931000,
      "cogs": 1305612000,
      "rd": null,
      "sga": null,
      "fcf": 151000000,
      "ocf": 151000000,
      "capex": null,
      "gross_margin": 0.5524419047096693,
      "op_margin": 0.09984231400765806,
      "fcf_margin": 0.05176214096442124,
      "incr_op_margin_yoy": 0.12579845648538093,
      "rev_growth_yoy": 0.13518128446521735,
      "rev_growth_yoy_accel": -0.04488368990733588,
      "fcf_margin_change": -0.1348011096984027
    },
    {
      "date": "2025-03-31T00:00:00",
      "quarter_label": "2025-03 (Q1)",
      "revenue": 2974627000,
      "gross_profit": 1594755000,
      "operating_income": 274968000,
      "net_income": 192705000,
      "opex": 2699659000,
      "cogs": 1379872000,
      "rd": null,
      "sga": null,
      "fcf": 219000000,
      "ocf": 219000000,
      "capex": null,
      "gross_margin": 0.5361193184893434,
      "op_margin": 0.09243780816888975,
      "fcf_margin": 0.07362267605316566,
      "incr_op_margin_yoy": 0.05179537629119528,
      "rev_growth_yoy": 0.07335835864912368,
      "rev_growth_yoy_accel": -0.061822925816093666,
      "op_leverage_ratio": 0.7012580974710035,
      "fcf_margin_change": 0.021860535088744422
    },
    {
      "date": "2025-06-30T00:00:00",
      "quarter_label": "2025-06 (Q2)",
      "revenue": 2924000000,
      "gross_profit": 1501000000,
      "operating_income": 257000000,
      "net_income": 271000000,
      "opex": 2667000000,
      "cogs": 1423000000,
      "rd": null,
      "sga": null,
      "fcf": 119000000,
      "ocf": 119000000,
      "capex": null,
      "gross_margin": 0.5133378932968536,
      "op_margin": 0.08789329685362517,
      "fcf_margin": 0.040697674418604654,
      "incr_op_margin_yoy": -0.10316345451480587,
      "rev_growth_yoy": -0.006049703633527398,
      "rev_growth_yoy_accel": -0.07940806228265108,
      "fcf_margin_change": -0.03292500163456101
    },
    {
      "date": "2025-09-30T00:00:00",
      "quarter_label": "2025-09 (Q3)",
      "revenue": 2890000000,
      "gross_profit": 1550000000,
      "operating_income": 283000000,
      "net_income": 175000000,
      "opex": 2607000000,
      "cogs": 1340000000,
      "rd": null,
      "sga": null,
      "fcf": 421000000,
      "ocf": 421000000,
      "capex": null,
      "gross_margin": 0.5363321799307958,
      "op_margin": 0.09792387543252595,
      "fcf_margin": 0.14567474048442908,
      "incr_op_margin_yoy": 1.035973103055549,
      "rev_growth_yoy": -0.08148586982016828,
      "rev_growth_yoy_accel": -0.07543616618664088,
      "fcf_margin_change": 0.10497706606582442
    },
    {
      "date": "2025-12-31T00:00:00",
      "quarter_label": "2025-12 (Q4)",
      "revenue": 2620000000,
      "gross_profit": 1361000000,
      "operating_income": 230000000,
      "net_income": 200000000,
      "opex": 2390000000,
      "cogs": 1259000000,
      "rd": null,
      "sga": null,
      "fcf": 261000000,
      "ocf": 261000000,
      "capex": null,
      "gross_margin": 0.5194656488549618,
      "op_margin": 0.08778625954198473,
      "fcf_margin": 0.09961832061068703,
      "incr_op_margin_yoy": 0.20612739325010937,
      "rev_growth_yoy": -0.10187543492196258,
      "rev_growth_yoy_accel": -0.020389565101794294,
      "fcf_margin_change": -0.04605641987374205
    }
  ],
  "signals": [
    {
      "quarter": "2025-12 (Q4)",
      "signal": "INCREMENTAL MARGIN (YoY)",
      "detail": "YoY Incr OPM: +20.6% vs year-ago OPM: +10.0%",
      "severity": "MEDIUM"
    },
    {
      "quarter": "2025-09 (Q3)",
      "signal": "FCF MARGIN EXPANSION",
      "detail": "FCF margin: +4.1% -> +14.6% (+10.5%)",
      "severity": "MEDIUM"
    },
    {
      "quarter": "2025-09 (Q3)",
      "signal": "GROSS MARGIN INFLECTION",
      "detail": "GM: +53.6% -> +51.3% -> +53.6% (reversal +2.3%)",
      "severity": "MEDIUM"
    },
    {
      "quarter": "2025-09 (Q3)",
      "signal": "YoY REVENUE GROWTH DECELERATION",
      "detail": "YoY growth: -8.1% vs prior quarter YoY: -0.6% (decel: -7.5%)",
      "severity": "WARNING"
    },
    {
      "quarter": "2025-09 (Q3)",
      "signal": "INCREMENTAL MARGIN (YoY)",
      "detail": "YoY Incr OPM: +103.6% vs year-ago OPM: +17.4%",
      "severity": "HIGH"
    },
    {
      "quarter": "2025-06 (Q2)",
      "signal": "YoY REVENUE GROWTH DECELERATION",
      "detail": "YoY growth: -0.6% vs prior quarter YoY: +7.3% (decel: -7.9%)",
      "severity": "WARNING"
    },
    {
      "quarter": "2025-03 (Q1)",
      "signal": "YoY REVENUE GROWTH DECELERATION",
      "detail": "YoY growth: +7.3% vs prior quarter YoY: +13.5% (decel: -6.2%)",
      "severity": "WARNING"
    },
    {
      "quarter": "2024-09 (Q3)",
      "signal": "FCF MARGIN EXPANSION",
      "detail": "FCF margin: +1.8% -> +18.7% (+16.9%)",
      "severity": "MEDIUM"
    },
    {
      "quarter": "2024-09 (Q3)",
      "signal": "GROSS MARGIN INFLECTION",
      "detail": "GM: +54.7% -> +53.4% -> +56.7% (reversal +3.3%)",
      "severity": "MEDIUM"
    },
    {
      "quarter": "2024-09 (Q3)",
      "signal": "YoY REVENUE GROWTH ACCELERATION",
      "detail": "YoY growth: +18.0% vs prior quarter YoY: +10.8% (accel: +7.2%)",
      "severity": "MEDIUM"
    },
    {
      "quarter": "2024-09 (Q3)",
      "signal": "INCREMENTAL MARGIN (YoY)",
      "detail": "YoY Incr OPM: +58.7% vs year-ago OPM: +10.0%",
      "severity": "HIGH"
    },
    {
      "quarter": "2024-03 (Q1)",
      "signal": "OP MARGIN TURNED POSITIVE (YoY)",
      "detail": "Op margin: -1.8% (year-ago) -> +9.5%",
      "severity": "HIGH"
    },
    {
      "quarter": "2023-12 (Q4)",
      "signal": "FCF TURNED POSITIVE",
      "detail": "FCF margin: -1.8% -> +9.1%",
      "severity": "HIGH"
    },
    {
      "quarter": "2023-12 (Q4)",
      "signal": "INCREMENTAL MARGIN (YoY)",
      "detail": "YoY Incr OPM: +64.5% vs year-ago OPM: +2.6%",
      "severity": "HIGH"
    },
    {
      "quarter": "2023-06 (Q2)",
      "signal": "YoY REVENUE GROWTH ACCELERATION",
      "detail": "YoY growth: +18.0% vs prior quarter YoY: +8.7% (accel: +9.3%)",
      "severity": "MEDIUM"
    },
    {
      "quarter": "2023-06 (Q2)",
      "signal": "OP MARGIN TURNED POSITIVE (QoQ)",
      "detail": "Op margin: -1.8% -> +8.8%",
      "severity": "HIGH"
    },
    {
      "quarter": "2022-09 (Q3)",
      "signal": "FCF TURNED POSITIVE",
      "detail": "FCF margin: -2.0% -> +11.9%",
      "severity": "HIGH"
    },
    {
      "quarter": "2022-06 (Q2)",
      "signal": "INCREMENTAL MARGIN (YoY)",
      "detail": "YoY Incr OPM: +25.3% vs year-ago OPM: +7.1%",
      "severity": "MEDIUM"
    },
    {
      "quarter": "2022-03 (Q1)",
      "signal": "FCF MARGIN EXPANSION",
      "detail": "FCF margin: +1.1% -> +11.4% (+10.4%)",
      "severity": "MEDIUM"
    },
    {
      "quarter": "2021-09 (Q3)",
      "signal": "FCF TURNED POSITIVE",
      "detail": "FCF margin: -0.5% -> +22.3%",
      "severity": "HIGH"
    },
    {
      "quarter": "2021-09 (Q3)",
      "signal": "OPERATING LEVERAGE",
      "detail": "Rev growth +5.9% vs OpEx growth +2.2% (leverage: 2.7x)",
      "severity": "MEDIUM"
    },
    {
      "quarter": "2021-09 (Q3)",
      "signal": "GROSS MARGIN INFLECTION",
      "detail": "GM: +54.6% -> +51.6% -> +55.0% (reversal +3.4%)",
      "severity": "MEDIUM"
    }
  ],
  "data_quality": {
    "n_quarters": 20,
    "coverage": {
      "revenue": [
        20,
        20
      ],
      "gross_profit": [
        20,
        20
      ],
      "op_income": [
        20,
        20
      ],
      "fcf": [
        20,
        20
      ]
    },
    "gaps": [],
    "warnings": []
  },
  "market_cap": null,
  "source": "SEC EDGAR",
  "last_updated": "2026-02-02T20:35:20.735023",
  "sector": "Industrials",
  "industry": "Consulting Services"
}