{
  "ticker": "BALL",
  "name": "Ball Corporation",
  "sector": "Consumer Cyclical",
  "industry": "Packaging & Containers",
  "quarters": [
    {
      "date": "2021-03-31T00:00:00",
      "quarter_label": "2021-03 (Q1)",
      "revenue": 3125000000,
      "gross_profit": 632000000,
      "operating_income": 300000000,
      "net_income": null,
      "opex": 2825000000,
      "cogs": 2493000000,
      "rd": null,
      "sga": 157000000,
      "fcf": -840000000,
      "ocf": -477000000,
      "capex": -363000000,
      "gross_margin": 0.20224,
      "op_margin": 0.096,
      "fcf_margin": -0.2688
    },
    {
      "date": "2021-06-30T00:00:00",
      "quarter_label": "2021-06 (Q2)",
      "revenue": 3459000000,
      "gross_profit": 699000000,
      "operating_income": 373000000,
      "net_income": null,
      "opex": 3086000000,
      "cogs": 2760000000,
      "rd": null,
      "sga": 166000000,
      "fcf": 251000000,
      "ocf": 645000000,
      "capex": -394000000,
      "gross_margin": 0.202081526452732,
      "op_margin": 0.1078346342873663,
      "fcf_margin": 0.07256432494940734,
      "op_leverage_ratio": 1.1568429118773946,
      "fcf_margin_change": 0.3413643249494073
    },
    {
      "date": "2021-09-30T00:00:00",
      "quarter_label": "2021-09 (Q3)",
      "revenue": 3553000000,
      "gross_profit": 702000000,
      "operating_income": 238000000,
      "net_income": null,
      "opex": 3315000000,
      "cogs": 2851000000,
      "rd": null,
      "sga": 148000000,
      "fcf": 261000000,
      "ocf": 708000000,
      "capex": -447000000,
      "gross_margin": 0.1975795102730087,
      "op_margin": 0.06698564593301436,
      "fcf_margin": 0.07345904869124684,
      "op_leverage_ratio": 0.36621635099121214,
      "fcf_margin_change": 0.0008947237418394927
    },
    {
      "date": "2021-12-31T00:00:00",
      "quarter_label": "2021-12 (Q4)",
      "revenue": 3674000000,
      "gross_profit": 693000000,
      "operating_income": 380000000,
      "net_income": null,
      "opex": 3294000000,
      "cogs": 2981000000,
      "rd": null,
      "sga": 122000000,
      "fcf": 362000000,
      "ocf": 884000000,
      "capex": -522000000,
      "gross_margin": 0.18862275449101795,
      "op_margin": 0.10342950462710941,
      "fcf_margin": 0.0985302123026674,
      "op_leverage_ratio": null,
      "fcf_margin_change": 0.02507116361142056
    },
    {
      "date": "2022-03-31T00:00:00",
      "quarter_label": "2022-03 (Q1)",
      "revenue": 3716000000,
      "gross_profit": 700000000,
      "operating_income": 610000000,
      "net_income": null,
      "opex": 3106000000,
      "cogs": 3016000000,
      "rd": null,
      "sga": 186000000,
      "fcf": -1166000000,
      "ocf": -804000000,
      "capex": -362000000,
      "gross_margin": 0.1883745963401507,
      "op_margin": 0.16415500538213132,
      "fcf_margin": -0.31377825618945104,
      "incr_op_margin_yoy": 0.5245346869712352,
      "rev_growth_yoy": 0.18912,
      "op_leverage_ratio": null,
      "fcf_margin_change": -0.41230846849211844
    },
    {
      "date": "2022-06-30T00:00:00",
      "quarter_label": "2022-06 (Q2)",
      "revenue": 4134000000,
      "gross_profit": 689000000,
      "operating_income": -107000000,
      "net_income": null,
      "opex": 4241000000,
      "cogs": 3445000000,
      "rd": null,
      "sga": 161000000,
      "fcf": -51000000,
      "ocf": 406000000,
      "capex": -457000000,
      "gross_margin": 0.16666666666666666,
      "op_margin": -0.025882922109337205,
      "fcf_margin": -0.012336719883889695,
      "incr_op_margin_yoy": -0.7111111111111111,
      "rev_growth_yoy": 0.19514310494362533,
      "rev_growth_yoy_accel": 0.006023104943625318,
      "op_leverage_ratio": 0.30782661475794637,
      "fcf_margin_change": 0.30144153630556136
    },
    {
      "date": "2022-09-30T00:00:00",
      "quarter_label": "2022-09 (Q3)",
      "revenue": 3951000000,
      "gross_profit": 676000000,
      "operating_income": 523000000,
      "net_income": null,
      "opex": 3428000000,
      "cogs": 3275000000,
      "rd": null,
      "sga": 159000000,
      "fcf": -269000000,
      "ocf": 174000000,
      "capex": -443000000,
      "gross_margin": 0.17109592508225765,
      "op_margin": 0.13237155150594787,
      "fcf_margin": -0.06808402935965578,
      "incr_op_margin_yoy": 0.7160804020100503,
      "rev_growth_yoy": 0.11201801294680552,
      "rev_growth_yoy_accel": -0.0831250919968198,
      "fcf_margin_change": -0.05574730947576609
    },
    {
      "date": "2022-12-31T00:00:00",
      "quarter_label": "2022-12 (Q4)",
      "revenue": 3548000000,
      "gross_profit": 518000000,
      "operating_income": 188000000,
      "net_income": null,
      "opex": 3360000000,
      "cogs": 3030000000,
      "rd": null,
      "sga": 120000000,
      "fcf": 136000000,
      "ocf": 525000000,
      "capex": -389000000,
      "gross_margin": 0.1459977452085682,
      "op_margin": 0.05298759864712514,
      "fcf_margin": 0.038331454340473504,
      "incr_op_margin_yoy": 1.5238095238095237,
      "rev_growth_yoy": -0.03429504627109418,
      "rev_growth_yoy_accel": -0.1463130592178997,
      "fcf_margin_change": 0.10641548370012929
    },
    {
      "date": "2023-03-31T00:00:00",
      "quarter_label": "2023-03 (Q1)",
      "revenue": 3489000000,
      "gross_profit": 441000000,
      "operating_income": 327000000,
      "net_income": null,
      "opex": 3162000000,
      "cogs": 2845000000,
      "rd": null,
      "sga": 131000000,
      "fcf": -618000000,
      "ocf": -275000000,
      "capex": -343000000,
      "gross_margin": 0.12639724849527084,
      "op_margin": 0.0937231298366294,
      "fcf_margin": -0.177128116938951,
      "incr_op_margin_yoy": 1.2466960352422907,
      "rev_growth_yoy": -0.06108719052744887,
      "rev_growth_yoy_accel": -0.02679214425635469,
      "fcf_margin_change": -0.2154595712794245
    },
    {
      "date": "2023-06-30T00:00:00",
      "quarter_label": "2023-06 (Q2)",
      "revenue": 3566000000,
      "gross_profit": 453000000,
      "operating_income": 321000000,
      "net_income": null,
      "opex": 3245000000,
      "cogs": 2916000000,
      "rd": null,
      "sga": 165000000,
      "fcf": 371000000,
      "ocf": 636000000,
      "capex": -265000000,
      "gross_margin": 0.12703309029725182,
      "op_margin": 0.09001682557487381,
      "fcf_margin": 0.10403813796971396,
      "incr_op_margin_yoy": -0.7535211267605634,
      "rev_growth_yoy": -0.1373971940009676,
      "rev_growth_yoy_accel": -0.07631000347351871,
      "op_leverage_ratio": 0.8407628795491511,
      "fcf_margin_change": 0.281166254908665
    },
    {
      "date": "2023-09-30T00:00:00",
      "quarter_label": "2023-09 (Q3)",
      "revenue": 3571000000,
      "gross_profit": 487000000,
      "operating_income": 325000000,
      "net_income": null,
      "opex": 3246000000,
      "cogs": 2894000000,
      "rd": null,
      "sga": 132000000,
      "fcf": 544000000,
      "ocf": 766000000,
      "capex": -222000000,
      "gross_margin": 0.13637636516381965,
      "op_margin": 0.09101092131055727,
      "fcf_margin": 0.15233828059367124,
      "incr_op_margin_yoy": 0.5210526315789473,
      "rev_growth_yoy": -0.0961781827385472,
      "rev_growth_yoy_accel": 0.04121901126242039,
      "fcf_margin_change": 0.04830014262395728
    },
    {
      "date": "2023-12-31T00:00:00",
      "quarter_label": "2023-12 (Q4)",
      "revenue": 2903000000,
      "gross_profit": 483000000,
      "operating_income": 300000000,
      "net_income": null,
      "opex": 3103000000,
      "cogs": 2704000000,
      "rd": null,
      "sga": 130000000,
      "fcf": 521000000,
      "ocf": 736000000,
      "capex": -215000000,
      "gross_margin": 0.16637960730279022,
      "op_margin": 0.10334137099552188,
      "fcf_margin": 0.17946951429555633,
      "incr_op_margin_yoy": -0.17364341085271318,
      "rev_growth_yoy": -0.18179255918827508,
      "rev_growth_yoy_accel": -0.08561437644972789,
      "fcf_margin_change": 0.027131233701885082
    },
    {
      "date": "2024-03-31T00:00:00",
      "quarter_label": "2024-03 (Q1)",
      "revenue": 2874000000,
      "gross_profit": 477000000,
      "operating_income": 196000000,
      "net_income": null,
      "opex": 2678000000,
      "cogs": 2283000000,
      "rd": null,
      "sga": 211000000,
      "fcf": -1401000000,
      "ocf": -1247000000,
      "capex": -154000000,
      "gross_margin": 0.16597077244258873,
      "op_margin": 0.06819763395963814,
      "fcf_margin": -0.48747390396659707,
      "incr_op_margin_yoy": 0.21300813008130082,
      "rev_growth_yoy": -0.176268271711092,
      "rev_growth_yoy_accel": 0.0055242874771830874,
      "fcf_margin_change": -0.6669434182621534
    },
    {
      "date": "2024-06-30T00:00:00",
      "quarter_label": "2024-06 (Q2)",
      "revenue": 2959000000,
      "gross_profit": 489000000,
      "operating_income": null,
      "net_income": null,
      "opex": null,
      "cogs": 2357000000,
      "rd": null,
      "sga": 139000000,
      "fcf": 146000000,
      "ocf": 252000000,
      "capex": -106000000,
      "gross_margin": 0.16525853328827306,
      "op_margin": null,
      "fcf_margin": 0.04934099357891179,
      "rev_growth_yoy": -0.1702187324733595,
      "rev_growth_yoy_accel": 0.006049539237732493,
      "fcf_margin_change": 0.5368148975455088
    },
    {
      "date": "2024-09-30T00:00:00",
      "quarter_label": "2024-09 (Q3)",
      "revenue": 3082000000,
      "gross_profit": 545000000,
      "operating_income": null,
      "net_income": null,
      "opex": null,
      "cogs": 2425000000,
      "rd": null,
      "sga": 142000000,
      "fcf": 493000000,
      "ocf": 610000000,
      "capex": -117000000,
      "gross_margin": 0.17683322517845554,
      "op_margin": null,
      "fcf_margin": 0.1599610642439974,
      "rev_growth_yoy": -0.13693643237188463,
      "rev_growth_yoy_accel": 0.03328230010147487,
      "fcf_margin_change": 0.1106200706650856
    },
    {
      "date": "2024-12-31T00:00:00",
      "quarter_label": "2024-12 (Q4)",
      "revenue": 2880000000,
      "gross_profit": 480000000,
      "operating_income": null,
      "net_income": null,
      "opex": null,
      "cogs": 2289000000,
      "rd": null,
      "sga": 129000000,
      "fcf": 393000000,
      "ocf": 500000000,
      "capex": -107000000,
      "gross_margin": 0.16666666666666666,
      "op_margin": null,
      "fcf_margin": 0.13645833333333332,
      "rev_growth_yoy": -0.00792283844299001,
      "rev_growth_yoy_accel": 0.1290135939288946,
      "fcf_margin_change": -0.02350273091066407
    },
    {
      "date": "2025-03-31T00:00:00",
      "quarter_label": "2025-03 (Q1)",
      "revenue": 3097000000,
      "gross_profit": 604000000,
      "operating_income": null,
      "net_income": null,
      "opex": null,
      "cogs": 2493000000,
      "rd": null,
      "sga": 149000000,
      "fcf": -746000000,
      "ocf": -665000000,
      "capex": -81000000,
      "gross_margin": 0.195027445915402,
      "op_margin": null,
      "fcf_margin": -0.24087826929286407,
      "rev_growth_yoy": 0.07759220598469033,
      "rev_growth_yoy_accel": 0.08551504442768033,
      "fcf_margin_change": -0.3773366026261974
    },
    {
      "date": "2025-06-30T00:00:00",
      "quarter_label": "2025-06 (Q2)",
      "revenue": 3338000000,
      "gross_profit": 648000000,
      "operating_income": null,
      "net_income": null,
      "opex": null,
      "cogs": 2690000000,
      "rd": null,
      "sga": 137000000,
      "fcf": 236000000,
      "ocf": 332000000,
      "capex": -96000000,
      "gross_margin": 0.19412822049131218,
      "op_margin": null,
      "fcf_margin": 0.07070101857399641,
      "rev_growth_yoy": 0.128083812098682,
      "rev_growth_yoy_accel": 0.05049160611399167,
      "fcf_margin_change": 0.3115792878668605
    },
    {
      "date": "2025-09-30T00:00:00",
      "quarter_label": "2025-09 (Q3)",
      "revenue": 3379000000,
      "gross_profit": 678000000,
      "operating_income": null,
      "net_income": null,
      "opex": null,
      "cogs": 2701000000,
      "rd": null,
      "sga": 130000000,
      "fcf": 257000000,
      "ocf": 384000000,
      "capex": -127000000,
      "gross_margin": 0.20065108020124298,
      "op_margin": null,
      "fcf_margin": 0.07605800532701983,
      "rev_growth_yoy": 0.0963659961064244,
      "rev_growth_yoy_accel": -0.03171781599225759,
      "fcf_margin_change": 0.0053569867530234155
    },
    {
      "date": "2025-12-31T00:00:00",
      "quarter_label": "2025-12 (Q4)",
      "revenue": 3347000000,
      "gross_profit": 648000000,
      "operating_income": null,
      "net_income": null,
      "opex": null,
      "cogs": 2699000000,
      "rd": null,
      "sga": 150000000,
      "fcf": 1041000000,
      "ocf": 1211000000,
      "capex": -170000000,
      "gross_margin": 0.19360621452046609,
      "op_margin": null,
      "fcf_margin": 0.31102479832685986,
      "rev_growth_yoy": 0.16215277777777778,
      "rev_growth_yoy_accel": 0.06578678167135338,
      "fcf_margin_change": 0.23496679299984002
    }
  ],
  "signals": [
    {
      "quarter": "2025-12 (Q4)",
      "signal": "FCF MARGIN EXPANSION",
      "detail": "FCF margin: +7.6% -> +31.1% (+23.5%)",
      "severity": "MEDIUM"
    },
    {
      "quarter": "2025-12 (Q4)",
      "signal": "YoY REVENUE GROWTH ACCELERATION",
      "detail": "YoY growth: +16.2% vs prior quarter YoY: +9.6% (accel: +6.6%)",
      "severity": "MEDIUM"
    },
    {
      "quarter": "2025-06 (Q2)",
      "signal": "FCF TURNED POSITIVE",
      "detail": "FCF margin: -24.1% -> +7.1%",
      "severity": "HIGH"
    },
    {
      "quarter": "2025-06 (Q2)",
      "signal": "YoY REVENUE GROWTH ACCELERATION",
      "detail": "YoY growth: +12.8% vs prior quarter YoY: +7.8% (accel: +5.0%)",
      "severity": "MEDIUM"
    },
    {
      "quarter": "2025-03 (Q1)",
      "signal": "GROSS MARGIN INFLECTION",
      "detail": "GM: +17.7% -> +16.7% -> +19.5% (reversal +2.8%)",
      "severity": "MEDIUM"
    },
    {
      "quarter": "2025-03 (Q1)",
      "signal": "YoY REVENUE GROWTH ACCELERATION",
      "detail": "YoY growth: +7.8% vs prior quarter YoY: -0.8% (accel: +8.6%)",
      "severity": "MEDIUM"
    },
    {
      "quarter": "2024-12 (Q4)",
      "signal": "YoY REVENUE GROWTH ACCELERATION",
      "detail": "YoY growth: -0.8% vs prior quarter YoY: -13.7% (accel: +12.9%)",
      "severity": "MEDIUM"
    },
    {
      "quarter": "2024-09 (Q3)",
      "signal": "FCF MARGIN EXPANSION",
      "detail": "FCF margin: +4.9% -> +16.0% (+11.1%)",
      "severity": "MEDIUM"
    },
    {
      "quarter": "2024-06 (Q2)",
      "signal": "FCF TURNED POSITIVE",
      "detail": "FCF margin: -48.7% -> +4.9%",
      "severity": "HIGH"
    },
    {
      "quarter": "2024-03 (Q1)",
      "signal": "INCREMENTAL MARGIN (YoY)",
      "detail": "YoY Incr OPM: +21.3% vs year-ago OPM: +9.4%",
      "severity": "MEDIUM"
    },
    {
      "quarter": "2023-12 (Q4)",
      "signal": "YoY REVENUE GROWTH DECELERATION",
      "detail": "YoY growth: -18.2% vs prior quarter YoY: -9.6% (decel: -8.6%)",
      "severity": "WARNING"
    },
    {
      "quarter": "2023-09 (Q3)",
      "signal": "INCREMENTAL MARGIN (YoY)",
      "detail": "YoY Incr OPM: +52.1% vs year-ago OPM: +13.2%",
      "severity": "HIGH"
    },
    {
      "quarter": "2023-06 (Q2)",
      "signal": "FCF TURNED POSITIVE",
      "detail": "FCF margin: -17.7% -> +10.4%",
      "severity": "HIGH"
    },
    {
      "quarter": "2023-06 (Q2)",
      "signal": "YoY REVENUE GROWTH DECELERATION",
      "detail": "YoY growth: -13.7% vs prior quarter YoY: -6.1% (decel: -7.6%)",
      "severity": "WARNING"
    },
    {
      "quarter": "2023-06 (Q2)",
      "signal": "OP MARGIN TURNED POSITIVE (YoY)",
      "detail": "Op margin: -2.6% (year-ago) -> +9.0%",
      "severity": "HIGH"
    },
    {
      "quarter": "2023-03 (Q1)",
      "signal": "INCREMENTAL MARGIN (YoY)",
      "detail": "YoY Incr OPM: +124.7% vs year-ago OPM: +16.4%",
      "severity": "HIGH"
    },
    {
      "quarter": "2022-12 (Q4)",
      "signal": "FCF TURNED POSITIVE",
      "detail": "FCF margin: -6.8% -> +3.8%",
      "severity": "HIGH"
    },
    {
      "quarter": "2022-12 (Q4)",
      "signal": "YoY REVENUE GROWTH DECELERATION",
      "detail": "YoY growth: -3.4% vs prior quarter YoY: +11.2% (decel: -14.6%)",
      "severity": "WARNING"
    },
    {
      "quarter": "2022-12 (Q4)",
      "signal": "INCREMENTAL MARGIN (YoY)",
      "detail": "YoY Incr OPM: +152.4% vs year-ago OPM: +10.3%",
      "severity": "HIGH"
    },
    {
      "quarter": "2022-09 (Q3)",
      "signal": "YoY REVENUE GROWTH DECELERATION",
      "detail": "YoY growth: +11.2% vs prior quarter YoY: +19.5% (decel: -8.3%)",
      "severity": "WARNING"
    },
    {
      "quarter": "2022-09 (Q3)",
      "signal": "INCREMENTAL MARGIN (YoY)",
      "detail": "YoY Incr OPM: +71.6% vs year-ago OPM: +6.7%",
      "severity": "HIGH"
    },
    {
      "quarter": "2022-09 (Q3)",
      "signal": "OP MARGIN TURNED POSITIVE (QoQ)",
      "detail": "Op margin: -2.6% -> +13.2%",
      "severity": "HIGH"
    },
    {
      "quarter": "2022-06 (Q2)",
      "signal": "FCF MARGIN EXPANSION",
      "detail": "FCF margin: -31.4% -> -1.2% (+30.1%)",
      "severity": "MEDIUM"
    },
    {
      "quarter": "2022-03 (Q1)",
      "signal": "INCREMENTAL MARGIN (YoY)",
      "detail": "YoY Incr OPM: +52.5% vs year-ago OPM: +9.6%",
      "severity": "HIGH"
    },
    {
      "quarter": "2021-06 (Q2)",
      "signal": "FCF TURNED POSITIVE",
      "detail": "FCF margin: -26.9% -> +7.3%",
      "severity": "HIGH"
    }
  ],
  "data_quality": {
    "n_quarters": 20,
    "coverage": {
      "revenue": [
        20,
        20
      ],
      "gross_profit": [
        20,
        20
      ],
      "op_income": [
        13,
        20
      ],
      "fcf": [
        20,
        20
      ]
    },
    "gaps": [],
    "warnings": [
      "op_income: 13/20Q"
    ]
  },
  "market_cap": null,
  "source": "SEC EDGAR",
  "last_updated": "2026-02-24T10:19:49.195396"
}