{
  "ticker": "BALY",
  "name": "Bally\u2019s Corporation",
  "quarters": [
    {
      "date": "2020-09-30T00:00:00",
      "quarter_label": "2020-09 (Q3)",
      "revenue": 116624000,
      "gross_profit": null,
      "operating_income": 23383000,
      "net_income": 6723000,
      "opex": 93241000,
      "cogs": null,
      "rd": null,
      "sga": 43996000,
      "fcf": 14974000,
      "ocf": 18092000,
      "capex": -3118000,
      "gross_margin": null,
      "op_margin": 0.20049903964878585,
      "fcf_margin": 0.12839552750720262
    },
    {
      "date": "2020-12-31T00:00:00",
      "quarter_label": "2020-12 (Q4)",
      "revenue": 118096000,
      "gross_profit": null,
      "operating_income": -17637000,
      "net_income": 20223000,
      "opex": 135733000,
      "cogs": null,
      "rd": null,
      "sga": 59349000,
      "fcf": 11074000,
      "ocf": 17791000,
      "capex": -6717000,
      "gross_margin": null,
      "op_margin": -0.14934460100257418,
      "fcf_margin": 0.0937711692182631,
      "op_leverage_ratio": 0.027696164304739413,
      "fcf_margin_change": -0.03462435828893952
    },
    {
      "date": "2021-03-31T00:00:00",
      "quarter_label": "2021-03 (Q1)",
      "revenue": 192266000,
      "gross_profit": null,
      "operating_income": 29474000,
      "net_income": -10705000,
      "opex": 162792000,
      "cogs": null,
      "rd": null,
      "sga": 80499000,
      "fcf": 10543000,
      "ocf": 25870000,
      "capex": -15327000,
      "gross_margin": null,
      "op_margin": 0.15329803501399103,
      "fcf_margin": 0.05483548833387078,
      "op_leverage_ratio": 3.1504079624657573,
      "fcf_margin_change": -0.038935680884392324
    },
    {
      "date": "2021-06-30T00:00:00",
      "quarter_label": "2021-06 (Q2)",
      "revenue": 267733000,
      "gross_profit": null,
      "operating_income": 80532000,
      "net_income": 68942000,
      "opex": 187201000,
      "cogs": null,
      "rd": null,
      "sga": 101211000,
      "fcf": -12103000,
      "ocf": 8355000,
      "capex": -20458000,
      "gross_margin": null,
      "op_margin": 0.3007922071616125,
      "fcf_margin": -0.04520548456858139,
      "op_leverage_ratio": 2.6178072510794848,
      "fcf_margin_change": -0.10004097290245217
    },
    {
      "date": "2021-09-30T00:00:00",
      "quarter_label": "2021-09 (Q3)",
      "revenue": 314779000,
      "gross_profit": null,
      "operating_income": 27734000,
      "net_income": -14747000,
      "opex": 287045000,
      "cogs": null,
      "rd": null,
      "sga": 142905000,
      "fcf": 7271000,
      "ocf": 36618000,
      "capex": -29347000,
      "gross_margin": null,
      "op_margin": 0.0881062586767224,
      "fcf_margin": 0.02309874546904336,
      "incr_op_margin_yoy": 0.021957558476949864,
      "rev_growth_yoy": 1.6990928110851968,
      "op_leverage_ratio": 0.3294632609057608,
      "fcf_margin_change": 0.06830423003762474
    },
    {
      "date": "2021-12-31T00:00:00",
      "quarter_label": "2021-12 (Q4)",
      "revenue": 547665000,
      "gross_profit": null,
      "operating_income": -44358000,
      "net_income": -115289000,
      "opex": 592023000,
      "cogs": null,
      "rd": null,
      "sga": 187054000,
      "fcf": -20482000,
      "ocf": 11911000,
      "capex": -32393000,
      "gross_margin": null,
      "op_margin": -0.08099476869984389,
      "fcf_margin": -0.03739877479846256,
      "incr_op_margin_yoy": -0.062204209335403625,
      "rev_growth_yoy": 3.637455968026013,
      "rev_growth_yoy_accel": 1.938363156940816,
      "op_leverage_ratio": 0.6963364106322845,
      "fcf_margin_change": -0.06049752026750592
    },
    {
      "date": "2022-03-31T00:00:00",
      "quarter_label": "2022-03 (Q1)",
      "revenue": 548271000,
      "gross_profit": null,
      "operating_income": 22520000,
      "net_income": 1889000,
      "opex": 525751000,
      "cogs": null,
      "rd": null,
      "sga": 181616000,
      "fcf": -33706000,
      "ocf": 20810000,
      "capex": -54516000,
      "gross_margin": null,
      "op_margin": 0.04107457808273646,
      "fcf_margin": -0.061476897373744004,
      "incr_op_margin_yoy": -0.019533433519192147,
      "rev_growth_yoy": 1.851627432827437,
      "rev_growth_yoy_accel": -1.7858285351985759,
      "fcf_margin_change": -0.02407812257528144
    },
    {
      "date": "2022-06-30T00:00:00",
      "quarter_label": "2022-06 (Q2)",
      "revenue": 552496000,
      "gross_profit": null,
      "operating_income": 85319000,
      "net_income": 59501000,
      "opex": 467177000,
      "cogs": null,
      "rd": null,
      "sga": 181707000,
      "fcf": 82169000,
      "ocf": 143734000,
      "capex": -61565000,
      "gross_margin": null,
      "op_margin": 0.15442464741826184,
      "fcf_margin": 0.14872324867510353,
      "incr_op_margin_yoy": 0.016810470461401234,
      "rev_growth_yoy": 1.0636081469224936,
      "rev_growth_yoy_accel": -0.7880192859049433,
      "fcf_margin_change": 0.21020014604884754
    },
    {
      "date": "2022-09-30T00:00:00",
      "quarter_label": "2022-09 (Q3)",
      "revenue": 578249000,
      "gross_profit": null,
      "operating_income": 53662000,
      "net_income": 593000,
      "opex": 524587000,
      "cogs": null,
      "rd": null,
      "sga": 191953000,
      "fcf": 9490000,
      "ocf": 60772000,
      "capex": -51282000,
      "gross_margin": null,
      "op_margin": 0.09280085222801941,
      "fcf_margin": 0.016411615065482173,
      "incr_op_margin_yoy": 0.09840968611227084,
      "rev_growth_yoy": 0.836999926932864,
      "rev_growth_yoy_accel": -0.22660821998962966,
      "op_leverage_ratio": 0.3793085186385212,
      "fcf_margin_change": -0.13231163360962137
    },
    {
      "date": "2022-12-31T00:00:00",
      "quarter_label": "2022-12 (Q4)",
      "revenue": 576689000,
      "gross_profit": null,
      "operating_income": -454509000,
      "net_income": -487529000,
      "opex": 1031198000,
      "cogs": null,
      "rd": null,
      "sga": 219664000,
      "fcf": 762000,
      "ocf": 45655000,
      "capex": -44893000,
      "gross_margin": null,
      "op_margin": -0.7881353727919208,
      "fcf_margin": 0.0013213361101044063,
      "incr_op_margin_yoy": -14.131442943770672,
      "rev_growth_yoy": 0.05299590077876074,
      "rev_growth_yoy_accel": -0.7840040261541033,
      "fcf_margin_change": -0.015090278955377767
    },
    {
      "date": "2023-03-31T00:00:00",
      "quarter_label": "2023-03 (Q1)",
      "revenue": 598720000,
      "gross_profit": null,
      "operating_income": 376732000,
      "net_income": 178336000,
      "opex": 221988000,
      "cogs": null,
      "rd": null,
      "sga": 251608000,
      "fcf": -59790000,
      "ocf": -16112000,
      "capex": -43678000,
      "gross_margin": null,
      "op_margin": 0.6292290219134152,
      "fcf_margin": -0.09986304115446286,
      "incr_op_margin_yoy": 7.021189716347202,
      "rev_growth_yoy": 0.0920147153506204,
      "rev_growth_yoy_accel": 0.03901881457185966,
      "op_leverage_ratio": Infinity,
      "fcf_margin_change": -0.10118437726456726
    },
    {
      "date": "2023-06-30T00:00:00",
      "quarter_label": "2023-06 (Q2)",
      "revenue": 606206000,
      "gross_profit": null,
      "operating_income": 5982000,
      "net_income": -25651000,
      "opex": 600224000,
      "cogs": null,
      "rd": null,
      "sga": 249957000,
      "fcf": 4294000,
      "ocf": 80162000,
      "capex": -75868000,
      "gross_margin": null,
      "op_margin": 0.00986793268294936,
      "fcf_margin": 0.007083400692173948,
      "incr_op_margin_yoy": -1.477136473654813,
      "rev_growth_yoy": 0.09721337349048681,
      "rev_growth_yoy_accel": 0.005198658139866405,
      "op_leverage_ratio": 0.007338253212164292,
      "fcf_margin_change": 0.1069464418466368
    },
    {
      "date": "2023-09-30T00:00:00",
      "quarter_label": "2023-09 (Q3)",
      "revenue": 632477000,
      "gross_profit": null,
      "operating_income": 37236000,
      "net_income": -61802000,
      "opex": 595241000,
      "cogs": null,
      "rd": null,
      "sga": 230582000,
      "fcf": -92376000,
      "ocf": 54309000,
      "capex": -146685000,
      "gross_margin": null,
      "op_margin": 0.05887328709186263,
      "fcf_margin": -0.14605432292399564,
      "incr_op_margin_yoy": -0.30290624769491775,
      "rev_growth_yoy": 0.09377966931200919,
      "rev_growth_yoy_accel": -0.0034337041784776173,
      "op_leverage_ratio": Infinity,
      "fcf_margin_change": -0.1531377236161696
    },
    {
      "date": "2023-12-31T00:00:00",
      "quarter_label": "2023-12 (Q4)",
      "revenue": 611670000,
      "gross_profit": null,
      "operating_income": -315941000,
      "net_income": -278383000,
      "opex": 927611000,
      "cogs": null,
      "rd": null,
      "sga": 381829000,
      "fcf": 25003000,
      "ocf": 70255000,
      "capex": -45252000,
      "gross_margin": null,
      "op_margin": -0.5165219808066441,
      "fcf_margin": 0.04087661647620449,
      "incr_op_margin_yoy": 3.961236099596924,
      "rev_growth_yoy": 0.06065834444561974,
      "rev_growth_yoy_accel": -0.033121324866389454,
      "fcf_margin_change": 0.18693093940020014
    },
    {
      "date": "2024-03-31T00:00:00",
      "quarter_label": "2024-03 (Q1)",
      "revenue": 618482000,
      "gross_profit": null,
      "operating_income": -73955000,
      "net_income": -173914000,
      "opex": 692437000,
      "cogs": null,
      "rd": null,
      "sga": 248436000,
      "fcf": -35907000,
      "ocf": -7854000,
      "capex": -28053000,
      "gross_margin": null,
      "op_margin": -0.11957502401039966,
      "fcf_margin": -0.05805666130946414,
      "incr_op_margin_yoy": -22.805738285598622,
      "rev_growth_yoy": 0.03300708177445216,
      "rev_growth_yoy_accel": -0.027651262671167576,
      "op_leverage_ratio": Infinity,
      "fcf_margin_change": -0.09893327778566863
    },
    {
      "date": "2024-06-30T00:00:00",
      "quarter_label": "2024-06 (Q2)",
      "revenue": 621657000,
      "gross_profit": null,
      "operating_income": 5573000,
      "net_income": -60196000,
      "opex": 616084000,
      "cogs": null,
      "rd": null,
      "sga": 252419000,
      "fcf": 11844000,
      "ocf": 47553000,
      "capex": -35709000,
      "gross_margin": null,
      "op_margin": 0.008964750658321228,
      "fcf_margin": 0.019052306979572338,
      "incr_op_margin_yoy": -0.0264707785903825,
      "rev_growth_yoy": 0.02548803542030267,
      "rev_growth_yoy_accel": -0.0075190463541494924,
      "fcf_margin_change": 0.07710896828903648
    },
    {
      "date": "2024-09-30T00:00:00",
      "quarter_label": "2024-09 (Q3)",
      "revenue": 629974000,
      "gross_profit": null,
      "operating_income": -157655000,
      "net_income": -247855000,
      "opex": 787629000,
      "cogs": null,
      "rd": null,
      "sga": 273593000,
      "fcf": -55838000,
      "ocf": 36478000,
      "capex": -92316000,
      "gross_margin": null,
      "op_margin": -0.2502563597862769,
      "fcf_margin": -0.08863540400080003,
      "incr_op_margin_yoy": 77.8629644426688,
      "rev_growth_yoy": -0.003957456160461171,
      "rev_growth_yoy_accel": -0.02944549158076384,
      "op_leverage_ratio": 0.04804826820236522,
      "fcf_margin_change": -0.10768771098037236
    },
    {
      "date": "2024-12-31T00:00:00",
      "quarter_label": "2024-12 (Q4)",
      "revenue": 580365000,
      "gross_profit": null,
      "operating_income": -32291000,
      "net_income": -85789000,
      "opex": 612656000,
      "cogs": null,
      "rd": null,
      "sga": 269038000,
      "fcf": -6248000,
      "ocf": 37822000,
      "capex": -44070000,
      "gross_margin": null,
      "op_margin": -0.05563912365494129,
      "fcf_margin": -0.010765638865196901,
      "incr_op_margin_yoy": -9.06085289889794,
      "rev_growth_yoy": -0.05117955760459071,
      "rev_growth_yoy_accel": -0.04722210144412954,
      "fcf_margin_change": 0.07786976513560312
    },
    {
      "date": "2025-06-30T00:00:00",
      "quarter_label": "2025-06 (Q2)",
      "revenue": 657534000,
      "gross_profit": null,
      "operating_income": -2437000,
      "net_income": -228436000,
      "opex": 659971000,
      "cogs": null,
      "rd": null,
      "sga": 298198000,
      "fcf": null,
      "ocf": null,
      "capex": -48965000,
      "gross_margin": null,
      "op_margin": -0.0037062722231854172,
      "fcf_margin": null,
      "incr_op_margin_yoy": -0.22326281461660674,
      "rev_growth_yoy": 0.057711889353775477,
      "rev_growth_yoy_accel": 0.1088914469583662,
      "op_leverage_ratio": 1.7217080319841098
    },
    {
      "date": "2025-09-30T00:00:00",
      "quarter_label": "2025-09 (Q3)",
      "revenue": 663716000,
      "gross_profit": null,
      "operating_income": 989000,
      "net_income": -102912000,
      "opex": 662727000,
      "cogs": null,
      "rd": null,
      "sga": 292455000,
      "fcf": null,
      "ocf": null,
      "capex": null,
      "gross_margin": null,
      "op_margin": 0.0014900951611833977,
      "fcf_margin": null,
      "incr_op_margin_yoy": 4.7016774346511765,
      "rev_growth_yoy": 0.05356094061024741,
      "rev_growth_yoy_accel": -0.004150948743528067
    }
  ],
  "signals": [
    {
      "quarter": "2025-09 (Q3)",
      "signal": "OP MARGIN TURNED POSITIVE (YoY)",
      "detail": "Op margin: -25.0% (year-ago) -> +0.1%",
      "severity": "HIGH"
    },
    {
      "quarter": "2025-09 (Q3)",
      "signal": "OP MARGIN TURNED POSITIVE (QoQ)",
      "detail": "Op margin: -0.4% -> +0.1%",
      "severity": "HIGH"
    },
    {
      "quarter": "2025-06 (Q2)",
      "signal": "OPERATING LEVERAGE",
      "detail": "Rev growth +13.3% vs OpEx growth +7.7% (leverage: 1.7x)",
      "severity": "MEDIUM"
    },
    {
      "quarter": "2025-06 (Q2)",
      "signal": "YoY REVENUE GROWTH ACCELERATION",
      "detail": "YoY growth: +5.8% vs prior quarter YoY: -5.1% (accel: +10.9%)",
      "severity": "MEDIUM"
    },
    {
      "quarter": "2024-12 (Q4)",
      "signal": "FCF MARGIN EXPANSION",
      "detail": "FCF margin: -8.9% -> -1.1% (+7.8%)",
      "severity": "MEDIUM"
    },
    {
      "quarter": "2024-06 (Q2)",
      "signal": "FCF TURNED POSITIVE",
      "detail": "FCF margin: -5.8% -> +1.9%",
      "severity": "HIGH"
    },
    {
      "quarter": "2024-06 (Q2)",
      "signal": "OP MARGIN TURNED POSITIVE (QoQ)",
      "detail": "Op margin: -12.0% -> +0.9%",
      "severity": "HIGH"
    },
    {
      "quarter": "2023-12 (Q4)",
      "signal": "FCF TURNED POSITIVE",
      "detail": "FCF margin: -14.6% -> +4.1%",
      "severity": "HIGH"
    },
    {
      "quarter": "2023-06 (Q2)",
      "signal": "FCF TURNED POSITIVE",
      "detail": "FCF margin: -10.0% -> +0.7%",
      "severity": "HIGH"
    },
    {
      "quarter": "2023-03 (Q1)",
      "signal": "INCREMENTAL MARGIN (YoY)",
      "detail": "YoY Incr OPM: +702.1% vs year-ago OPM: +4.1%",
      "severity": "HIGH"
    },
    {
      "quarter": "2023-03 (Q1)",
      "signal": "OP MARGIN TURNED POSITIVE (QoQ)",
      "detail": "Op margin: -78.8% -> +62.9%",
      "severity": "HIGH"
    },
    {
      "quarter": "2022-12 (Q4)",
      "signal": "YoY REVENUE GROWTH DECELERATION",
      "detail": "YoY growth: +5.3% vs prior quarter YoY: +83.7% (decel: -78.4%)",
      "severity": "WARNING"
    },
    {
      "quarter": "2022-09 (Q3)",
      "signal": "YoY REVENUE GROWTH DECELERATION",
      "detail": "YoY growth: +83.7% vs prior quarter YoY: +106.4% (decel: -22.7%)",
      "severity": "WARNING"
    },
    {
      "quarter": "2022-06 (Q2)",
      "signal": "FCF TURNED POSITIVE",
      "detail": "FCF margin: -6.1% -> +14.9%",
      "severity": "HIGH"
    },
    {
      "quarter": "2022-06 (Q2)",
      "signal": "YoY REVENUE GROWTH DECELERATION",
      "detail": "YoY growth: +106.4% vs prior quarter YoY: +185.2% (decel: -78.8%)",
      "severity": "WARNING"
    },
    {
      "quarter": "2022-03 (Q1)",
      "signal": "YoY REVENUE GROWTH DECELERATION",
      "detail": "YoY growth: +185.2% vs prior quarter YoY: +363.7% (decel: -178.6%)",
      "severity": "WARNING"
    },
    {
      "quarter": "2022-03 (Q1)",
      "signal": "OP MARGIN TURNED POSITIVE (QoQ)",
      "detail": "Op margin: -8.1% -> +4.1%",
      "severity": "HIGH"
    },
    {
      "quarter": "2021-12 (Q4)",
      "signal": "YoY REVENUE GROWTH ACCELERATION",
      "detail": "YoY growth: +363.7% vs prior quarter YoY: +169.9% (accel: +193.8%)",
      "severity": "HIGH"
    },
    {
      "quarter": "2021-09 (Q3)",
      "signal": "FCF TURNED POSITIVE",
      "detail": "FCF margin: -4.5% -> +2.3%",
      "severity": "HIGH"
    },
    {
      "quarter": "2021-06 (Q2)",
      "signal": "OPERATING LEVERAGE",
      "detail": "Rev growth +39.3% vs OpEx growth +15.0% (leverage: 2.6x)",
      "severity": "MEDIUM"
    },
    {
      "quarter": "2021-03 (Q1)",
      "signal": "OPERATING LEVERAGE",
      "detail": "Rev growth +62.8% vs OpEx growth +19.9% (leverage: 3.2x)",
      "severity": "MEDIUM"
    },
    {
      "quarter": "2021-03 (Q1)",
      "signal": "OP MARGIN TURNED POSITIVE (QoQ)",
      "detail": "Op margin: -14.9% -> +15.3%",
      "severity": "HIGH"
    }
  ],
  "data_quality": {
    "n_quarters": 20,
    "coverage": {
      "revenue": [
        20,
        20
      ],
      "gross_profit": [
        0,
        20
      ],
      "op_income": [
        20,
        20
      ],
      "fcf": [
        18,
        20
      ]
    },
    "gaps": [
      [
        "2024-12 (Q4)",
        "2025-06 (Q2)",
        181
      ]
    ],
    "warnings": [
      "gross_profit: no data",
      "gap: 1Q missing between 2024-12 (Q4) and 2025-06 (Q2)"
    ]
  },
  "market_cap": null,
  "source": "SEC EDGAR",
  "last_updated": "2026-02-02T22:09:33.718788",
  "sector": "Consumer Cyclical",
  "industry": "Resorts & Casinos"
}