{
  "ticker": "BANC-PF",
  "name": "BANC OF CALIFORNIA, INC.",
  "quarters": [
    {
      "date": "2020-12-31T00:00:00",
      "quarter_label": "2020-12 (Q4)",
      "revenue": 1104000,
      "gross_profit": null,
      "operating_income": null,
      "net_income": 21703000,
      "opex": null,
      "cogs": null,
      "rd": null,
      "sga": null,
      "fcf": 35720000,
      "ocf": 36265000,
      "capex": -545000,
      "gross_margin": null,
      "op_margin": null,
      "fcf_margin": 32.35507246376812
    },
    {
      "date": "2021-03-31T00:00:00",
      "quarter_label": "2021-03 (Q1)",
      "revenue": 1276000,
      "gross_profit": null,
      "operating_income": null,
      "net_income": 14375000,
      "opex": null,
      "cogs": null,
      "rd": null,
      "sga": null,
      "fcf": 23054000,
      "ocf": 23903000,
      "capex": -849000,
      "gross_margin": null,
      "op_margin": null,
      "fcf_margin": 18.067398119122256,
      "fcf_margin_change": -14.287674344645861
    },
    {
      "date": "2021-06-30T00:00:00",
      "quarter_label": "2021-06 (Q2)",
      "revenue": 1423000,
      "gross_profit": null,
      "operating_income": null,
      "net_income": 19050000,
      "opex": null,
      "cogs": null,
      "rd": null,
      "sga": null,
      "fcf": 39317000,
      "ocf": 40186000,
      "capex": -869000,
      "gross_margin": null,
      "op_margin": null,
      "fcf_margin": 27.629655657062543,
      "fcf_margin_change": 9.562257537940287
    },
    {
      "date": "2021-09-30T00:00:00",
      "quarter_label": "2021-09 (Q3)",
      "revenue": 1510000,
      "gross_profit": null,
      "operating_income": null,
      "net_income": 23170000,
      "opex": null,
      "cogs": null,
      "rd": null,
      "sga": null,
      "fcf": 11072000,
      "ocf": 11610000,
      "capex": -538000,
      "gross_margin": null,
      "op_margin": null,
      "fcf_margin": 7.332450331125828,
      "fcf_margin_change": -20.297205325936716
    },
    {
      "date": "2021-12-31T00:00:00",
      "quarter_label": "2021-12 (Q4)",
      "revenue": 1348448000,
      "gross_profit": null,
      "operating_income": null,
      "net_income": 5751000,
      "opex": null,
      "cogs": null,
      "rd": null,
      "sga": null,
      "fcf": 412251000,
      "ocf": 427257000,
      "capex": -15006000,
      "gross_margin": null,
      "op_margin": null,
      "fcf_margin": 0.30572257884619947,
      "rev_growth_yoy": 1220.4202898550725,
      "fcf_margin_change": -7.026727752279628
    },
    {
      "date": "2022-03-31T00:00:00",
      "quarter_label": "2022-03 (Q1)",
      "revenue": 2266000,
      "gross_profit": null,
      "operating_income": null,
      "net_income": 48512000,
      "opex": null,
      "cogs": null,
      "rd": null,
      "sga": null,
      "fcf": 4736000,
      "ocf": 5265000,
      "capex": -529000,
      "gross_margin": null,
      "op_margin": null,
      "fcf_margin": 2.090026478375993,
      "rev_growth_yoy": 0.7758620689655172,
      "rev_growth_yoy_accel": -1219.644427786107,
      "fcf_margin_change": 1.7843038995297935
    },
    {
      "date": "2022-06-30T00:00:00",
      "quarter_label": "2022-06 (Q2)",
      "revenue": 2306000,
      "gross_profit": null,
      "operating_income": null,
      "net_income": 26712000,
      "opex": null,
      "cogs": null,
      "rd": null,
      "sga": null,
      "fcf": 69031000,
      "ocf": 69883000,
      "capex": -852000,
      "gross_margin": null,
      "op_margin": null,
      "fcf_margin": 29.935385949696443,
      "rev_growth_yoy": 0.6205200281096276,
      "rev_growth_yoy_accel": -0.15534204085588965,
      "fcf_margin_change": 27.84535947132045
    },
    {
      "date": "2022-09-30T00:00:00",
      "quarter_label": "2022-09 (Q3)",
      "revenue": 2198000,
      "gross_profit": null,
      "operating_income": null,
      "net_income": 24196000,
      "opex": null,
      "cogs": null,
      "rd": null,
      "sga": null,
      "fcf": 34184000,
      "ocf": 35359000,
      "capex": -1175000,
      "gross_margin": null,
      "op_margin": null,
      "fcf_margin": 15.552320291173794,
      "rev_growth_yoy": 0.4556291390728477,
      "rev_growth_yoy_accel": -0.1648908890367799,
      "fcf_margin_change": -14.383065658522648
    },
    {
      "date": "2022-12-31T00:00:00",
      "quarter_label": "2022-12 (Q4)",
      "revenue": 1624546000,
      "gross_profit": null,
      "operating_income": null,
      "net_income": 21519000,
      "opex": null,
      "cogs": null,
      "rd": null,
      "sga": null,
      "fcf": 573893000,
      "ocf": 591465000,
      "capex": -17572000,
      "gross_margin": null,
      "op_margin": null,
      "fcf_margin": 0.3532636194973857,
      "rev_growth_yoy": 0.20475242649327227,
      "rev_growth_yoy_accel": -0.25087671257957544,
      "fcf_margin_change": -15.19905667167641
    },
    {
      "date": "2023-03-31T00:00:00",
      "quarter_label": "2023-03 (Q1)",
      "revenue": 554179000,
      "gross_profit": null,
      "operating_income": null,
      "net_income": 20278000,
      "opex": null,
      "cogs": null,
      "rd": null,
      "sga": null,
      "fcf": -46240000,
      "ocf": -37004000,
      "capex": -9236000,
      "gross_margin": null,
      "op_margin": null,
      "fcf_margin": -0.08343874452117457,
      "rev_growth_yoy": 243.56266548984996,
      "rev_growth_yoy_accel": 243.35791306335668,
      "fcf_margin_change": -0.4367023640185603
    },
    {
      "date": "2023-06-30T00:00:00",
      "quarter_label": "2023-06 (Q2)",
      "revenue": 411806000,
      "gross_profit": null,
      "operating_income": null,
      "net_income": 17879000,
      "opex": null,
      "cogs": null,
      "rd": null,
      "sga": null,
      "fcf": 61132000,
      "ocf": 61141000,
      "capex": -9000,
      "gross_margin": null,
      "op_margin": null,
      "fcf_margin": 0.14844854130342927,
      "rev_growth_yoy": 177.58022549869904,
      "rev_growth_yoy_accel": -65.98243999115093,
      "fcf_margin_change": 0.23188728582460383
    },
    {
      "date": "2023-09-30T00:00:00",
      "quarter_label": "2023-09 (Q3)",
      "revenue": 489892000,
      "gross_profit": null,
      "operating_income": null,
      "net_income": 42574000,
      "opex": null,
      "cogs": null,
      "rd": null,
      "sga": null,
      "fcf": 27201000,
      "ocf": 30062000,
      "capex": -2861000,
      "gross_margin": null,
      "op_margin": null,
      "fcf_margin": 0.055524482947261845,
      "rev_growth_yoy": 221.88080072793448,
      "rev_growth_yoy_accel": 44.30057522923545,
      "fcf_margin_change": -0.09292405835616743
    },
    {
      "date": "2023-12-31T00:00:00",
      "quarter_label": "2023-12 (Q4)",
      "revenue": 66838000,
      "gross_profit": null,
      "operating_income": null,
      "net_income": -482955000,
      "opex": null,
      "cogs": null,
      "rd": null,
      "sga": null,
      "fcf": 78456000,
      "ocf": 81569000,
      "capex": -3113000,
      "gross_margin": null,
      "op_margin": null,
      "fcf_margin": 1.1738232741853436,
      "rev_growth_yoy": -0.9588574284754018,
      "rev_growth_yoy_accel": -222.83965815640988,
      "fcf_margin_change": 1.1182987912380817
    },
    {
      "date": "2024-03-31T00:00:00",
      "quarter_label": "2024-03 (Q1)",
      "revenue": 512520000,
      "gross_profit": null,
      "operating_income": null,
      "net_income": 30852000,
      "opex": null,
      "cogs": null,
      "rd": null,
      "sga": null,
      "fcf": -90338000,
      "ocf": -88396000,
      "capex": -1942000,
      "gross_margin": null,
      "op_margin": null,
      "fcf_margin": -0.1762623897603996,
      "rev_growth_yoy": -0.07517246232715422,
      "rev_growth_yoy_accel": 0.8836849661482475,
      "fcf_margin_change": -1.3500856639457433
    },
    {
      "date": "2024-06-30T00:00:00",
      "quarter_label": "2024-06 (Q2)",
      "revenue": 492381000,
      "gross_profit": null,
      "operating_income": null,
      "net_income": 30333000,
      "opex": null,
      "cogs": null,
      "rd": null,
      "sga": null,
      "fcf": 34406000,
      "ocf": 39103000,
      "capex": -4697000,
      "gross_margin": null,
      "op_margin": null,
      "fcf_margin": 0.06987678241036921,
      "rev_growth_yoy": 0.19566252070149537,
      "rev_growth_yoy_accel": 0.2708349830286496,
      "fcf_margin_change": 0.2461391721707688
    },
    {
      "date": "2024-09-30T00:00:00",
      "quarter_label": "2024-09 (Q3)",
      "revenue": 431441000,
      "gross_profit": null,
      "operating_income": null,
      "net_income": 8784000,
      "opex": null,
      "cogs": null,
      "rd": null,
      "sga": null,
      "fcf": 44597000,
      "ocf": 46871000,
      "capex": -2274000,
      "gross_margin": null,
      "op_margin": null,
      "fcf_margin": 0.10336755199436308,
      "rev_growth_yoy": -0.11931405289329076,
      "rev_growth_yoy_accel": -0.31497657359478615,
      "fcf_margin_change": 0.03349076958399387
    },
    {
      "date": "2024-12-31T00:00:00",
      "quarter_label": "2024-12 (Q4)",
      "revenue": 453508000,
      "gross_profit": null,
      "operating_income": null,
      "net_income": 56919000,
      "opex": null,
      "cogs": null,
      "rd": null,
      "sga": null,
      "fcf": 75662000,
      "ocf": 79796000,
      "capex": -4134000,
      "gross_margin": null,
      "op_margin": null,
      "fcf_margin": 0.1668371892006315,
      "rev_growth_yoy": 5.7851820820491335,
      "rev_growth_yoy_accel": 5.904496134942424,
      "fcf_margin_change": 0.06346963720626843
    },
    {
      "date": "2025-03-31T00:00:00",
      "quarter_label": "2025-03 (Q1)",
      "revenue": 440305000,
      "gross_profit": null,
      "operating_income": null,
      "net_income": 53568000,
      "opex": null,
      "cogs": null,
      "rd": null,
      "sga": null,
      "fcf": 13597000,
      "ocf": 15122000,
      "capex": -1525000,
      "gross_margin": null,
      "op_margin": null,
      "fcf_margin": 0.030880866671966024,
      "rev_growth_yoy": -0.14090181846562086,
      "rev_growth_yoy_accel": -5.9260839005147545,
      "fcf_margin_change": -0.1359563225286655
    },
    {
      "date": "2025-06-30T00:00:00",
      "quarter_label": "2025-06 (Q2)",
      "revenue": 453142000,
      "gross_profit": null,
      "operating_income": null,
      "net_income": 28385000,
      "opex": null,
      "cogs": null,
      "rd": null,
      "sga": null,
      "fcf": 61445000,
      "ocf": 62714000,
      "capex": -1269000,
      "gross_margin": null,
      "op_margin": null,
      "fcf_margin": 0.13559767137012238,
      "rev_growth_yoy": -0.07969235206070097,
      "rev_growth_yoy_accel": 0.06120946640491989,
      "fcf_margin_change": 0.10471680469815636
    },
    {
      "date": "2025-09-30T00:00:00",
      "quarter_label": "2025-09 (Q3)",
      "revenue": 466826000,
      "gross_profit": null,
      "operating_income": null,
      "net_income": 69629000,
      "opex": null,
      "cogs": null,
      "rd": null,
      "sga": null,
      "fcf": 75496000,
      "ocf": 75681000,
      "capex": -185000,
      "gross_margin": null,
      "op_margin": null,
      "fcf_margin": 0.1617219263708534,
      "rev_growth_yoy": 0.08201584921229091,
      "rev_growth_yoy_accel": 0.16170820127299187,
      "fcf_margin_change": 0.02612425500073101
    }
  ],
  "signals": [
    {
      "quarter": "2025-09 (Q3)",
      "signal": "YoY REVENUE GROWTH ACCELERATION",
      "detail": "YoY growth: +8.2% vs prior quarter YoY: -8.0% (accel: +16.2%)",
      "severity": "HIGH"
    },
    {
      "quarter": "2025-06 (Q2)",
      "signal": "FCF MARGIN EXPANSION",
      "detail": "FCF margin: +3.1% -> +13.6% (+10.5%)",
      "severity": "MEDIUM"
    },
    {
      "quarter": "2025-06 (Q2)",
      "signal": "YoY REVENUE GROWTH ACCELERATION",
      "detail": "YoY growth: -8.0% vs prior quarter YoY: -14.1% (accel: +6.1%)",
      "severity": "MEDIUM"
    },
    {
      "quarter": "2025-03 (Q1)",
      "signal": "YoY REVENUE GROWTH DECELERATION",
      "detail": "YoY growth: -14.1% vs prior quarter YoY: +578.5% (decel: -592.6%)",
      "severity": "WARNING"
    },
    {
      "quarter": "2024-12 (Q4)",
      "signal": "FCF MARGIN EXPANSION",
      "detail": "FCF margin: +10.3% -> +16.7% (+6.3%)",
      "severity": "MEDIUM"
    },
    {
      "quarter": "2024-12 (Q4)",
      "signal": "YoY REVENUE GROWTH ACCELERATION",
      "detail": "YoY growth: +578.5% vs prior quarter YoY: -11.9% (accel: +590.4%)",
      "severity": "HIGH"
    },
    {
      "quarter": "2024-09 (Q3)",
      "signal": "YoY REVENUE GROWTH DECELERATION",
      "detail": "YoY growth: -11.9% vs prior quarter YoY: +19.6% (decel: -31.5%)",
      "severity": "WARNING"
    },
    {
      "quarter": "2024-06 (Q2)",
      "signal": "FCF TURNED POSITIVE",
      "detail": "FCF margin: -17.6% -> +7.0%",
      "severity": "HIGH"
    },
    {
      "quarter": "2024-06 (Q2)",
      "signal": "YoY REVENUE GROWTH ACCELERATION",
      "detail": "YoY growth: +19.6% vs prior quarter YoY: -7.5% (accel: +27.1%)",
      "severity": "HIGH"
    },
    {
      "quarter": "2024-03 (Q1)",
      "signal": "YoY REVENUE GROWTH ACCELERATION",
      "detail": "YoY growth: -7.5% vs prior quarter YoY: -95.9% (accel: +88.4%)",
      "severity": "HIGH"
    },
    {
      "quarter": "2023-12 (Q4)",
      "signal": "FCF MARGIN EXPANSION",
      "detail": "FCF margin: +5.6% -> +117.4% (+111.8%)",
      "severity": "MEDIUM"
    },
    {
      "quarter": "2023-12 (Q4)",
      "signal": "YoY REVENUE GROWTH DECELERATION",
      "detail": "YoY growth: -95.9% vs prior quarter YoY: +22188.1% (decel: -22284.0%)",
      "severity": "WARNING"
    },
    {
      "quarter": "2023-09 (Q3)",
      "signal": "YoY REVENUE GROWTH ACCELERATION",
      "detail": "YoY growth: +22188.1% vs prior quarter YoY: +17758.0% (accel: +4430.1%)",
      "severity": "HIGH"
    },
    {
      "quarter": "2023-06 (Q2)",
      "signal": "FCF TURNED POSITIVE",
      "detail": "FCF margin: -8.3% -> +14.8%",
      "severity": "HIGH"
    },
    {
      "quarter": "2023-06 (Q2)",
      "signal": "YoY REVENUE GROWTH DECELERATION",
      "detail": "YoY growth: +17758.0% vs prior quarter YoY: +24356.3% (decel: -6598.2%)",
      "severity": "WARNING"
    },
    {
      "quarter": "2023-03 (Q1)",
      "signal": "YoY REVENUE GROWTH ACCELERATION",
      "detail": "YoY growth: +24356.3% vs prior quarter YoY: +20.5% (accel: +24335.8%)",
      "severity": "HIGH"
    },
    {
      "quarter": "2022-12 (Q4)",
      "signal": "YoY REVENUE GROWTH DECELERATION",
      "detail": "YoY growth: +20.5% vs prior quarter YoY: +45.6% (decel: -25.1%)",
      "severity": "WARNING"
    },
    {
      "quarter": "2022-09 (Q3)",
      "signal": "YoY REVENUE GROWTH DECELERATION",
      "detail": "YoY growth: +45.6% vs prior quarter YoY: +62.1% (decel: -16.5%)",
      "severity": "WARNING"
    },
    {
      "quarter": "2022-06 (Q2)",
      "signal": "FCF MARGIN EXPANSION",
      "detail": "FCF margin: +209.0% -> +2993.5% (+2784.5%)",
      "severity": "MEDIUM"
    },
    {
      "quarter": "2022-06 (Q2)",
      "signal": "YoY REVENUE GROWTH DECELERATION",
      "detail": "YoY growth: +62.1% vs prior quarter YoY: +77.6% (decel: -15.5%)",
      "severity": "WARNING"
    },
    {
      "quarter": "2022-03 (Q1)",
      "signal": "FCF MARGIN EXPANSION",
      "detail": "FCF margin: +30.6% -> +209.0% (+178.4%)",
      "severity": "MEDIUM"
    },
    {
      "quarter": "2022-03 (Q1)",
      "signal": "YoY REVENUE GROWTH DECELERATION",
      "detail": "YoY growth: +77.6% vs prior quarter YoY: +122042.0% (decel: -121964.4%)",
      "severity": "WARNING"
    },
    {
      "quarter": "2021-06 (Q2)",
      "signal": "FCF MARGIN EXPANSION",
      "detail": "FCF margin: +1806.7% -> +2763.0% (+956.2%)",
      "severity": "MEDIUM"
    }
  ],
  "data_quality": {
    "n_quarters": 20,
    "coverage": {
      "revenue": [
        20,
        20
      ],
      "gross_profit": [
        0,
        20
      ],
      "op_income": [
        0,
        20
      ],
      "fcf": [
        20,
        20
      ]
    },
    "gaps": [],
    "warnings": [
      "gross_profit: no data",
      "op_income: no data"
    ]
  },
  "market_cap": null,
  "source": "SEC EDGAR",
  "last_updated": "2026-02-03T01:07:56.627636"
}