{
  "ticker": "BARK",
  "name": "BARK, INC.",
  "quarters": [
    {
      "date": "2020-12-31T00:00:00",
      "quarter_label": "2020-12 (Q4)",
      "revenue": 105175000,
      "gross_profit": 59501000,
      "operating_income": -529054,
      "net_income": -509787,
      "opex": 78816000,
      "cogs": 45674000,
      "rd": null,
      "sga": null,
      "fcf": -711228,
      "ocf": -711228,
      "capex": null,
      "gross_margin": 0.5657333016401236,
      "op_margin": -0.005030225814119325,
      "fcf_margin": -0.006762329450915141
    },
    {
      "date": "2021-03-31T00:00:00",
      "quarter_label": "2021-03 (Q1)",
      "revenue": 112208000,
      "gross_profit": 67965000,
      "operating_income": -3910000,
      "net_income": -7057000,
      "opex": 71875000,
      "cogs": 44243000,
      "rd": null,
      "sga": null,
      "fcf": -308551,
      "ocf": -308551,
      "capex": null,
      "gross_margin": 0.6057054755454157,
      "op_margin": -0.034846000285184656,
      "fcf_margin": -0.0027498128475688007,
      "op_leverage_ratio": Infinity,
      "fcf_margin_change": 0.004012516603346341
    },
    {
      "date": "2021-06-30T00:00:00",
      "quarter_label": "2021-06 (Q2)",
      "revenue": 117606000,
      "gross_profit": 69791000,
      "operating_income": -16858000,
      "net_income": -24804000,
      "opex": 86649000,
      "cogs": 47815000,
      "rd": null,
      "sga": null,
      "fcf": -61871000,
      "ocf": -61871000,
      "capex": null,
      "gross_margin": 0.5934306072819414,
      "op_margin": -0.14334302671632398,
      "fcf_margin": -0.5260871043994354,
      "op_leverage_ratio": 0.23403931680882498,
      "fcf_margin_change": -0.5233372915518666
    },
    {
      "date": "2021-09-30T00:00:00",
      "quarter_label": "2021-09 (Q3)",
      "revenue": 120162000,
      "gross_profit": 69886000,
      "operating_income": -15424000,
      "net_income": 6455000,
      "opex": 85310000,
      "cogs": 50276000,
      "rd": null,
      "sga": null,
      "fcf": -46148000,
      "ocf": -46148000,
      "capex": null,
      "gross_margin": 0.5815981757960087,
      "op_margin": -0.1283600472695195,
      "fcf_margin": -0.3840482015945141,
      "op_leverage_ratio": Infinity,
      "fcf_margin_change": 0.14203890280492132
    },
    {
      "date": "2021-12-31T00:00:00",
      "quarter_label": "2021-12 (Q4)",
      "revenue": 140812000,
      "gross_profit": 78409000,
      "operating_income": -27055000,
      "net_income": -13241000,
      "opex": 105464000,
      "cogs": 62403000,
      "rd": null,
      "sga": null,
      "fcf": -38518000,
      "ocf": -38518000,
      "capex": null,
      "gross_margin": 0.5568346447745931,
      "op_margin": -0.1921356134420362,
      "fcf_margin": -0.2735420276680965,
      "incr_op_margin_yoy": -0.7443372337738867,
      "rev_growth_yoy": 0.3388352745424293,
      "op_leverage_ratio": 0.7274306493154291,
      "fcf_margin_change": 0.1105061739264176
    },
    {
      "date": "2022-03-31T00:00:00",
      "quarter_label": "2022-03 (Q1)",
      "revenue": 128826000,
      "gross_profit": 64019000,
      "operating_income": -34846000,
      "net_income": -36710000,
      "opex": 98865000,
      "cogs": 64807000,
      "rd": null,
      "sga": null,
      "fcf": -25801000,
      "ocf": -25801000,
      "capex": null,
      "gross_margin": 0.496941611165448,
      "op_margin": -0.27048887646903574,
      "fcf_margin": -0.2002778942139009,
      "incr_op_margin_yoy": -1.86159585991094,
      "rev_growth_yoy": 0.14809995722230143,
      "rev_growth_yoy_accel": -0.19073531732012786,
      "fcf_margin_change": 0.07326413345419558
    },
    {
      "date": "2022-06-30T00:00:00",
      "quarter_label": "2022-06 (Q2)",
      "revenue": 131150000,
      "gross_profit": 75814000,
      "operating_income": -20138000,
      "net_income": -15408000,
      "opex": 95952000,
      "cogs": 55336000,
      "rd": null,
      "sga": null,
      "fcf": -17425000,
      "ocf": -17425000,
      "capex": null,
      "gross_margin": 0.5780709111704155,
      "op_margin": -0.1535493709492947,
      "fcf_margin": -0.13286313381624096,
      "incr_op_margin_yoy": -0.24217365623154163,
      "rev_growth_yoy": 0.11516419230311378,
      "rev_growth_yoy_accel": -0.03293576491918765,
      "op_leverage_ratio": Infinity,
      "fcf_margin_change": 0.06741476039765995
    },
    {
      "date": "2022-09-30T00:00:00",
      "quarter_label": "2022-09 (Q3)",
      "revenue": 143814000,
      "gross_profit": 80341000,
      "operating_income": -9146000,
      "net_income": -10639000,
      "opex": 89487000,
      "cogs": 63473000,
      "rd": null,
      "sga": null,
      "fcf": -2138000,
      "ocf": -2138000,
      "capex": null,
      "gross_margin": 0.5586451944873239,
      "op_margin": -0.06359603376583643,
      "fcf_margin": -0.014866424687443503,
      "incr_op_margin_yoy": 0.2654320987654321,
      "rev_growth_yoy": 0.19683427373046386,
      "rev_growth_yoy_accel": 0.08167008142735008,
      "op_leverage_ratio": Infinity,
      "fcf_margin_change": 0.11799670912879745
    },
    {
      "date": "2022-12-31T00:00:00",
      "quarter_label": "2022-12 (Q4)",
      "revenue": 134334000,
      "gross_profit": 80190000,
      "operating_income": -21749000,
      "net_income": -21270000,
      "opex": 101939000,
      "cogs": 54144000,
      "rd": null,
      "sga": null,
      "fcf": 5077000,
      "ocf": 5077000,
      "capex": null,
      "gross_margin": 0.5969449283130108,
      "op_margin": -0.16190242232048477,
      "fcf_margin": 0.03779385710244614,
      "incr_op_margin_yoy": -0.8190799629515283,
      "rev_growth_yoy": -0.046004601880521544,
      "rev_growth_yoy_accel": -0.2428388756109854,
      "fcf_margin_change": 0.05266028178988964
    },
    {
      "date": "2023-03-31T00:00:00",
      "quarter_label": "2023-03 (Q1)",
      "revenue": 126017000,
      "gross_profit": 71769000,
      "operating_income": -12799000,
      "net_income": -14202000,
      "opex": 84568000,
      "cogs": 54248000,
      "rd": null,
      "sga": null,
      "fcf": 19180000,
      "ocf": 19180000,
      "capex": null,
      "gross_margin": 0.569518398311339,
      "op_margin": -0.10156566177579215,
      "fcf_margin": 0.15220168707396622,
      "incr_op_margin_yoy": -7.848700605197579,
      "rev_growth_yoy": -0.021804604660549887,
      "rev_growth_yoy_accel": 0.024199997219971656,
      "fcf_margin_change": 0.11440782997152008
    },
    {
      "date": "2023-06-30T00:00:00",
      "quarter_label": "2023-06 (Q2)",
      "revenue": 120591000,
      "gross_profit": 73036000,
      "operating_income": -14004000,
      "net_income": -11663000,
      "opex": 87040000,
      "cogs": 47555000,
      "rd": null,
      "sga": null,
      "fcf": -10741000,
      "ocf": -10741000,
      "capex": null,
      "gross_margin": 0.6056505045981873,
      "op_margin": -0.11612806925889992,
      "fcf_margin": -0.08906966523206541,
      "incr_op_margin_yoy": -0.5809262240742494,
      "rev_growth_yoy": -0.08051086542127335,
      "rev_growth_yoy_accel": -0.05870626076072347,
      "fcf_margin_change": -0.24127135230603164
    },
    {
      "date": "2023-09-30T00:00:00",
      "quarter_label": "2023-09 (Q3)",
      "revenue": 123036000,
      "gross_profit": 75642000,
      "operating_income": -11099000,
      "net_income": -10337000,
      "opex": 86741000,
      "cogs": 47394000,
      "rd": null,
      "sga": null,
      "fcf": 2825000,
      "ocf": 2825000,
      "capex": null,
      "gross_margin": 0.6147956695601288,
      "op_margin": -0.09020936961539712,
      "fcf_margin": 0.02296075945251796,
      "incr_op_margin_yoy": 0.09399364712676869,
      "rev_growth_yoy": -0.1444782844507489,
      "rev_growth_yoy_accel": -0.06396741902947554,
      "op_leverage_ratio": Infinity,
      "fcf_margin_change": 0.11203042468458338
    },
    {
      "date": "2023-12-31T00:00:00",
      "quarter_label": "2023-12 (Q4)",
      "revenue": 125075000,
      "gross_profit": 77244000,
      "operating_income": -13969000,
      "net_income": -10108000,
      "opex": 91213000,
      "cogs": 47831000,
      "rd": null,
      "sga": null,
      "fcf": 15022000,
      "ocf": 15022000,
      "capex": null,
      "gross_margin": 0.6175814511293224,
      "op_margin": -0.11168498900659604,
      "fcf_margin": 0.12010393763741754,
      "incr_op_margin_yoy": -0.8402635273787666,
      "rev_growth_yoy": -0.06892521625202852,
      "rev_growth_yoy_accel": 0.07555306819872037,
      "op_leverage_ratio": 0.3214457233629019,
      "fcf_margin_change": 0.09714317818489958
    },
    {
      "date": "2024-03-31T00:00:00",
      "quarter_label": "2024-03 (Q1)",
      "revenue": 121484000,
      "gross_profit": 76231000,
      "operating_income": -6451000,
      "net_income": -4902000,
      "opex": 82682000,
      "cogs": 45253000,
      "rd": null,
      "sga": null,
      "fcf": -1046000,
      "ocf": -1046000,
      "capex": null,
      "gross_margin": 0.6274982713773007,
      "op_margin": -0.05310164301471799,
      "fcf_margin": -0.008610187349774456,
      "incr_op_margin_yoy": -1.400397088021178,
      "rev_growth_yoy": -0.035971337200536434,
      "rev_growth_yoy_accel": 0.03295387905149209,
      "fcf_margin_change": -0.128714124987192
    },
    {
      "date": "2024-06-30T00:00:00",
      "quarter_label": "2024-06 (Q2)",
      "revenue": 116212000,
      "gross_profit": 73266000,
      "operating_income": -10592000,
      "net_income": -10039000,
      "opex": 83858000,
      "cogs": 42946000,
      "rd": null,
      "sga": null,
      "fcf": 1792000,
      "ocf": 1792000,
      "capex": null,
      "gross_margin": 0.6304512442776994,
      "op_margin": -0.09114377172753244,
      "fcf_margin": 0.015420094310398237,
      "incr_op_margin_yoy": -0.779173327243663,
      "rev_growth_yoy": -0.03631282599862345,
      "rev_growth_yoy_accel": -0.00034148879808701404,
      "fcf_margin_change": 0.024030281660172695
    },
    {
      "date": "2024-09-30T00:00:00",
      "quarter_label": "2024-09 (Q3)",
      "revenue": 126111000,
      "gross_profit": 76112000,
      "operating_income": -5696000,
      "net_income": -5263000,
      "opex": 81808000,
      "cogs": 49999000,
      "rd": null,
      "sga": null,
      "fcf": 2774000,
      "ocf": 2774000,
      "capex": null,
      "gross_margin": 0.6035318092791271,
      "op_margin": -0.0451665596181142,
      "fcf_margin": 0.02199649515109705,
      "incr_op_margin_yoy": 1.7570731707317073,
      "rev_growth_yoy": 0.02499268506778504,
      "rev_growth_yoy_accel": 0.06130551106640848,
      "op_leverage_ratio": Infinity,
      "fcf_margin_change": 0.006576400840698812
    },
    {
      "date": "2024-12-31T00:00:00",
      "quarter_label": "2024-12 (Q4)",
      "revenue": 126449000,
      "gross_profit": 79260000,
      "operating_income": -12245000,
      "net_income": -11509000,
      "opex": 91505000,
      "cogs": 47189000,
      "rd": null,
      "sga": null,
      "fcf": -1387000,
      "ocf": -1387000,
      "capex": null,
      "gross_margin": 0.6268139724315732,
      "op_margin": -0.09683746016180436,
      "fcf_margin": -0.010968849101218673,
      "incr_op_margin_yoy": 1.254730713245997,
      "rev_growth_yoy": 0.010985408754747152,
      "rev_growth_yoy_accel": -0.014007276313037886,
      "fcf_margin_change": -0.032965344252315724
    },
    {
      "date": "2025-03-31T00:00:00",
      "quarter_label": "2025-03 (Q1)",
      "revenue": 115410000,
      "gross_profit": 73350000,
      "operating_income": -6617000,
      "net_income": -6067000,
      "opex": 79967000,
      "cogs": 42060000,
      "rd": null,
      "sga": null,
      "fcf": -10258000,
      "ocf": -10258000,
      "capex": null,
      "gross_margin": 0.6355601767611125,
      "op_margin": -0.05733471969500043,
      "fcf_margin": -0.08888311238194264,
      "incr_op_margin_yoy": 0.02732960158050708,
      "rev_growth_yoy": -0.04999835369266735,
      "rev_growth_yoy_accel": -0.060983762447414505,
      "fcf_margin_change": -0.07791426328072397
    },
    {
      "date": "2025-06-30T00:00:00",
      "quarter_label": "2025-06 (Q2)",
      "revenue": 102861000,
      "gross_profit": 64077000,
      "operating_income": -8353000,
      "net_income": -7030000,
      "opex": 72430000,
      "cogs": 38784000,
      "rd": null,
      "sga": null,
      "fcf": -5440000,
      "ocf": -5440000,
      "capex": null,
      "gross_margin": 0.6229474728031033,
      "op_margin": -0.08120667697183578,
      "fcf_margin": -0.05288690562992777,
      "incr_op_margin_yoy": -0.16770279379821737,
      "rev_growth_yoy": -0.11488486559047259,
      "rev_growth_yoy_accel": -0.06488651189780524,
      "fcf_margin_change": 0.03599620675201488
    },
    {
      "date": "2025-09-30T00:00:00",
      "quarter_label": "2025-09 (Q3)",
      "revenue": 106970000,
      "gross_profit": 61960000,
      "operating_income": -10659000,
      "net_income": -10672000,
      "opex": 72619000,
      "cogs": 45010000,
      "rd": null,
      "sga": null,
      "fcf": -18074000,
      "ocf": -18074000,
      "capex": null,
      "gross_margin": 0.5792278208843601,
      "op_margin": -0.09964476021314388,
      "fcf_margin": -0.16896326072730672,
      "incr_op_margin_yoy": 0.2592863486756178,
      "rev_growth_yoy": -0.15177898835153159,
      "rev_growth_yoy_accel": -0.036894122761058995,
      "op_leverage_ratio": 15.308832811773673,
      "fcf_margin_change": -0.11607635509737896
    }
  ],
  "signals": [
    {
      "quarter": "2025-09 (Q3)",
      "signal": "OPERATING LEVERAGE",
      "detail": "Rev growth +4.0% vs OpEx growth +0.3% (leverage: 15.3x)",
      "severity": "MEDIUM"
    },
    {
      "quarter": "2025-06 (Q2)",
      "signal": "YoY REVENUE GROWTH DECELERATION",
      "detail": "YoY growth: -11.5% vs prior quarter YoY: -5.0% (decel: -6.5%)",
      "severity": "WARNING"
    },
    {
      "quarter": "2025-03 (Q1)",
      "signal": "YoY REVENUE GROWTH DECELERATION",
      "detail": "YoY growth: -5.0% vs prior quarter YoY: +1.1% (decel: -6.1%)",
      "severity": "WARNING"
    },
    {
      "quarter": "2024-12 (Q4)",
      "signal": "GROSS MARGIN INFLECTION",
      "detail": "GM: +63.0% -> +60.4% -> +62.7% (reversal +2.3%)",
      "severity": "MEDIUM"
    },
    {
      "quarter": "2024-09 (Q3)",
      "signal": "YoY REVENUE GROWTH ACCELERATION",
      "detail": "YoY growth: +2.5% vs prior quarter YoY: -3.6% (accel: +6.1%)",
      "severity": "MEDIUM"
    },
    {
      "quarter": "2024-06 (Q2)",
      "signal": "FCF TURNED POSITIVE",
      "detail": "FCF margin: -0.9% -> +1.5%",
      "severity": "HIGH"
    },
    {
      "quarter": "2023-12 (Q4)",
      "signal": "FCF MARGIN EXPANSION",
      "detail": "FCF margin: +2.3% -> +12.0% (+9.7%)",
      "severity": "MEDIUM"
    },
    {
      "quarter": "2023-12 (Q4)",
      "signal": "YoY REVENUE GROWTH ACCELERATION",
      "detail": "YoY growth: -6.9% vs prior quarter YoY: -14.4% (accel: +7.6%)",
      "severity": "MEDIUM"
    },
    {
      "quarter": "2023-09 (Q3)",
      "signal": "FCF TURNED POSITIVE",
      "detail": "FCF margin: -8.9% -> +2.3%",
      "severity": "HIGH"
    },
    {
      "quarter": "2023-09 (Q3)",
      "signal": "YoY REVENUE GROWTH DECELERATION",
      "detail": "YoY growth: -14.4% vs prior quarter YoY: -8.1% (decel: -6.4%)",
      "severity": "WARNING"
    },
    {
      "quarter": "2023-06 (Q2)",
      "signal": "GROSS MARGIN INFLECTION",
      "detail": "GM: +59.7% -> +57.0% -> +60.6% (reversal +3.6%)",
      "severity": "MEDIUM"
    },
    {
      "quarter": "2023-06 (Q2)",
      "signal": "YoY REVENUE GROWTH DECELERATION",
      "detail": "YoY growth: -8.1% vs prior quarter YoY: -2.2% (decel: -5.9%)",
      "severity": "WARNING"
    },
    {
      "quarter": "2023-03 (Q1)",
      "signal": "FCF MARGIN EXPANSION",
      "detail": "FCF margin: +3.8% -> +15.2% (+11.4%)",
      "severity": "MEDIUM"
    },
    {
      "quarter": "2022-12 (Q4)",
      "signal": "FCF TURNED POSITIVE",
      "detail": "FCF margin: -1.5% -> +3.8%",
      "severity": "HIGH"
    },
    {
      "quarter": "2022-12 (Q4)",
      "signal": "GROSS MARGIN INFLECTION",
      "detail": "GM: +57.8% -> +55.9% -> +59.7% (reversal +3.8%)",
      "severity": "MEDIUM"
    },
    {
      "quarter": "2022-12 (Q4)",
      "signal": "YoY REVENUE GROWTH DECELERATION",
      "detail": "YoY growth: -4.6% vs prior quarter YoY: +19.7% (decel: -24.3%)",
      "severity": "WARNING"
    },
    {
      "quarter": "2022-09 (Q3)",
      "signal": "FCF MARGIN EXPANSION",
      "detail": "FCF margin: -13.3% -> -1.5% (+11.8%)",
      "severity": "MEDIUM"
    },
    {
      "quarter": "2022-09 (Q3)",
      "signal": "YoY REVENUE GROWTH ACCELERATION",
      "detail": "YoY growth: +19.7% vs prior quarter YoY: +11.5% (accel: +8.2%)",
      "severity": "MEDIUM"
    },
    {
      "quarter": "2022-06 (Q2)",
      "signal": "FCF MARGIN EXPANSION",
      "detail": "FCF margin: -20.0% -> -13.3% (+6.7%)",
      "severity": "MEDIUM"
    },
    {
      "quarter": "2022-06 (Q2)",
      "signal": "GROSS MARGIN INFLECTION",
      "detail": "GM: +55.7% -> +49.7% -> +57.8% (reversal +8.1%)",
      "severity": "HIGH"
    },
    {
      "quarter": "2022-03 (Q1)",
      "signal": "FCF MARGIN EXPANSION",
      "detail": "FCF margin: -27.4% -> -20.0% (+7.3%)",
      "severity": "MEDIUM"
    },
    {
      "quarter": "2022-03 (Q1)",
      "signal": "YoY REVENUE GROWTH DECELERATION",
      "detail": "YoY growth: +14.8% vs prior quarter YoY: +33.9% (decel: -19.1%)",
      "severity": "WARNING"
    },
    {
      "quarter": "2021-12 (Q4)",
      "signal": "FCF MARGIN EXPANSION",
      "detail": "FCF margin: -38.4% -> -27.4% (+11.1%)",
      "severity": "MEDIUM"
    },
    {
      "quarter": "2021-09 (Q3)",
      "signal": "FCF MARGIN EXPANSION",
      "detail": "FCF margin: -52.6% -> -38.4% (+14.2%)",
      "severity": "MEDIUM"
    }
  ],
  "data_quality": {
    "n_quarters": 20,
    "coverage": {
      "revenue": [
        20,
        20
      ],
      "gross_profit": [
        20,
        20
      ],
      "op_income": [
        20,
        20
      ],
      "fcf": [
        20,
        20
      ]
    },
    "gaps": [],
    "warnings": []
  },
  "market_cap": null,
  "source": "SEC EDGAR",
  "last_updated": "2026-02-02T23:08:56.149035",
  "sector": "Consumer Cyclical",
  "industry": "Specialty Retail"
}