{
  "ticker": "BATRB",
  "name": "ATLANTA BRAVES HOLDINGS, INC.",
  "quarters": [
    {
      "date": "2022-06-30T00:00:00",
      "quarter_label": "2022-06 (Q2)",
      "revenue": 250325000,
      "gross_profit": null,
      "operating_income": 27561000,
      "net_income": 63699000,
      "opex": 222764000,
      "cogs": null,
      "rd": null,
      "sga": 32995000,
      "fcf": null,
      "ocf": null,
      "capex": null,
      "gross_margin": null,
      "op_margin": 0.1101008688704684,
      "fcf_margin": null
    },
    {
      "date": "2022-09-30T00:00:00",
      "quarter_label": "2022-09 (Q3)",
      "revenue": 245447000,
      "gross_profit": null,
      "operating_income": -4692000,
      "net_income": -29897000,
      "opex": 250139000,
      "cogs": null,
      "rd": null,
      "sga": 27688000,
      "fcf": -78640000,
      "ocf": -78640000,
      "capex": null,
      "gross_margin": null,
      "op_margin": -0.01911614319995763,
      "fcf_margin": -0.32039503436587125
    },
    {
      "date": "2022-12-31T00:00:00",
      "quarter_label": "2022-12 (Q4)",
      "revenue": 71259000,
      "gross_profit": null,
      "operating_income": -7210000,
      "net_income": -44939000,
      "opex": 78469000,
      "cogs": null,
      "rd": null,
      "sga": 22805000,
      "fcf": 33961000,
      "ocf": 33961000,
      "capex": null,
      "gross_margin": null,
      "op_margin": -0.101180201799071,
      "fcf_margin": 0.4765854137722954,
      "fcf_margin_change": 0.7969804481381666
    },
    {
      "date": "2023-03-31T00:00:00",
      "quarter_label": "2023-03 (Q1)",
      "revenue": 30972000,
      "gross_profit": null,
      "operating_income": -49257000,
      "net_income": -57976000,
      "opex": 80229000,
      "cogs": null,
      "rd": null,
      "sga": 26848000,
      "fcf": 84565000,
      "ocf": 84565000,
      "capex": null,
      "gross_margin": null,
      "op_margin": -1.5903719488570323,
      "fcf_margin": 2.7303693658788584,
      "fcf_margin_change": 2.253783952106563
    },
    {
      "date": "2023-06-30T00:00:00",
      "quarter_label": "2023-06 (Q2)",
      "revenue": 270123000,
      "gross_profit": null,
      "operating_income": 19467000,
      "net_income": -28913000,
      "opex": 250656000,
      "cogs": null,
      "rd": null,
      "sga": 33443000,
      "fcf": -48673000,
      "ocf": -48673000,
      "capex": null,
      "gross_margin": null,
      "op_margin": 0.0720671694006064,
      "fcf_margin": -0.1801882845962765,
      "incr_op_margin_yoy": -0.4088291746641075,
      "rev_growth_yoy": 0.07908918406072106,
      "op_leverage_ratio": 3.6349289839116343,
      "fcf_margin_change": -2.910557650475135
    },
    {
      "date": "2023-09-30T00:00:00",
      "quarter_label": "2023-09 (Q3)",
      "revenue": 271824000,
      "gross_profit": null,
      "operating_income": 15716000,
      "net_income": -6047000,
      "opex": 256108000,
      "cogs": null,
      "rd": null,
      "sga": 34346000,
      "fcf": -57198000,
      "ocf": -57198000,
      "capex": null,
      "gross_margin": null,
      "op_margin": 0.057816822649949966,
      "fcf_margin": -0.2104229207134028,
      "incr_op_margin_yoy": 0.7737043636501497,
      "rev_growth_yoy": 0.10746515541033298,
      "rev_growth_yoy_accel": 0.028375971349611923,
      "fcf_margin_change": -0.03023463611712629
    },
    {
      "date": "2023-12-31T00:00:00",
      "quarter_label": "2023-12 (Q4)",
      "revenue": 67748000,
      "gross_profit": null,
      "operating_income": -32366000,
      "net_income": -32358000,
      "opex": 100114000,
      "cogs": null,
      "rd": null,
      "sga": 29999000,
      "fcf": 22932000,
      "ocf": 22932000,
      "capex": null,
      "gross_margin": null,
      "op_margin": -0.4777410403259137,
      "fcf_margin": 0.3384896971128299,
      "incr_op_margin_yoy": 7.164910281970949,
      "rev_growth_yoy": -0.04927096928107327,
      "rev_growth_yoy_accel": -0.15673612469140624,
      "fcf_margin_change": 0.5489126178262327
    },
    {
      "date": "2024-03-31T00:00:00",
      "quarter_label": "2024-03 (Q1)",
      "revenue": 37080000,
      "gross_profit": null,
      "operating_income": -52355000,
      "net_income": -51272000,
      "opex": 89435000,
      "cogs": null,
      "rd": null,
      "sga": 27093000,
      "fcf": 91064000,
      "ocf": 91064000,
      "capex": null,
      "gross_margin": null,
      "op_margin": -1.4119471413160734,
      "fcf_margin": 2.4558791801510247,
      "incr_op_margin_yoy": -0.5072036673215455,
      "rev_growth_yoy": 0.1972103835722588,
      "rev_growth_yoy_accel": 0.2464813528533321,
      "fcf_margin_change": 2.117389483038195
    },
    {
      "date": "2024-06-30T00:00:00",
      "quarter_label": "2024-06 (Q2)",
      "revenue": 282876000,
      "gross_profit": null,
      "operating_income": 24936000,
      "net_income": 29109000,
      "opex": 257940000,
      "cogs": null,
      "rd": null,
      "sga": 33351000,
      "fcf": -34312000,
      "ocf": -34312000,
      "capex": null,
      "gross_margin": null,
      "op_margin": 0.08815169897764391,
      "fcf_margin": -0.12129696404078112,
      "incr_op_margin_yoy": 0.42884027287697013,
      "rev_growth_yoy": 0.04721182572383692,
      "rev_growth_yoy_accel": -0.1499985578484219,
      "op_leverage_ratio": 3.5182751820238303,
      "fcf_margin_change": -2.5771761441918057
    },
    {
      "date": "2024-09-30T00:00:00",
      "quarter_label": "2024-09 (Q3)",
      "revenue": 290674000,
      "gross_profit": null,
      "operating_income": 6402000,
      "net_income": 10020000,
      "opex": 284272000,
      "cogs": null,
      "rd": null,
      "sga": 37122000,
      "fcf": -69024000,
      "ocf": -69024000,
      "capex": null,
      "gross_margin": null,
      "op_margin": 0.02202467368942527,
      "fcf_margin": -0.23746189889704616,
      "incr_op_margin_yoy": -0.49411140583554375,
      "rev_growth_yoy": 0.06934634175054447,
      "rev_growth_yoy_accel": 0.022134516026707546,
      "op_leverage_ratio": 0.270036193656856,
      "fcf_margin_change": -0.11616493485626504
    },
    {
      "date": "2024-12-31T00:00:00",
      "quarter_label": "2024-12 (Q4)",
      "revenue": 52118000,
      "gross_profit": null,
      "operating_income": -18648000,
      "net_income": -19125000,
      "opex": 70766000,
      "cogs": null,
      "rd": null,
      "sga": 28110000,
      "fcf": 28903000,
      "ocf": 28903000,
      "capex": null,
      "gross_margin": null,
      "op_margin": -0.35780344602632486,
      "fcf_margin": 0.554568479220231,
      "incr_op_margin_yoy": -0.8776711452335253,
      "rev_growth_yoy": -0.23070791757690265,
      "rev_growth_yoy_accel": -0.3000542593274471,
      "fcf_margin_change": 0.7920303781172772
    },
    {
      "date": "2025-03-31T00:00:00",
      "quarter_label": "2025-03 (Q1)",
      "revenue": 47211000,
      "gross_profit": null,
      "operating_income": -44452000,
      "net_income": -41391000,
      "opex": 91663000,
      "cogs": null,
      "rd": null,
      "sga": 27235000,
      "fcf": 95770000,
      "ocf": 95770000,
      "capex": null,
      "gross_margin": null,
      "op_margin": -0.9415602296075067,
      "fcf_margin": 2.0285526678104677,
      "incr_op_margin_yoy": 0.7800809396900602,
      "rev_growth_yoy": 0.2732200647249191,
      "rev_growth_yoy_accel": 0.5039279823018218,
      "fcf_margin_change": 1.4739841885902367
    },
    {
      "date": "2025-06-30T00:00:00",
      "quarter_label": "2025-06 (Q2)",
      "revenue": 312440000,
      "gross_profit": null,
      "operating_income": 41787000,
      "net_income": 29494000,
      "opex": 270653000,
      "cogs": null,
      "rd": null,
      "sga": 34940000,
      "fcf": -8130000,
      "ocf": -8130000,
      "capex": null,
      "gross_margin": null,
      "op_margin": 0.1337440788631417,
      "fcf_margin": -0.026020996031238,
      "incr_op_margin_yoy": 0.5699837640373427,
      "rev_growth_yoy": 0.10451222443756275,
      "rev_growth_yoy_accel": -0.16870784028735636,
      "op_leverage_ratio": 2.877021499181906,
      "fcf_margin_change": -2.0545736638417056
    },
    {
      "date": "2025-09-30T00:00:00",
      "quarter_label": "2025-09 (Q3)",
      "revenue": 311538000,
      "gross_profit": null,
      "operating_income": 38930000,
      "net_income": 29978000,
      "opex": 272608000,
      "cogs": null,
      "rd": null,
      "sga": 34753000,
      "fcf": -88815000,
      "ocf": -88815000,
      "capex": null,
      "gross_margin": null,
      "op_margin": 0.12496067895409228,
      "fcf_margin": -0.2850856075342334,
      "incr_op_margin_yoy": 1.5590490797546013,
      "rev_growth_yoy": 0.07177800560077613,
      "rev_growth_yoy_accel": -0.03273421883678662,
      "fcf_margin_change": -0.2590646115029954
    }
  ],
  "signals": [
    {
      "quarter": "2025-09 (Q3)",
      "signal": "INCREMENTAL MARGIN (YoY)",
      "detail": "YoY Incr OPM: +155.9% vs year-ago OPM: +2.2%",
      "severity": "HIGH"
    },
    {
      "quarter": "2025-06 (Q2)",
      "signal": "OPERATING LEVERAGE",
      "detail": "Rev growth +561.8% vs OpEx growth +195.3% (leverage: 2.9x)",
      "severity": "MEDIUM"
    },
    {
      "quarter": "2025-06 (Q2)",
      "signal": "YoY REVENUE GROWTH DECELERATION",
      "detail": "YoY growth: +10.5% vs prior quarter YoY: +27.3% (decel: -16.9%)",
      "severity": "WARNING"
    },
    {
      "quarter": "2025-06 (Q2)",
      "signal": "INCREMENTAL MARGIN (YoY)",
      "detail": "YoY Incr OPM: +57.0% vs year-ago OPM: +8.8%",
      "severity": "HIGH"
    },
    {
      "quarter": "2025-06 (Q2)",
      "signal": "OP MARGIN TURNED POSITIVE (QoQ)",
      "detail": "Op margin: -94.2% -> +13.4%",
      "severity": "HIGH"
    },
    {
      "quarter": "2025-03 (Q1)",
      "signal": "FCF MARGIN EXPANSION",
      "detail": "FCF margin: +55.5% -> +202.9% (+147.4%)",
      "severity": "MEDIUM"
    },
    {
      "quarter": "2025-03 (Q1)",
      "signal": "YoY REVENUE GROWTH ACCELERATION",
      "detail": "YoY growth: +27.3% vs prior quarter YoY: -23.1% (accel: +50.4%)",
      "severity": "HIGH"
    },
    {
      "quarter": "2024-12 (Q4)",
      "signal": "FCF TURNED POSITIVE",
      "detail": "FCF margin: -23.7% -> +55.5%",
      "severity": "HIGH"
    },
    {
      "quarter": "2024-12 (Q4)",
      "signal": "YoY REVENUE GROWTH DECELERATION",
      "detail": "YoY growth: -23.1% vs prior quarter YoY: +6.9% (decel: -30.0%)",
      "severity": "WARNING"
    },
    {
      "quarter": "2024-06 (Q2)",
      "signal": "OPERATING LEVERAGE",
      "detail": "Rev growth +662.9% vs OpEx growth +188.4% (leverage: 3.5x)",
      "severity": "MEDIUM"
    },
    {
      "quarter": "2024-06 (Q2)",
      "signal": "YoY REVENUE GROWTH DECELERATION",
      "detail": "YoY growth: +4.7% vs prior quarter YoY: +19.7% (decel: -15.0%)",
      "severity": "WARNING"
    },
    {
      "quarter": "2024-06 (Q2)",
      "signal": "INCREMENTAL MARGIN (YoY)",
      "detail": "YoY Incr OPM: +42.9% vs year-ago OPM: +7.2%",
      "severity": "HIGH"
    },
    {
      "quarter": "2024-06 (Q2)",
      "signal": "OP MARGIN TURNED POSITIVE (QoQ)",
      "detail": "Op margin: -141.2% -> +8.8%",
      "severity": "HIGH"
    },
    {
      "quarter": "2024-03 (Q1)",
      "signal": "FCF MARGIN EXPANSION",
      "detail": "FCF margin: +33.8% -> +245.6% (+211.7%)",
      "severity": "MEDIUM"
    },
    {
      "quarter": "2024-03 (Q1)",
      "signal": "YoY REVENUE GROWTH ACCELERATION",
      "detail": "YoY growth: +19.7% vs prior quarter YoY: -4.9% (accel: +24.6%)",
      "severity": "HIGH"
    },
    {
      "quarter": "2023-12 (Q4)",
      "signal": "FCF TURNED POSITIVE",
      "detail": "FCF margin: -21.0% -> +33.8%",
      "severity": "HIGH"
    },
    {
      "quarter": "2023-12 (Q4)",
      "signal": "YoY REVENUE GROWTH DECELERATION",
      "detail": "YoY growth: -4.9% vs prior quarter YoY: +10.7% (decel: -15.7%)",
      "severity": "WARNING"
    },
    {
      "quarter": "2023-09 (Q3)",
      "signal": "OP MARGIN TURNED POSITIVE (YoY)",
      "detail": "Op margin: -1.9% (year-ago) -> +5.8%",
      "severity": "HIGH"
    },
    {
      "quarter": "2023-06 (Q2)",
      "signal": "OPERATING LEVERAGE",
      "detail": "Rev growth +772.2% vs OpEx growth +212.4% (leverage: 3.6x)",
      "severity": "MEDIUM"
    },
    {
      "quarter": "2023-06 (Q2)",
      "signal": "OP MARGIN TURNED POSITIVE (QoQ)",
      "detail": "Op margin: -159.0% -> +7.2%",
      "severity": "HIGH"
    },
    {
      "quarter": "2023-03 (Q1)",
      "signal": "FCF MARGIN EXPANSION",
      "detail": "FCF margin: +47.7% -> +273.0% (+225.4%)",
      "severity": "MEDIUM"
    },
    {
      "quarter": "2022-12 (Q4)",
      "signal": "FCF TURNED POSITIVE",
      "detail": "FCF margin: -32.0% -> +47.7%",
      "severity": "HIGH"
    }
  ],
  "data_quality": {
    "n_quarters": 14,
    "coverage": {
      "revenue": [
        14,
        14
      ],
      "gross_profit": [
        0,
        14
      ],
      "op_income": [
        14,
        14
      ],
      "fcf": [
        13,
        14
      ]
    },
    "gaps": [],
    "warnings": [
      "gross_profit: no data"
    ]
  },
  "market_cap": null,
  "source": "SEC EDGAR",
  "last_updated": "2026-02-03T00:56:01.076769"
}