{
  "ticker": "BBBY-WT",
  "name": "Bed Bath & Beyond, Inc.",
  "quarters": [
    {
      "date": "2020-12-31T00:00:00",
      "quarter_label": "2020-12 (Q4)",
      "revenue": 684015000,
      "gross_profit": 153043000,
      "operating_income": 9778000,
      "net_income": 12587000,
      "opex": 143265000,
      "cogs": 530972000,
      "rd": null,
      "sga": null,
      "fcf": -2236000,
      "ocf": -2236000,
      "capex": null,
      "gross_margin": 0.22374216939686994,
      "op_margin": 0.014295008150406059,
      "fcf_margin": -0.003268934160800567
    },
    {
      "date": "2021-03-31T00:00:00",
      "quarter_label": "2021-03 (Q1)",
      "revenue": 659861000,
      "gross_profit": 153524000,
      "operating_income": 26592000,
      "net_income": 16093000,
      "opex": 126932000,
      "cogs": 506337000,
      "rd": null,
      "sga": null,
      "fcf": 59336000,
      "ocf": 61731000,
      "capex": -2395000,
      "gross_margin": 0.23266112105428263,
      "op_margin": 0.040299396388027174,
      "fcf_margin": 0.08992196841456003,
      "fcf_margin_change": 0.0931909025753606
    },
    {
      "date": "2021-06-30T00:00:00",
      "quarter_label": "2021-06 (Q2)",
      "revenue": 794536000,
      "gross_profit": 174826000,
      "operating_income": 36511000,
      "net_income": 309911000,
      "opex": 138315000,
      "cogs": 619710000,
      "rd": null,
      "sga": null,
      "fcf": 37963000,
      "ocf": 41188000,
      "capex": -3225000,
      "gross_margin": 0.22003534138163658,
      "op_margin": 0.04595260630103608,
      "fcf_margin": 0.047780088001047154,
      "op_leverage_ratio": 2.2758776481971323,
      "fcf_margin_change": -0.042141880413512876
    },
    {
      "date": "2021-09-30T00:00:00",
      "quarter_label": "2021-09 (Q3)",
      "revenue": 689390000,
      "gross_profit": 156708000,
      "operating_income": 28849000,
      "net_income": 30426000,
      "opex": 127859000,
      "cogs": 532682000,
      "rd": null,
      "sga": null,
      "fcf": -24001000,
      "ocf": -19963000,
      "capex": -4038000,
      "gross_margin": 0.22731400223385892,
      "op_margin": 0.04184714022541667,
      "fcf_margin": -0.0348148363045591,
      "fcf_margin_change": -0.08259492430560625
    },
    {
      "date": "2021-12-31T00:00:00",
      "quarter_label": "2021-12 (Q4)",
      "revenue": 612659000,
      "gross_profit": 138844000,
      "operating_income": 19120000,
      "net_income": 32942000,
      "opex": 119724000,
      "cogs": 473815000,
      "rd": null,
      "sga": null,
      "fcf": -5996000,
      "ocf": -2037000,
      "capex": -3959000,
      "gross_margin": 0.22662525156734822,
      "op_margin": 0.031208225130129486,
      "fcf_margin": -0.009786847169469476,
      "incr_op_margin_yoy": -0.13092101575200404,
      "rev_growth_yoy": -0.10431934972186283,
      "fcf_margin_change": 0.025027989135089627
    },
    {
      "date": "2022-03-31T00:00:00",
      "quarter_label": "2022-03 (Q1)",
      "revenue": 536037000,
      "gross_profit": 125212000,
      "operating_income": 12454000,
      "net_income": 10123000,
      "opex": 112758000,
      "cogs": 410825000,
      "rd": null,
      "sga": null,
      "fcf": 29937000,
      "ocf": 33193000,
      "capex": -3256000,
      "gross_margin": 0.23358835304279368,
      "op_margin": 0.023233470823842382,
      "fcf_margin": 0.05584875670895852,
      "incr_op_margin_yoy": 0.11417818839643365,
      "rev_growth_yoy": -0.18765164178516386,
      "rev_growth_yoy_accel": -0.08333229206330103,
      "fcf_margin_change": 0.065635603878428
    },
    {
      "date": "2022-06-30T00:00:00",
      "quarter_label": "2022-06 (Q2)",
      "revenue": 528122000,
      "gross_profit": 121105000,
      "operating_income": 11542000,
      "net_income": 7147000,
      "opex": 109563000,
      "cogs": 407017000,
      "rd": null,
      "sga": null,
      "fcf": -14521000,
      "ocf": -11371000,
      "capex": -3150000,
      "gross_margin": 0.2293125452073574,
      "op_margin": 0.02185479870181511,
      "fcf_margin": -0.027495540803072017,
      "incr_op_margin_yoy": 0.09372255211813194,
      "rev_growth_yoy": -0.33530765125809275,
      "rev_growth_yoy_accel": -0.1476560094729289,
      "fcf_margin_change": -0.08334429751203054
    },
    {
      "date": "2022-09-30T00:00:00",
      "quarter_label": "2022-09 (Q3)",
      "revenue": 460279000,
      "gross_profit": 107472000,
      "operating_income": 5659000,
      "net_income": -36995000,
      "opex": 101813000,
      "cogs": 352807000,
      "rd": null,
      "sga": null,
      "fcf": -7544000,
      "ocf": -4226000,
      "capex": -3318000,
      "gross_margin": 0.23349316392883446,
      "op_margin": 0.012294716899967193,
      "fcf_margin": -0.016390059072866673,
      "incr_op_margin_yoy": 0.10121731387842574,
      "rev_growth_yoy": -0.33233873424331656,
      "rev_growth_yoy_accel": 0.0029689170147761956,
      "fcf_margin_change": 0.011105481730205344
    },
    {
      "date": "2022-12-31T00:00:00",
      "quarter_label": "2022-12 (Q4)",
      "revenue": 404896000,
      "gross_profit": 89555000,
      "operating_income": -2647000,
      "net_income": -15511000,
      "opex": 92202000,
      "cogs": 315341000,
      "rd": null,
      "sga": null,
      "fcf": -35306000,
      "ocf": -30131000,
      "capex": -5175000,
      "gross_margin": 0.22118025369477595,
      "op_margin": -0.006537481229747886,
      "fcf_margin": -0.08719770015016201,
      "incr_op_margin_yoy": 0.10476841401019431,
      "rev_growth_yoy": -0.33911686598907387,
      "rev_growth_yoy_accel": -0.00677813174575731,
      "fcf_margin_change": -0.07080764107729534
    },
    {
      "date": "2023-03-31T00:00:00",
      "quarter_label": "2023-03 (Q1)",
      "revenue": 381140000,
      "gross_profit": 89713000,
      "operating_income": -8364000,
      "net_income": -10307000,
      "opex": 98077000,
      "cogs": 291427000,
      "rd": null,
      "sga": null,
      "fcf": 14751000,
      "ocf": 20007000,
      "capex": -5256000,
      "gross_margin": 0.2353807000052474,
      "op_margin": -0.021944692239072257,
      "fcf_margin": 0.03870231411030068,
      "incr_op_margin_yoy": 0.1343989877144167,
      "rev_growth_yoy": -0.2889669929501135,
      "rev_growth_yoy_accel": 0.050149873038960346,
      "fcf_margin_change": 0.12590001426046268
    },
    {
      "date": "2023-06-30T00:00:00",
      "quarter_label": "2023-06 (Q2)",
      "revenue": 422211000,
      "gross_profit": 94372000,
      "operating_income": -4249000,
      "net_income": -73493000,
      "opex": 98621000,
      "cogs": 327839000,
      "rd": null,
      "sga": null,
      "fcf": -8027000,
      "ocf": -1235000,
      "capex": -6792000,
      "gross_margin": 0.22351857246732085,
      "op_margin": -0.01006368853487948,
      "fcf_margin": -0.019011821103666178,
      "incr_op_margin_yoy": 0.14909688323214776,
      "rev_growth_yoy": -0.2005426776388789,
      "rev_growth_yoy_accel": 0.08842431531123462,
      "op_leverage_ratio": 19.42759408982804,
      "fcf_margin_change": -0.05771413521396686
    },
    {
      "date": "2023-09-30T00:00:00",
      "quarter_label": "2023-09 (Q3)",
      "revenue": 373313000,
      "gross_profit": 69960000,
      "operating_income": -40930000,
      "net_income": -63049000,
      "opex": 110890000,
      "cogs": 303353000,
      "rd": null,
      "sga": null,
      "fcf": -14136000,
      "ocf": -9641000,
      "capex": -4495000,
      "gross_margin": 0.18740306391687406,
      "op_margin": -0.10963990003026951,
      "fcf_margin": -0.037866348077886386,
      "incr_op_margin_yoy": 0.5357151070533311,
      "rev_growth_yoy": -0.18894192435457624,
      "rev_growth_yoy_accel": 0.011600753284302656,
      "fcf_margin_change": -0.018854526974220208
    },
    {
      "date": "2023-12-31T00:00:00",
      "quarter_label": "2023-12 (Q4)",
      "revenue": 384458000,
      "gross_profit": 59961000,
      "operating_income": -64562000,
      "net_income": -160993000,
      "opex": 124523000,
      "cogs": 324497000,
      "rd": null,
      "sga": null,
      "fcf": -30355000,
      "ocf": -27717000,
      "capex": -2638000,
      "gross_margin": 0.15596241982219125,
      "op_margin": -0.16792991692200449,
      "fcf_margin": -0.07895530851224321,
      "incr_op_margin_yoy": 3.0294060084156964,
      "rev_growth_yoy": -0.05047715956690113,
      "rev_growth_yoy_accel": 0.1384647647876751,
      "op_leverage_ratio": 0.24283311326860668,
      "fcf_margin_change": -0.04108896043435682
    },
    {
      "date": "2024-03-31T00:00:00",
      "quarter_label": "2024-03 (Q1)",
      "revenue": 382281000,
      "gross_profit": 74359000,
      "operating_income": -57525000,
      "net_income": -73928000,
      "opex": 131884000,
      "cogs": 307922000,
      "rd": null,
      "sga": null,
      "fcf": -38032000,
      "ocf": -34610000,
      "capex": -3422000,
      "gross_margin": 0.19451398316944865,
      "op_margin": -0.1504783130733675,
      "fcf_margin": -0.09948702655899717,
      "incr_op_margin_yoy": -43.08588957055215,
      "rev_growth_yoy": 0.00299365062706617,
      "rev_growth_yoy_accel": 0.0534708101939673,
      "fcf_margin_change": -0.020531718046753966
    },
    {
      "date": "2024-06-30T00:00:00",
      "quarter_label": "2024-06 (Q2)",
      "revenue": 398104000,
      "gross_profit": 80168000,
      "operating_income": -47001000,
      "net_income": -42578000,
      "opex": 127169000,
      "cogs": 317936000,
      "rd": null,
      "sga": null,
      "fcf": -80421000,
      "ocf": -75892000,
      "capex": -4529000,
      "gross_margin": 0.20137451520205776,
      "op_margin": -0.118062114422362,
      "fcf_margin": -0.20201002753049455,
      "incr_op_margin_yoy": 1.7734268054921807,
      "rev_growth_yoy": -0.05709704389511405,
      "rev_growth_yoy_accel": -0.06009069452218022,
      "op_leverage_ratio": Infinity,
      "fcf_margin_change": -0.10252300097149737
    },
    {
      "date": "2024-09-30T00:00:00",
      "quarter_label": "2024-09 (Q3)",
      "revenue": 311428000,
      "gross_profit": 65975000,
      "operating_income": -43553000,
      "net_income": -61030000,
      "opex": 109528000,
      "cogs": 245453000,
      "rd": null,
      "sga": null,
      "fcf": -45501000,
      "ocf": -42123000,
      "capex": -3378000,
      "gross_margin": 0.21184671898480548,
      "op_margin": -0.1398493391730994,
      "fcf_margin": -0.14610439652182847,
      "incr_op_margin_yoy": 0.04238506907974469,
      "rev_growth_yoy": -0.1657724215336728,
      "rev_growth_yoy_accel": -0.10867537763855875,
      "fcf_margin_change": 0.05590563100866608
    },
    {
      "date": "2024-12-31T00:00:00",
      "quarter_label": "2024-12 (Q4)",
      "revenue": 303151000,
      "gross_profit": 69662000,
      "operating_income": -42890000,
      "net_income": -81259000,
      "opex": 112552000,
      "cogs": 233489000,
      "rd": null,
      "sga": null,
      "fcf": -24665000,
      "ocf": -21679000,
      "capex": -2986000,
      "gross_margin": 0.22979307341885727,
      "op_margin": -0.1414806482577989,
      "fcf_margin": -0.08136209347816764,
      "incr_op_margin_yoy": -0.2665453159014599,
      "rev_growth_yoy": -0.21148473955542607,
      "rev_growth_yoy_accel": -0.04571231802175327,
      "fcf_margin_change": 0.06474230304366083
    },
    {
      "date": "2025-03-31T00:00:00",
      "quarter_label": "2025-03 (Q1)",
      "revenue": 231748000,
      "gross_profit": 58132000,
      "operating_income": -23547000,
      "net_income": -39912000,
      "opex": 81679000,
      "cogs": 173616000,
      "rd": null,
      "sga": null,
      "fcf": -52102000,
      "ocf": -50921000,
      "capex": -1181000,
      "gross_margin": 0.2508414312097623,
      "op_margin": -0.10160605485268481,
      "fcf_margin": -0.2248217891848042,
      "incr_op_margin_yoy": -0.22571794888828364,
      "rev_growth_yoy": -0.39377578273573627,
      "rev_growth_yoy_accel": -0.1822910431803102,
      "fcf_margin_change": -0.14345969570663655
    },
    {
      "date": "2025-06-30T00:00:00",
      "quarter_label": "2025-06 (Q2)",
      "revenue": 282251000,
      "gross_profit": 66969000,
      "operating_income": -17880000,
      "net_income": -19313000,
      "opex": 84849000,
      "cogs": 215282000,
      "rd": null,
      "sga": null,
      "fcf": 14016000,
      "ocf": 15829000,
      "capex": -1813000,
      "gross_margin": 0.2372675384675342,
      "op_margin": -0.06334787122100542,
      "fcf_margin": 0.04965792858129821,
      "incr_op_margin_yoy": -0.2513616393187919,
      "rev_growth_yoy": -0.2910118963888833,
      "rev_growth_yoy_accel": 0.10276388634685296,
      "op_leverage_ratio": 5.6150332456188545,
      "fcf_margin_change": 0.2744797177661024
    },
    {
      "date": "2025-09-30T00:00:00",
      "quarter_label": "2025-09 (Q3)",
      "revenue": 257187000,
      "gross_profit": 65163000,
      "operating_income": -12452000,
      "net_income": -4521000,
      "opex": 77615000,
      "cogs": 192024000,
      "rd": null,
      "sga": null,
      "fcf": -17375000,
      "ocf": -15120000,
      "capex": -2255000,
      "gross_margin": 0.2533681717971748,
      "op_margin": -0.048416133008278024,
      "fcf_margin": -0.06755784701404037,
      "incr_op_margin_yoy": -0.5733854464335097,
      "rev_growth_yoy": -0.1741686681993912,
      "rev_growth_yoy_accel": 0.11684322818949211,
      "fcf_margin_change": -0.11721577559533858
    }
  ],
  "signals": [
    {
      "quarter": "2025-09 (Q3)",
      "signal": "YoY REVENUE GROWTH ACCELERATION",
      "detail": "YoY growth: -17.4% vs prior quarter YoY: -29.1% (accel: +11.7%)",
      "severity": "MEDIUM"
    },
    {
      "quarter": "2025-06 (Q2)",
      "signal": "FCF TURNED POSITIVE",
      "detail": "FCF margin: -22.5% -> +5.0%",
      "severity": "HIGH"
    },
    {
      "quarter": "2025-06 (Q2)",
      "signal": "OPERATING LEVERAGE",
      "detail": "Rev growth +21.8% vs OpEx growth +3.9% (leverage: 5.6x)",
      "severity": "MEDIUM"
    },
    {
      "quarter": "2025-06 (Q2)",
      "signal": "YoY REVENUE GROWTH ACCELERATION",
      "detail": "YoY growth: -29.1% vs prior quarter YoY: -39.4% (accel: +10.3%)",
      "severity": "MEDIUM"
    },
    {
      "quarter": "2025-03 (Q1)",
      "signal": "YoY REVENUE GROWTH DECELERATION",
      "detail": "YoY growth: -39.4% vs prior quarter YoY: -21.1% (decel: -18.2%)",
      "severity": "WARNING"
    },
    {
      "quarter": "2024-12 (Q4)",
      "signal": "FCF MARGIN EXPANSION",
      "detail": "FCF margin: -14.6% -> -8.1% (+6.5%)",
      "severity": "MEDIUM"
    },
    {
      "quarter": "2024-09 (Q3)",
      "signal": "FCF MARGIN EXPANSION",
      "detail": "FCF margin: -20.2% -> -14.6% (+5.6%)",
      "severity": "MEDIUM"
    },
    {
      "quarter": "2024-09 (Q3)",
      "signal": "YoY REVENUE GROWTH DECELERATION",
      "detail": "YoY growth: -16.6% vs prior quarter YoY: -5.7% (decel: -10.9%)",
      "severity": "WARNING"
    },
    {
      "quarter": "2024-06 (Q2)",
      "signal": "YoY REVENUE GROWTH DECELERATION",
      "detail": "YoY growth: -5.7% vs prior quarter YoY: +0.3% (decel: -6.0%)",
      "severity": "WARNING"
    },
    {
      "quarter": "2024-03 (Q1)",
      "signal": "GROSS MARGIN INFLECTION",
      "detail": "GM: +18.7% -> +15.6% -> +19.5% (reversal +3.9%)",
      "severity": "MEDIUM"
    },
    {
      "quarter": "2024-03 (Q1)",
      "signal": "YoY REVENUE GROWTH ACCELERATION",
      "detail": "YoY growth: +0.3% vs prior quarter YoY: -5.0% (accel: +5.3%)",
      "severity": "MEDIUM"
    },
    {
      "quarter": "2023-12 (Q4)",
      "signal": "YoY REVENUE GROWTH ACCELERATION",
      "detail": "YoY growth: -5.0% vs prior quarter YoY: -18.9% (accel: +13.8%)",
      "severity": "MEDIUM"
    },
    {
      "quarter": "2023-06 (Q2)",
      "signal": "OPERATING LEVERAGE",
      "detail": "Rev growth +10.8% vs OpEx growth +0.6% (leverage: 19.4x)",
      "severity": "MEDIUM"
    },
    {
      "quarter": "2023-06 (Q2)",
      "signal": "YoY REVENUE GROWTH ACCELERATION",
      "detail": "YoY growth: -20.1% vs prior quarter YoY: -28.9% (accel: +8.8%)",
      "severity": "MEDIUM"
    },
    {
      "quarter": "2023-03 (Q1)",
      "signal": "FCF TURNED POSITIVE",
      "detail": "FCF margin: -8.7% -> +3.9%",
      "severity": "HIGH"
    },
    {
      "quarter": "2023-03 (Q1)",
      "signal": "YoY REVENUE GROWTH ACCELERATION",
      "detail": "YoY growth: -28.9% vs prior quarter YoY: -33.9% (accel: +5.0%)",
      "severity": "MEDIUM"
    },
    {
      "quarter": "2022-06 (Q2)",
      "signal": "YoY REVENUE GROWTH DECELERATION",
      "detail": "YoY growth: -33.5% vs prior quarter YoY: -18.8% (decel: -14.8%)",
      "severity": "WARNING"
    },
    {
      "quarter": "2022-03 (Q1)",
      "signal": "FCF TURNED POSITIVE",
      "detail": "FCF margin: -1.0% -> +5.6%",
      "severity": "HIGH"
    },
    {
      "quarter": "2022-03 (Q1)",
      "signal": "YoY REVENUE GROWTH DECELERATION",
      "detail": "YoY growth: -18.8% vs prior quarter YoY: -10.4% (decel: -8.3%)",
      "severity": "WARNING"
    },
    {
      "quarter": "2021-06 (Q2)",
      "signal": "OPERATING LEVERAGE",
      "detail": "Rev growth +20.4% vs OpEx growth +9.0% (leverage: 2.3x)",
      "severity": "MEDIUM"
    },
    {
      "quarter": "2021-03 (Q1)",
      "signal": "FCF TURNED POSITIVE",
      "detail": "FCF margin: -0.3% -> +9.0%",
      "severity": "HIGH"
    }
  ],
  "data_quality": {
    "n_quarters": 20,
    "coverage": {
      "revenue": [
        20,
        20
      ],
      "gross_profit": [
        20,
        20
      ],
      "op_income": [
        20,
        20
      ],
      "fcf": [
        20,
        20
      ]
    },
    "gaps": [],
    "warnings": []
  },
  "market_cap": null,
  "source": "SEC EDGAR",
  "last_updated": "2026-02-03T01:07:56.972671"
}