{
  "ticker": "BBCP",
  "name": "CONCRETE PUMPING HOLDINGS, INC.",
  "quarters": [
    {
      "date": "2021-01-31T00:00:00",
      "quarter_label": "2021-01 (Q1)",
      "revenue": 70421000,
      "gross_profit": 29863000,
      "operating_income": 7446000,
      "net_income": -12290000,
      "opex": 22417000,
      "cogs": 40558000,
      "rd": null,
      "sga": null,
      "fcf": 3146000,
      "ocf": 12580000,
      "capex": -9434000,
      "gross_margin": 0.4240638445918121,
      "op_margin": 0.10573550503400975,
      "fcf_margin": 0.04467417389699095
    },
    {
      "date": "2021-04-30T00:00:00",
      "quarter_label": "2021-04 (Q2)",
      "revenue": 76873000,
      "gross_profit": 33303000,
      "operating_income": 6776000,
      "net_income": -10853000,
      "opex": 26527000,
      "cogs": 43570000,
      "rd": null,
      "sga": null,
      "fcf": 16378000,
      "ocf": 23616000,
      "capex": -7238000,
      "gross_margin": 0.4332210268885044,
      "op_margin": 0.08814538264410131,
      "fcf_margin": 0.21305269730594617,
      "op_leverage_ratio": 0.4997212766002289,
      "fcf_margin_change": 0.1683785234089552
    },
    {
      "date": "2021-07-31T00:00:00",
      "quarter_label": "2021-07 (Q3)",
      "revenue": 80761000,
      "gross_profit": 37213000,
      "operating_income": 12151000,
      "net_income": 4638000,
      "opex": 25062000,
      "cogs": 43548000,
      "rd": null,
      "sga": null,
      "fcf": 6262000,
      "ocf": 24148000,
      "capex": -17886000,
      "gross_margin": 0.4607793365609638,
      "op_margin": 0.15045628459281088,
      "fcf_margin": 0.07753742524238184,
      "op_leverage_ratio": Infinity,
      "fcf_margin_change": -0.13551527206356434
    },
    {
      "date": "2021-10-31T00:00:00",
      "quarter_label": "2021-10 (Q4)",
      "revenue": 87754000,
      "gross_profit": 37349000,
      "operating_income": 11675000,
      "net_income": 3432000,
      "opex": 25674000,
      "cogs": 50405000,
      "rd": null,
      "sga": null,
      "fcf": -12743000,
      "ocf": 15491000,
      "capex": -28234000,
      "gross_margin": 0.4256102285935684,
      "op_margin": 0.13304236843904552,
      "fcf_margin": -0.14521275383458304,
      "op_leverage_ratio": 3.545897226165512,
      "fcf_margin_change": -0.22275017907696487
    },
    {
      "date": "2022-01-31T00:00:00",
      "quarter_label": "2022-01 (Q1)",
      "revenue": 85448000,
      "gross_profit": 34127000,
      "operating_income": 7385000,
      "net_income": 1183000,
      "opex": 26742000,
      "cogs": 51321000,
      "rd": null,
      "sga": null,
      "fcf": -22243000,
      "ocf": 13188000,
      "capex": -35431000,
      "gross_margin": 0.39938910214399403,
      "op_margin": 0.08642683269356802,
      "fcf_margin": -0.26031036419810877,
      "incr_op_margin_yoy": -0.00405935981899248,
      "rev_growth_yoy": 0.21338805185953053,
      "fcf_margin_change": -0.11509761036352573
    },
    {
      "date": "2022-04-30T00:00:00",
      "quarter_label": "2022-04 (Q2)",
      "revenue": 96482000,
      "gross_profit": 38938000,
      "operating_income": 10371000,
      "net_income": 5985000,
      "opex": 28567000,
      "cogs": 57544000,
      "rd": null,
      "sga": null,
      "fcf": -16698000,
      "ocf": 8203000,
      "capex": -24901000,
      "gross_margin": 0.40357786944715074,
      "op_margin": 0.10749155282850688,
      "fcf_margin": -0.17306855164693932,
      "incr_op_margin_yoy": 0.1833341832831863,
      "rev_growth_yoy": 0.2550830590714555,
      "rev_growth_yoy_accel": 0.041695007211924984,
      "op_leverage_ratio": 1.8921784554060275,
      "fcf_margin_change": 0.08724181255116945
    },
    {
      "date": "2022-07-31T00:00:00",
      "quarter_label": "2022-07 (Q3)",
      "revenue": 104469000,
      "gross_profit": 43334000,
      "operating_income": 16087000,
      "net_income": 14496000,
      "opex": 27247000,
      "cogs": 61135000,
      "rd": null,
      "sga": null,
      "fcf": 11701000,
      "ocf": 32336000,
      "capex": -20635000,
      "gross_margin": 0.41480247728991376,
      "op_margin": 0.15398826446122774,
      "fcf_margin": 0.11200451808670514,
      "incr_op_margin_yoy": 0.1660199088915134,
      "rev_growth_yoy": 0.2935575339582224,
      "rev_growth_yoy_accel": 0.03847447488676692,
      "op_leverage_ratio": Infinity,
      "fcf_margin_change": 0.28507306973364444
    },
    {
      "date": "2022-10-31T00:00:00",
      "quarter_label": "2022-10 (Q4)",
      "revenue": 114894000,
      "gross_profit": 47212000,
      "operating_income": 16269000,
      "net_income": 7012000,
      "opex": 30943000,
      "cogs": 67682000,
      "rd": null,
      "sga": null,
      "fcf": 2003000,
      "ocf": 22968000,
      "capex": -20965000,
      "gross_margin": 0.4109178895329608,
      "op_margin": 0.14160008355527703,
      "fcf_margin": 0.01743346040698383,
      "incr_op_margin_yoy": 0.1692704495210022,
      "rev_growth_yoy": 0.3092736513435285,
      "rev_growth_yoy_accel": 0.015716117385306094,
      "op_leverage_ratio": 0.7356569720614318,
      "fcf_margin_change": -0.09457105767972131
    },
    {
      "date": "2023-01-31T00:00:00",
      "quarter_label": "2023-01 (Q1)",
      "revenue": 93575000,
      "gross_profit": 36454000,
      "operating_income": 9413000,
      "net_income": 6475000,
      "opex": 27041000,
      "cogs": 57121000,
      "rd": null,
      "sga": null,
      "fcf": 796000,
      "ocf": 17916000,
      "capex": -17120000,
      "gross_margin": 0.38956986374565855,
      "op_margin": 0.10059310713331553,
      "fcf_margin": 0.0085065455516965,
      "incr_op_margin_yoy": 0.24953857511997046,
      "rev_growth_yoy": 0.09511047654713978,
      "rev_growth_yoy_accel": -0.21416317479638874,
      "fcf_margin_change": -0.00892691485528733
    },
    {
      "date": "2023-04-30T00:00:00",
      "quarter_label": "2023-04 (Q2)",
      "revenue": 107791000,
      "gross_profit": 43474000,
      "operating_income": 13216000,
      "net_income": 5588000,
      "opex": 30258000,
      "cogs": 64317000,
      "rd": null,
      "sga": null,
      "fcf": -4449000,
      "ocf": 13176000,
      "capex": -17625000,
      "gross_margin": 0.4033175311482406,
      "op_margin": 0.12260763885667635,
      "fcf_margin": -0.041274317892959524,
      "incr_op_margin_yoy": 0.2515695463789902,
      "rev_growth_yoy": 0.11721357351630356,
      "rev_growth_yoy_accel": 0.02210309696916378,
      "op_leverage_ratio": 1.2769952042278734,
      "fcf_margin_change": -0.04978086344465602
    },
    {
      "date": "2023-07-31T00:00:00",
      "quarter_label": "2023-07 (Q3)",
      "revenue": 120671000,
      "gross_profit": 49484000,
      "operating_income": 19547000,
      "net_income": 10336000,
      "opex": 29937000,
      "cogs": 71187000,
      "rd": null,
      "sga": null,
      "fcf": 26719000,
      "ocf": 35140000,
      "capex": -8421000,
      "gross_margin": 0.4100736713874916,
      "op_margin": 0.16198589553413828,
      "fcf_margin": 0.22142022524053004,
      "incr_op_margin_yoy": 0.2135538822367609,
      "rev_growth_yoy": 0.15508906948472753,
      "rev_growth_yoy_accel": 0.037875495968423975,
      "op_leverage_ratio": Infinity,
      "fcf_margin_change": 0.26269454313348956
    },
    {
      "date": "2023-10-31T00:00:00",
      "quarter_label": "2023-10 (Q4)",
      "revenue": 120204000,
      "gross_profit": 48892000,
      "operating_income": 19276000,
      "net_income": 9391000,
      "opex": 29616000,
      "cogs": 71312000,
      "rd": null,
      "sga": null,
      "fcf": 19304000,
      "ocf": 30643000,
      "capex": -11339000,
      "gross_margin": 0.4067418721506772,
      "op_margin": 0.1603607201091478,
      "fcf_margin": 0.16059365744900336,
      "incr_op_margin_yoy": 0.5662900188323917,
      "rev_growth_yoy": 0.04621651261162463,
      "rev_growth_yoy_accel": -0.1088725568731029,
      "fcf_margin_change": -0.060826567791526676
    },
    {
      "date": "2024-01-31T00:00:00",
      "quarter_label": "2024-01 (Q1)",
      "revenue": 97711000,
      "gross_profit": 33314000,
      "operating_income": 1456000,
      "net_income": -3826000,
      "opex": 31858000,
      "cogs": 64397000,
      "rd": null,
      "sga": null,
      "fcf": 2533000,
      "ocf": 20299000,
      "capex": -17766000,
      "gross_margin": 0.34094421303640327,
      "op_margin": 0.014901085855226126,
      "fcf_margin": 0.02592338631269765,
      "incr_op_margin_yoy": -1.9238394584139265,
      "rev_growth_yoy": 0.044199839700774776,
      "rev_growth_yoy_accel": -0.002016672910849851,
      "fcf_margin_change": -0.13467027113630572
    },
    {
      "date": "2024-04-30T00:00:00",
      "quarter_label": "2024-04 (Q2)",
      "revenue": 107062000,
      "gross_profit": 41767000,
      "operating_income": 12055000,
      "net_income": 3046000,
      "opex": 29712000,
      "cogs": 65295000,
      "rd": null,
      "sga": null,
      "fcf": -1905000,
      "ocf": 9146000,
      "capex": -11051000,
      "gross_margin": 0.3901197436999122,
      "op_margin": 0.11259830752274383,
      "fcf_margin": -0.01779342810707814,
      "rev_growth_yoy": -0.006763087827369632,
      "rev_growth_yoy_accel": -0.05096292752814441,
      "op_leverage_ratio": Infinity,
      "fcf_margin_change": -0.04371681441977579
    },
    {
      "date": "2024-07-31T00:00:00",
      "quarter_label": "2024-07 (Q3)",
      "revenue": 109617000,
      "gross_profit": 44505000,
      "operating_income": 16625000,
      "net_income": 7560000,
      "opex": 27880000,
      "cogs": 65112000,
      "rd": null,
      "sga": null,
      "fcf": 26362000,
      "ocf": 35029000,
      "capex": -8667000,
      "gross_margin": 0.4060045430909439,
      "op_margin": 0.15166443161188503,
      "fcf_margin": 0.2404918945054143,
      "incr_op_margin_yoy": 0.2643387009227429,
      "rev_growth_yoy": -0.09160444514423516,
      "rev_growth_yoy_accel": -0.08484135731686553,
      "op_leverage_ratio": Infinity,
      "fcf_margin_change": 0.25828532261249243
    },
    {
      "date": "2024-10-31T00:00:00",
      "quarter_label": "2024-10 (Q4)",
      "revenue": 111482000,
      "gross_profit": 46248000,
      "operating_income": 19211000,
      "net_income": 9427000,
      "opex": 27037000,
      "cogs": 65234000,
      "rd": null,
      "sga": null,
      "fcf": 16100000,
      "ocf": 22426000,
      "capex": -6326000,
      "gross_margin": 0.41484723991316985,
      "op_margin": 0.17232378321163955,
      "fcf_margin": 0.14441793293984678,
      "incr_op_margin_yoy": 0.007452419169915157,
      "rev_growth_yoy": -0.07255998136501281,
      "rev_growth_yoy_accel": 0.01904446377922235,
      "op_leverage_ratio": Infinity,
      "fcf_margin_change": -0.09607396156556752
    },
    {
      "date": "2025-01-31T00:00:00",
      "quarter_label": "2025-01 (Q1)",
      "revenue": 86447000,
      "gross_profit": 31235000,
      "operating_income": 3485000,
      "net_income": -2639000,
      "opex": 27750000,
      "cogs": 55212000,
      "rd": null,
      "sga": null,
      "fcf": 191000,
      "ocf": 6032000,
      "capex": -5841000,
      "gross_margin": 0.3613196525038463,
      "op_margin": 0.04031371823198029,
      "fcf_margin": 0.0022094462503036544,
      "incr_op_margin_yoy": -0.18013139204545456,
      "rev_growth_yoy": -0.11527873013273839,
      "rev_growth_yoy_accel": -0.04271874876772558,
      "fcf_margin_change": -0.14220848668954314
    },
    {
      "date": "2025-04-30T00:00:00",
      "quarter_label": "2025-04 (Q2)",
      "revenue": 93958000,
      "gross_profit": 36182000,
      "operating_income": 8260000,
      "net_income": -4000,
      "opex": 27922000,
      "cogs": 57776000,
      "rd": null,
      "sga": null,
      "fcf": 11085000,
      "ocf": 24735000,
      "capex": -13650000,
      "gross_margin": 0.38508695374529045,
      "op_margin": 0.08791162008557014,
      "fcf_margin": 0.11797824559909748,
      "incr_op_margin_yoy": 0.28960622710622713,
      "rev_growth_yoy": -0.12239636845939736,
      "rev_growth_yoy_accel": -0.007117638326658973,
      "op_leverage_ratio": 14.017881234395263,
      "fcf_margin_change": 0.11576879934879382
    },
    {
      "date": "2025-07-31T00:00:00",
      "quarter_label": "2025-07 (Q3)",
      "revenue": 103676000,
      "gross_profit": 40389000,
      "operating_income": 12930000,
      "net_income": 3699000,
      "opex": 27459000,
      "cogs": 63287000,
      "rd": null,
      "sga": null,
      "fcf": 4344000,
      "ocf": 19083000,
      "capex": -14739000,
      "gross_margin": 0.3895694278328639,
      "op_margin": 0.12471545970137737,
      "fcf_margin": 0.04189976465141402,
      "incr_op_margin_yoy": 0.6219491668069349,
      "rev_growth_yoy": -0.054197797786839634,
      "rev_growth_yoy_accel": 0.06819857067255772,
      "op_leverage_ratio": Infinity,
      "fcf_margin_change": -0.07607848094768346
    },
    {
      "date": "2025-10-31T00:00:00",
      "quarter_label": "2025-10 (Q4)",
      "revenue": 108787000,
      "gross_profit": 43310000,
      "operating_income": 16856000,
      "net_income": 5317000,
      "opex": 26454000,
      "cogs": 65477000,
      "rd": null,
      "sga": null,
      "fcf": 1908000,
      "ocf": 14465000,
      "capex": -12557000,
      "gross_margin": 0.39811742211845164,
      "op_margin": 0.1549449842352487,
      "fcf_margin": 0.017538860341768776,
      "incr_op_margin_yoy": 0.8738404452690167,
      "rev_growth_yoy": -0.02417430616601783,
      "rev_growth_yoy_accel": 0.030023491620821803,
      "op_leverage_ratio": Infinity,
      "fcf_margin_change": -0.024360904309645243
    }
  ],
  "signals": [
    {
      "quarter": "2025-10 (Q4)",
      "signal": "INCREMENTAL MARGIN (YoY)",
      "detail": "YoY Incr OPM: +87.4% vs year-ago OPM: +17.2%",
      "severity": "HIGH"
    },
    {
      "quarter": "2025-07 (Q3)",
      "signal": "YoY REVENUE GROWTH ACCELERATION",
      "detail": "YoY growth: -5.4% vs prior quarter YoY: -12.2% (accel: +6.8%)",
      "severity": "MEDIUM"
    },
    {
      "quarter": "2025-07 (Q3)",
      "signal": "INCREMENTAL MARGIN (YoY)",
      "detail": "YoY Incr OPM: +62.2% vs year-ago OPM: +15.2%",
      "severity": "HIGH"
    },
    {
      "quarter": "2025-04 (Q2)",
      "signal": "FCF MARGIN EXPANSION",
      "detail": "FCF margin: +0.2% -> +11.8% (+11.6%)",
      "severity": "MEDIUM"
    },
    {
      "quarter": "2025-04 (Q2)",
      "signal": "OPERATING LEVERAGE",
      "detail": "Rev growth +8.7% vs OpEx growth +0.6% (leverage: 14.0x)",
      "severity": "MEDIUM"
    },
    {
      "quarter": "2025-04 (Q2)",
      "signal": "GROSS MARGIN INFLECTION",
      "detail": "GM: +41.5% -> +36.1% -> +38.5% (reversal +2.4%)",
      "severity": "MEDIUM"
    },
    {
      "quarter": "2025-04 (Q2)",
      "signal": "INCREMENTAL MARGIN (YoY)",
      "detail": "YoY Incr OPM: +29.0% vs year-ago OPM: +11.3%",
      "severity": "MEDIUM"
    },
    {
      "quarter": "2024-07 (Q3)",
      "signal": "FCF TURNED POSITIVE",
      "detail": "FCF margin: -1.8% -> +24.0%",
      "severity": "HIGH"
    },
    {
      "quarter": "2024-07 (Q3)",
      "signal": "YoY REVENUE GROWTH DECELERATION",
      "detail": "YoY growth: -9.2% vs prior quarter YoY: -0.7% (decel: -8.5%)",
      "severity": "WARNING"
    },
    {
      "quarter": "2024-07 (Q3)",
      "signal": "INCREMENTAL MARGIN (YoY)",
      "detail": "YoY Incr OPM: +26.4% vs year-ago OPM: +16.2%",
      "severity": "MEDIUM"
    },
    {
      "quarter": "2024-04 (Q2)",
      "signal": "GROSS MARGIN INFLECTION",
      "detail": "GM: +40.7% -> +34.1% -> +39.0% (reversal +4.9%)",
      "severity": "MEDIUM"
    },
    {
      "quarter": "2024-04 (Q2)",
      "signal": "YoY REVENUE GROWTH DECELERATION",
      "detail": "YoY growth: -0.7% vs prior quarter YoY: +4.4% (decel: -5.1%)",
      "severity": "WARNING"
    },
    {
      "quarter": "2023-10 (Q4)",
      "signal": "YoY REVENUE GROWTH DECELERATION",
      "detail": "YoY growth: +4.6% vs prior quarter YoY: +15.5% (decel: -10.9%)",
      "severity": "WARNING"
    },
    {
      "quarter": "2023-10 (Q4)",
      "signal": "INCREMENTAL MARGIN (YoY)",
      "detail": "YoY Incr OPM: +56.6% vs year-ago OPM: +14.2%",
      "severity": "HIGH"
    },
    {
      "quarter": "2023-07 (Q3)",
      "signal": "FCF TURNED POSITIVE",
      "detail": "FCF margin: -4.1% -> +22.1%",
      "severity": "HIGH"
    },
    {
      "quarter": "2023-04 (Q2)",
      "signal": "INCREMENTAL MARGIN (YoY)",
      "detail": "YoY Incr OPM: +25.2% vs year-ago OPM: +10.7%",
      "severity": "MEDIUM"
    },
    {
      "quarter": "2023-01 (Q1)",
      "signal": "YoY REVENUE GROWTH DECELERATION",
      "detail": "YoY growth: +9.5% vs prior quarter YoY: +30.9% (decel: -21.4%)",
      "severity": "WARNING"
    },
    {
      "quarter": "2023-01 (Q1)",
      "signal": "INCREMENTAL MARGIN (YoY)",
      "detail": "YoY Incr OPM: +25.0% vs year-ago OPM: +8.6%",
      "severity": "MEDIUM"
    },
    {
      "quarter": "2022-07 (Q3)",
      "signal": "FCF TURNED POSITIVE",
      "detail": "FCF margin: -17.3% -> +11.2%",
      "severity": "HIGH"
    },
    {
      "quarter": "2022-04 (Q2)",
      "signal": "FCF MARGIN EXPANSION",
      "detail": "FCF margin: -26.0% -> -17.3% (+8.7%)",
      "severity": "MEDIUM"
    },
    {
      "quarter": "2022-04 (Q2)",
      "signal": "OPERATING LEVERAGE",
      "detail": "Rev growth +12.9% vs OpEx growth +6.8% (leverage: 1.9x)",
      "severity": "MEDIUM"
    },
    {
      "quarter": "2021-10 (Q4)",
      "signal": "OPERATING LEVERAGE",
      "detail": "Rev growth +8.7% vs OpEx growth +2.4% (leverage: 3.5x)",
      "severity": "MEDIUM"
    },
    {
      "quarter": "2021-04 (Q2)",
      "signal": "FCF MARGIN EXPANSION",
      "detail": "FCF margin: +4.5% -> +21.3% (+16.8%)",
      "severity": "MEDIUM"
    }
  ],
  "data_quality": {
    "n_quarters": 20,
    "coverage": {
      "revenue": [
        20,
        20
      ],
      "gross_profit": [
        20,
        20
      ],
      "op_income": [
        20,
        20
      ],
      "fcf": [
        20,
        20
      ]
    },
    "gaps": [],
    "warnings": []
  },
  "market_cap": null,
  "source": "SEC EDGAR",
  "last_updated": "2026-02-02T22:46:51.303132",
  "sector": "Industrials",
  "industry": "Engineering & Construction"
}