{
  "ticker": "BBGI",
  "name": "BEASLEY BROADCAST GROUP, INC.",
  "quarters": [
    {
      "date": "2020-12-31T00:00:00",
      "quarter_label": "2020-12 (Q4)",
      "revenue": 68460644,
      "gross_profit": null,
      "operating_income": 19621273,
      "net_income": 10964578,
      "opex": 48839371,
      "cogs": null,
      "rd": null,
      "sga": null,
      "fcf": 2933186,
      "ocf": 3413749,
      "capex": -480563,
      "gross_margin": null,
      "op_margin": 0.2866066086085898,
      "fcf_margin": 0.042844849662822336
    },
    {
      "date": "2021-03-31T00:00:00",
      "quarter_label": "2021-03 (Q1)",
      "revenue": 48212040,
      "gross_profit": null,
      "operating_income": -2521033,
      "net_income": -10684641,
      "opex": 50733073,
      "cogs": null,
      "rd": null,
      "sga": null,
      "fcf": 1324739,
      "ocf": 2354007,
      "capex": -1029268,
      "gross_margin": null,
      "op_margin": -0.0522905274284183,
      "fcf_margin": 0.027477347981956373,
      "fcf_margin_change": -0.015367501680865963
    },
    {
      "date": "2021-06-30T00:00:00",
      "quarter_label": "2021-06 (Q2)",
      "revenue": 59574705,
      "gross_profit": null,
      "operating_income": 5771508,
      "net_income": 187694,
      "opex": 53803197,
      "cogs": null,
      "rd": null,
      "sga": null,
      "fcf": 970500,
      "ocf": 2495019,
      "capex": -1524519,
      "gross_margin": null,
      "op_margin": 0.09687849902068336,
      "fcf_margin": 0.01629047093057364,
      "op_leverage_ratio": 3.894573882306522,
      "fcf_margin_change": -0.011186877051382733
    },
    {
      "date": "2021-09-30T00:00:00",
      "quarter_label": "2021-09 (Q3)",
      "revenue": 62902935,
      "gross_profit": null,
      "operating_income": 4892706,
      "net_income": -1620323,
      "opex": 58010229,
      "cogs": null,
      "rd": null,
      "sga": null,
      "fcf": -11976990,
      "ocf": -10826027,
      "capex": -1150963,
      "gross_margin": null,
      "op_margin": 0.07778183959142765,
      "fcf_margin": -0.19040431102300712,
      "op_leverage_ratio": 0.7144695056287642,
      "fcf_margin_change": -0.20669478195358076
    },
    {
      "date": "2021-12-31T00:00:00",
      "quarter_label": "2021-12 (Q4)",
      "revenue": 70736628,
      "gross_profit": null,
      "operating_income": 6516889,
      "net_income": 10582176,
      "opex": 64219739,
      "cogs": null,
      "rd": null,
      "sga": null,
      "fcf": 3275756,
      "ocf": 4069774,
      "capex": -794018,
      "gross_margin": null,
      "op_margin": 0.09212891799139761,
      "fcf_margin": 0.046309190763235135,
      "incr_op_margin_yoy": -5.7576784371067635,
      "rev_growth_yoy": 0.03324514446577511,
      "op_leverage_ratio": 1.1634370421604137,
      "fcf_margin_change": 0.23671350178624226
    },
    {
      "date": "2022-03-31T00:00:00",
      "quarter_label": "2022-03 (Q1)",
      "revenue": 55720268,
      "gross_profit": null,
      "operating_income": -2716754,
      "net_income": -3738945,
      "opex": 58437022,
      "cogs": null,
      "rd": null,
      "sga": null,
      "fcf": -640401,
      "ocf": 735374,
      "capex": -1375775,
      "gross_margin": null,
      "op_margin": -0.048757016028709695,
      "fcf_margin": -0.01149314285423035,
      "incr_op_margin_yoy": -0.026067535509044212,
      "rev_growth_yoy": 0.15573346408905328,
      "rev_growth_yoy_accel": 0.12248831962327816,
      "fcf_margin_change": -0.057802333617465486
    },
    {
      "date": "2022-06-30T00:00:00",
      "quarter_label": "2022-06 (Q2)",
      "revenue": 64810450,
      "gross_profit": null,
      "operating_income": -4453811,
      "net_income": -14454717,
      "opex": 69264261,
      "cogs": null,
      "rd": null,
      "sga": null,
      "fcf": 905045,
      "ocf": 6016172,
      "capex": -5111127,
      "gross_margin": null,
      "op_margin": -0.06872056898231689,
      "fcf_margin": 0.013964491837350304,
      "incr_op_margin_yoy": -1.9529826223393232,
      "rev_growth_yoy": 0.08788537014157267,
      "rev_growth_yoy_accel": -0.0678480939474806,
      "op_leverage_ratio": 0.8805007582706808,
      "fcf_margin_change": 0.025457634691580654
    },
    {
      "date": "2022-09-30T00:00:00",
      "quarter_label": "2022-09 (Q3)",
      "revenue": 63823288,
      "gross_profit": null,
      "operating_income": 4722581,
      "net_income": 498068,
      "opex": 59100707,
      "cogs": null,
      "rd": null,
      "sga": null,
      "fcf": -9192194,
      "ocf": -4460159,
      "capex": -4732035,
      "gross_margin": null,
      "op_margin": 0.07399463656588799,
      "fcf_margin": -0.14402570422257155,
      "rev_growth_yoy": 0.014631320462232804,
      "rev_growth_yoy_accel": -0.07325404967933988,
      "fcf_margin_change": -0.15799019605992184
    },
    {
      "date": "2022-12-31T00:00:00",
      "quarter_label": "2022-12 (Q4)",
      "revenue": 72027012,
      "gross_profit": null,
      "operating_income": -31673784,
      "net_income": -24509851,
      "opex": 103700796,
      "cogs": null,
      "rd": null,
      "sga": null,
      "fcf": 6711634,
      "ocf": 8855697,
      "capex": -2144063,
      "gross_margin": null,
      "op_margin": -0.43974868761736224,
      "fcf_margin": 0.09318218004101017,
      "incr_op_margin_yoy": -29.596362788131284,
      "rev_growth_yoy": 0.01824209092918594,
      "rev_growth_yoy_accel": 0.003610770466953135,
      "op_leverage_ratio": 0.17032908665570481,
      "fcf_margin_change": 0.23720788426358172
    },
    {
      "date": "2023-03-31T00:00:00",
      "quarter_label": "2023-03 (Q1)",
      "revenue": 57779120,
      "gross_profit": null,
      "operating_income": 413045,
      "net_income": -3536566,
      "opex": 57366075,
      "cogs": null,
      "rd": null,
      "sga": null,
      "fcf": -3614445,
      "ocf": -2445165,
      "capex": -1169280,
      "gross_margin": null,
      "op_margin": 0.007148689699670053,
      "fcf_margin": -0.0625562486932996,
      "incr_op_margin_yoy": 1.520167063975458,
      "rev_growth_yoy": 0.03694978638652635,
      "rev_growth_yoy_accel": 0.018707695457340412,
      "fcf_margin_change": -0.15573842873430976
    },
    {
      "date": "2023-06-30T00:00:00",
      "quarter_label": "2023-06 (Q2)",
      "revenue": 63461723,
      "gross_profit": null,
      "operating_income": -4507855,
      "net_income": -10430629,
      "opex": 67969578,
      "cogs": null,
      "rd": null,
      "sga": null,
      "fcf": 1621971,
      "ocf": 2468876,
      "capex": -846905,
      "gross_margin": null,
      "op_margin": -0.07103266011230108,
      "fcf_margin": 0.025558256588778718,
      "incr_op_margin_yoy": 0.04007037747446296,
      "rev_growth_yoy": -0.020810332284376978,
      "rev_growth_yoy_accel": -0.05776011867090333,
      "op_leverage_ratio": 0.5320864090354467,
      "fcf_margin_change": 0.08811450528207831
    },
    {
      "date": "2023-09-30T00:00:00",
      "quarter_label": "2023-09 (Q3)",
      "revenue": 60119757,
      "gross_profit": null,
      "operating_income": -85478653,
      "net_income": -67536837,
      "opex": 145598410,
      "cogs": null,
      "rd": null,
      "sga": null,
      "fcf": -6073127,
      "ocf": -5028596,
      "capex": -1044531,
      "gross_margin": null,
      "op_margin": -1.421806362257918,
      "fcf_margin": -0.10101715813655068,
      "incr_op_margin_yoy": 24.355468875513665,
      "rev_growth_yoy": -0.05802789414421896,
      "rev_growth_yoy_accel": -0.037217561859841986,
      "fcf_margin_change": -0.1265754147253294
    },
    {
      "date": "2023-12-31T00:00:00",
      "quarter_label": "2023-12 (Q4)",
      "revenue": 65748658,
      "gross_profit": null,
      "operating_income": 7582401,
      "net_income": 6383894,
      "opex": 58166257,
      "cogs": null,
      "rd": null,
      "sga": null,
      "fcf": -802502,
      "ocf": 326336,
      "capex": -1128838,
      "gross_margin": null,
      "op_margin": 0.11532404205117008,
      "fcf_margin": -0.012205602736408704,
      "incr_op_margin_yoy": -6.252623697230198,
      "rev_growth_yoy": -0.08716665908617728,
      "rev_growth_yoy_accel": -0.02913876494195832,
      "op_leverage_ratio": Infinity,
      "fcf_margin_change": 0.08881155540014198
    },
    {
      "date": "2024-03-31T00:00:00",
      "quarter_label": "2024-03 (Q1)",
      "revenue": 54380346,
      "gross_profit": null,
      "operating_income": -1103086,
      "net_income": 7970,
      "opex": 55483432,
      "cogs": null,
      "rd": null,
      "sga": null,
      "fcf": -4984608,
      "ocf": -4036884,
      "capex": -947724,
      "gross_margin": null,
      "op_margin": -0.020284644750145575,
      "fcf_margin": -0.09166193977507976,
      "incr_op_margin_yoy": 0.44608173417826547,
      "rev_growth_yoy": -0.05882356809864878,
      "rev_growth_yoy_accel": 0.028343090987528498,
      "fcf_margin_change": -0.07945633703867105
    },
    {
      "date": "2024-06-30T00:00:00",
      "quarter_label": "2024-06 (Q2)",
      "revenue": 60435657,
      "gross_profit": null,
      "operating_income": 5375199,
      "net_income": -276021,
      "opex": 55060458,
      "cogs": null,
      "rd": null,
      "sga": null,
      "fcf": 5555583,
      "ocf": 6592710,
      "capex": -1037127,
      "gross_margin": null,
      "op_margin": 0.08894085489961663,
      "fcf_margin": 0.09192558293856225,
      "incr_op_margin_yoy": -3.2659743706845785,
      "rev_growth_yoy": -0.047683325585093236,
      "rev_growth_yoy_accel": 0.011140242513555547,
      "op_leverage_ratio": Infinity,
      "fcf_margin_change": 0.183587522713642
    },
    {
      "date": "2024-09-30T00:00:00",
      "quarter_label": "2024-09 (Q3)",
      "revenue": 58190116,
      "gross_profit": null,
      "operating_income": 1237242,
      "net_income": -3560575,
      "opex": 56952874,
      "cogs": null,
      "rd": null,
      "sga": null,
      "fcf": -5439357,
      "ocf": -4797168,
      "capex": -642189,
      "gross_margin": null,
      "op_margin": 0.021262064505937744,
      "fcf_margin": -0.09347561706183916,
      "incr_op_margin_yoy": -44.938874640412386,
      "rev_growth_yoy": -0.032096620084475724,
      "rev_growth_yoy_accel": 0.015586705500617512,
      "fcf_margin_change": -0.1854012000004014
    },
    {
      "date": "2024-12-31T00:00:00",
      "quarter_label": "2024-12 (Q4)",
      "revenue": 67285492,
      "gross_profit": null,
      "operating_income": 7582743,
      "net_income": -2058632,
      "opex": 59702749,
      "cogs": null,
      "rd": null,
      "sga": null,
      "fcf": -1857071,
      "ocf": -1470443,
      "capex": -386628,
      "gross_margin": null,
      "op_margin": 0.11269506656799061,
      "fcf_margin": -0.027599872495544804,
      "incr_op_margin_yoy": 0.00022253542022105185,
      "rev_growth_yoy": 0.023374378226852933,
      "rev_growth_yoy_accel": 0.05547099831132866,
      "op_leverage_ratio": 3.237234248386651,
      "fcf_margin_change": 0.06587574456629436
    },
    {
      "date": "2025-03-31T00:00:00",
      "quarter_label": "2025-03 (Q1)",
      "revenue": 48912465,
      "gross_profit": null,
      "operating_income": -2000589,
      "net_income": -2689821,
      "opex": 50913054,
      "cogs": null,
      "rd": null,
      "sga": null,
      "fcf": -4274670,
      "ocf": -3474505,
      "capex": -800165,
      "gross_margin": null,
      "op_margin": -0.0409014143940609,
      "fcf_margin": -0.08739428691643326,
      "incr_op_margin_yoy": 0.16414091674635933,
      "rev_growth_yoy": -0.10054884534938413,
      "rev_growth_yoy_accel": -0.12392322357623706,
      "fcf_margin_change": -0.05979441442088846
    },
    {
      "date": "2025-06-30T00:00:00",
      "quarter_label": "2025-06 (Q2)",
      "revenue": 52999711,
      "gross_profit": null,
      "operating_income": 2891256,
      "net_income": -154175,
      "opex": 50108455,
      "cogs": null,
      "rd": null,
      "sga": null,
      "fcf": 2481409,
      "ocf": 3054582,
      "capex": -573173,
      "gross_margin": null,
      "op_margin": 0.05455229746441448,
      "fcf_margin": 0.046819293033503524,
      "incr_op_margin_yoy": 0.3340453252350138,
      "rev_growth_yoy": -0.1230390529220192,
      "rev_growth_yoy_accel": -0.022490207572635063,
      "op_leverage_ratio": Infinity,
      "fcf_margin_change": 0.1342135799499368
    },
    {
      "date": "2025-09-30T00:00:00",
      "quarter_label": "2025-09 (Q3)",
      "revenue": 50977046,
      "gross_profit": null,
      "operating_income": -536676,
      "net_income": -3556703,
      "opex": 51513722,
      "cogs": null,
      "rd": null,
      "sga": null,
      "fcf": -7113991,
      "ocf": -4892488,
      "capex": -2221503,
      "gross_margin": null,
      "op_margin": -0.010527797157960074,
      "fcf_margin": -0.13955282932635996,
      "incr_op_margin_yoy": 0.24593106679957355,
      "rev_growth_yoy": -0.12395696203802034,
      "rev_growth_yoy_accel": -0.0009179091160011477,
      "fcf_margin_change": -0.18637212235986347
    }
  ],
  "signals": [
    {
      "quarter": "2025-06 (Q2)",
      "signal": "FCF TURNED POSITIVE",
      "detail": "FCF margin: -8.7% -> +4.7%",
      "severity": "HIGH"
    },
    {
      "quarter": "2025-06 (Q2)",
      "signal": "INCREMENTAL MARGIN (YoY)",
      "detail": "YoY Incr OPM: +33.4% vs year-ago OPM: +8.9%",
      "severity": "HIGH"
    },
    {
      "quarter": "2025-06 (Q2)",
      "signal": "OP MARGIN TURNED POSITIVE (QoQ)",
      "detail": "Op margin: -4.1% -> +5.5%",
      "severity": "HIGH"
    },
    {
      "quarter": "2025-03 (Q1)",
      "signal": "YoY REVENUE GROWTH DECELERATION",
      "detail": "YoY growth: -10.1% vs prior quarter YoY: +2.3% (decel: -12.4%)",
      "severity": "WARNING"
    },
    {
      "quarter": "2024-12 (Q4)",
      "signal": "FCF MARGIN EXPANSION",
      "detail": "FCF margin: -9.3% -> -2.8% (+6.6%)",
      "severity": "MEDIUM"
    },
    {
      "quarter": "2024-12 (Q4)",
      "signal": "OPERATING LEVERAGE",
      "detail": "Rev growth +15.6% vs OpEx growth +4.8% (leverage: 3.2x)",
      "severity": "MEDIUM"
    },
    {
      "quarter": "2024-12 (Q4)",
      "signal": "YoY REVENUE GROWTH ACCELERATION",
      "detail": "YoY growth: +2.3% vs prior quarter YoY: -3.2% (accel: +5.5%)",
      "severity": "MEDIUM"
    },
    {
      "quarter": "2024-09 (Q3)",
      "signal": "OP MARGIN TURNED POSITIVE (YoY)",
      "detail": "Op margin: -142.2% (year-ago) -> +2.1%",
      "severity": "HIGH"
    },
    {
      "quarter": "2024-06 (Q2)",
      "signal": "FCF TURNED POSITIVE",
      "detail": "FCF margin: -9.2% -> +9.2%",
      "severity": "HIGH"
    },
    {
      "quarter": "2024-06 (Q2)",
      "signal": "OP MARGIN TURNED POSITIVE (YoY)",
      "detail": "Op margin: -7.1% (year-ago) -> +8.9%",
      "severity": "HIGH"
    },
    {
      "quarter": "2024-06 (Q2)",
      "signal": "OP MARGIN TURNED POSITIVE (QoQ)",
      "detail": "Op margin: -2.0% -> +8.9%",
      "severity": "HIGH"
    },
    {
      "quarter": "2023-12 (Q4)",
      "signal": "FCF MARGIN EXPANSION",
      "detail": "FCF margin: -10.1% -> -1.2% (+8.9%)",
      "severity": "MEDIUM"
    },
    {
      "quarter": "2023-12 (Q4)",
      "signal": "OP MARGIN TURNED POSITIVE (YoY)",
      "detail": "Op margin: -44.0% (year-ago) -> +11.5%",
      "severity": "HIGH"
    },
    {
      "quarter": "2023-12 (Q4)",
      "signal": "OP MARGIN TURNED POSITIVE (QoQ)",
      "detail": "Op margin: -142.2% -> +11.5%",
      "severity": "HIGH"
    },
    {
      "quarter": "2023-06 (Q2)",
      "signal": "FCF TURNED POSITIVE",
      "detail": "FCF margin: -6.3% -> +2.6%",
      "severity": "HIGH"
    },
    {
      "quarter": "2023-06 (Q2)",
      "signal": "YoY REVENUE GROWTH DECELERATION",
      "detail": "YoY growth: -2.1% vs prior quarter YoY: +3.7% (decel: -5.8%)",
      "severity": "WARNING"
    },
    {
      "quarter": "2023-03 (Q1)",
      "signal": "OP MARGIN TURNED POSITIVE (YoY)",
      "detail": "Op margin: -4.9% (year-ago) -> +0.7%",
      "severity": "HIGH"
    },
    {
      "quarter": "2023-03 (Q1)",
      "signal": "OP MARGIN TURNED POSITIVE (QoQ)",
      "detail": "Op margin: -44.0% -> +0.7%",
      "severity": "HIGH"
    },
    {
      "quarter": "2022-12 (Q4)",
      "signal": "FCF TURNED POSITIVE",
      "detail": "FCF margin: -14.4% -> +9.3%",
      "severity": "HIGH"
    },
    {
      "quarter": "2022-09 (Q3)",
      "signal": "YoY REVENUE GROWTH DECELERATION",
      "detail": "YoY growth: +1.5% vs prior quarter YoY: +8.8% (decel: -7.3%)",
      "severity": "WARNING"
    },
    {
      "quarter": "2022-09 (Q3)",
      "signal": "OP MARGIN TURNED POSITIVE (QoQ)",
      "detail": "Op margin: -6.9% -> +7.4%",
      "severity": "HIGH"
    },
    {
      "quarter": "2022-06 (Q2)",
      "signal": "FCF TURNED POSITIVE",
      "detail": "FCF margin: -1.1% -> +1.4%",
      "severity": "HIGH"
    },
    {
      "quarter": "2022-06 (Q2)",
      "signal": "YoY REVENUE GROWTH DECELERATION",
      "detail": "YoY growth: +8.8% vs prior quarter YoY: +15.6% (decel: -6.8%)",
      "severity": "WARNING"
    },
    {
      "quarter": "2022-03 (Q1)",
      "signal": "YoY REVENUE GROWTH ACCELERATION",
      "detail": "YoY growth: +15.6% vs prior quarter YoY: +3.3% (accel: +12.2%)",
      "severity": "MEDIUM"
    },
    {
      "quarter": "2021-12 (Q4)",
      "signal": "FCF TURNED POSITIVE",
      "detail": "FCF margin: -19.0% -> +4.6%",
      "severity": "HIGH"
    },
    {
      "quarter": "2021-06 (Q2)",
      "signal": "OPERATING LEVERAGE",
      "detail": "Rev growth +23.6% vs OpEx growth +6.1% (leverage: 3.9x)",
      "severity": "MEDIUM"
    },
    {
      "quarter": "2021-06 (Q2)",
      "signal": "OP MARGIN TURNED POSITIVE (QoQ)",
      "detail": "Op margin: -5.2% -> +9.7%",
      "severity": "HIGH"
    }
  ],
  "data_quality": {
    "n_quarters": 20,
    "coverage": {
      "revenue": [
        20,
        20
      ],
      "gross_profit": [
        0,
        20
      ],
      "op_income": [
        20,
        20
      ],
      "fcf": [
        20,
        20
      ]
    },
    "gaps": [],
    "warnings": [
      "gross_profit: no data"
    ]
  },
  "market_cap": null,
  "source": "SEC EDGAR",
  "last_updated": "2026-02-03T00:09:43.641958",
  "sector": "Communication Services",
  "industry": "Broadcasting"
}