{
  "ticker": "BBT",
  "name": "BEACON FINANCIAL CORPORATION",
  "quarters": [
    {
      "date": "2020-09-30T00:00:00",
      "quarter_label": "2020-09 (Q3)",
      "revenue": 97018000,
      "gross_profit": null,
      "operating_income": null,
      "net_income": null,
      "opex": null,
      "cogs": null,
      "rd": null,
      "sga": null,
      "fcf": null,
      "ocf": null,
      "capex": null,
      "gross_margin": null,
      "op_margin": null,
      "fcf_margin": null
    },
    {
      "date": "2020-12-31T00:00:00",
      "quarter_label": "2020-12 (Q4)",
      "revenue": 99036000,
      "gross_profit": null,
      "operating_income": null,
      "net_income": 15009000,
      "opex": null,
      "cogs": null,
      "rd": null,
      "sga": null,
      "fcf": 31853000,
      "ocf": 32871000,
      "capex": -1018000,
      "gross_margin": null,
      "op_margin": null,
      "fcf_margin": 0.32163051819540367
    },
    {
      "date": "2021-03-31T00:00:00",
      "quarter_label": "2021-03 (Q1)",
      "revenue": 101286000,
      "gross_profit": null,
      "operating_income": null,
      "net_income": 13031000,
      "opex": null,
      "cogs": null,
      "rd": null,
      "sga": null,
      "fcf": 21277000,
      "ocf": 23574000,
      "capex": -2297000,
      "gross_margin": null,
      "op_margin": null,
      "fcf_margin": 0.21006851884761962,
      "fcf_margin_change": -0.11156199934778405
    },
    {
      "date": "2021-06-30T00:00:00",
      "quarter_label": "2021-06 (Q2)",
      "revenue": 97404000,
      "gross_profit": null,
      "operating_income": null,
      "net_income": 21636000,
      "opex": null,
      "cogs": null,
      "rd": null,
      "sga": null,
      "fcf": 40852000,
      "ocf": 40161000,
      "capex": 691000,
      "gross_margin": null,
      "op_margin": null,
      "fcf_margin": 0.4194078271939551,
      "fcf_margin_change": 0.20933930834633546
    },
    {
      "date": "2021-09-30T00:00:00",
      "quarter_label": "2021-09 (Q3)",
      "revenue": 145003000,
      "gross_profit": null,
      "operating_income": null,
      "net_income": 63749000,
      "opex": null,
      "cogs": null,
      "rd": null,
      "sga": null,
      "fcf": 18813000,
      "ocf": 18813000,
      "capex": null,
      "gross_margin": null,
      "op_margin": null,
      "fcf_margin": 0.1297421432660014,
      "rev_growth_yoy": 0.4945989404028118,
      "fcf_margin_change": -0.28966568392795367
    },
    {
      "date": "2021-12-31T00:00:00",
      "quarter_label": "2021-12 (Q4)",
      "revenue": 90721000,
      "gross_profit": null,
      "operating_income": null,
      "net_income": 20248000,
      "opex": null,
      "cogs": null,
      "rd": null,
      "sga": null,
      "fcf": 2240000,
      "ocf": 2240000,
      "capex": null,
      "gross_margin": null,
      "op_margin": null,
      "fcf_margin": 0.024691085856637384,
      "rev_growth_yoy": -0.08395936831051334,
      "rev_growth_yoy_accel": -0.5785583087133251,
      "fcf_margin_change": -0.105051057409364
    },
    {
      "date": "2022-03-31T00:00:00",
      "quarter_label": "2022-03 (Q1)",
      "revenue": 89744000,
      "gross_profit": null,
      "operating_income": null,
      "net_income": 20196000,
      "opex": null,
      "cogs": null,
      "rd": null,
      "sga": null,
      "fcf": 13351000,
      "ocf": 13351000,
      "capex": null,
      "gross_margin": null,
      "op_margin": null,
      "fcf_margin": 0.1487676056338028,
      "rev_growth_yoy": -0.11395454455699702,
      "rev_growth_yoy_accel": -0.02999517624648368,
      "fcf_margin_change": 0.12407651977716543
    },
    {
      "date": "2022-06-30T00:00:00",
      "quarter_label": "2022-06 (Q2)",
      "revenue": 97709000,
      "gross_profit": null,
      "operating_income": null,
      "net_income": 23115000,
      "opex": null,
      "cogs": null,
      "rd": null,
      "sga": null,
      "fcf": -3413000,
      "ocf": -2683000,
      "capex": -730000,
      "gross_margin": null,
      "op_margin": null,
      "fcf_margin": -0.034930252075039143,
      "rev_growth_yoy": 0.003131288242782637,
      "rev_growth_yoy_accel": 0.11708583279977966,
      "fcf_margin_change": -0.18369785770884195
    },
    {
      "date": "2022-09-30T00:00:00",
      "quarter_label": "2022-09 (Q3)",
      "revenue": 108335000,
      "gross_profit": null,
      "operating_income": null,
      "net_income": 18717000,
      "opex": null,
      "cogs": null,
      "rd": null,
      "sga": null,
      "fcf": 77559000,
      "ocf": 77559000,
      "capex": null,
      "gross_margin": null,
      "op_margin": null,
      "fcf_margin": 0.7159182166428208,
      "rev_growth_yoy": -0.252877526671862,
      "rev_growth_yoy_accel": -0.2560088149146446,
      "fcf_margin_change": 0.75084846871786
    },
    {
      "date": "2022-12-31T00:00:00",
      "quarter_label": "2022-12 (Q4)",
      "revenue": 117746000,
      "gross_profit": null,
      "operating_income": null,
      "net_income": 30505000,
      "opex": null,
      "cogs": null,
      "rd": null,
      "sga": null,
      "fcf": 21747000,
      "ocf": 22512000,
      "capex": -765000,
      "gross_margin": null,
      "op_margin": null,
      "fcf_margin": 0.1846941722011788,
      "rev_growth_yoy": 0.2978913371766184,
      "rev_growth_yoy_accel": 0.5507688638484804,
      "fcf_margin_change": -0.5312240444416421
    },
    {
      "date": "2023-03-31T00:00:00",
      "quarter_label": "2023-03 (Q1)",
      "revenue": 114139000,
      "gross_profit": null,
      "operating_income": null,
      "net_income": 27637000,
      "opex": null,
      "cogs": null,
      "rd": null,
      "sga": null,
      "fcf": 40247000,
      "ocf": 41000000,
      "capex": -753000,
      "gross_margin": null,
      "op_margin": null,
      "fcf_margin": 0.3526139181173832,
      "rev_growth_yoy": 0.2718287573542521,
      "rev_growth_yoy_accel": -0.026062579822366316,
      "fcf_margin_change": 0.16791974591620437
    },
    {
      "date": "2023-06-30T00:00:00",
      "quarter_label": "2023-06 (Q2)",
      "revenue": 109853000,
      "gross_profit": null,
      "operating_income": null,
      "net_income": 23861000,
      "opex": null,
      "cogs": null,
      "rd": null,
      "sga": null,
      "fcf": 28251000,
      "ocf": 28251000,
      "capex": null,
      "gross_margin": null,
      "op_margin": null,
      "fcf_margin": 0.2571709466286765,
      "rev_growth_yoy": 0.12428742490456356,
      "rev_growth_yoy_accel": -0.14754133244968853,
      "fcf_margin_change": -0.09544297148870667
    },
    {
      "date": "2023-09-30T00:00:00",
      "quarter_label": "2023-09 (Q3)",
      "revenue": 107799000,
      "gross_profit": null,
      "operating_income": null,
      "net_income": 19545000,
      "opex": null,
      "cogs": null,
      "rd": null,
      "sga": null,
      "fcf": 35455000,
      "ocf": 35455000,
      "capex": null,
      "gross_margin": null,
      "op_margin": null,
      "fcf_margin": 0.3288991549086726,
      "rev_growth_yoy": -0.004947616190520146,
      "rev_growth_yoy_accel": -0.1292350410950837,
      "fcf_margin_change": 0.0717282082799961
    },
    {
      "date": "2023-12-31T00:00:00",
      "quarter_label": "2023-12 (Q4)",
      "revenue": 80038000,
      "gross_profit": null,
      "operating_income": null,
      "net_income": -1445000,
      "opex": null,
      "cogs": null,
      "rd": null,
      "sga": null,
      "fcf": 51383000,
      "ocf": 52450000,
      "capex": -1067000,
      "gross_margin": null,
      "op_margin": null,
      "fcf_margin": 0.6419825582848148,
      "rev_growth_yoy": -0.3202486708678002,
      "rev_growth_yoy_accel": -0.31530105467728003,
      "fcf_margin_change": 0.31308340337614216
    },
    {
      "date": "2024-03-31T00:00:00",
      "quarter_label": "2024-03 (Q1)",
      "revenue": 55541000,
      "gross_profit": null,
      "operating_income": null,
      "net_income": -20188000,
      "opex": null,
      "cogs": null,
      "rd": null,
      "sga": null,
      "fcf": 6626000,
      "ocf": 6861000,
      "capex": -235000,
      "gross_margin": null,
      "op_margin": null,
      "fcf_margin": 0.11929925640517816,
      "rev_growth_yoy": -0.513391566423396,
      "rev_growth_yoy_accel": -0.19314289555559583,
      "fcf_margin_change": -0.5226833018796366
    },
    {
      "date": "2024-06-30T00:00:00",
      "quarter_label": "2024-06 (Q2)",
      "revenue": 108665000,
      "gross_profit": null,
      "operating_income": null,
      "net_income": 24025000,
      "opex": null,
      "cogs": null,
      "rd": null,
      "sga": null,
      "fcf": 34436000,
      "ocf": 34754000,
      "capex": -318000,
      "gross_margin": null,
      "op_margin": null,
      "fcf_margin": 0.3169005659596006,
      "rev_growth_yoy": -0.01081445204045406,
      "rev_growth_yoy_accel": 0.502577114382942,
      "fcf_margin_change": 0.19760130955442243
    },
    {
      "date": "2024-09-30T00:00:00",
      "quarter_label": "2024-09 (Q3)",
      "revenue": 125614000,
      "gross_profit": null,
      "operating_income": null,
      "net_income": 37509000,
      "opex": null,
      "cogs": null,
      "rd": null,
      "sga": null,
      "fcf": 17233000,
      "ocf": 19853000,
      "capex": -2620000,
      "gross_margin": null,
      "op_margin": null,
      "fcf_margin": 0.13719012212014584,
      "rev_growth_yoy": 0.16526127329567064,
      "rev_growth_yoy_accel": 0.1760757253361247,
      "fcf_margin_change": -0.17971044383945475
    },
    {
      "date": "2024-12-31T00:00:00",
      "quarter_label": "2024-12 (Q4)",
      "revenue": 110180000,
      "gross_profit": null,
      "operating_income": null,
      "net_income": 19657000,
      "opex": null,
      "cogs": null,
      "rd": null,
      "sga": null,
      "fcf": 62343000,
      "ocf": 63738000,
      "capex": -1395000,
      "gross_margin": null,
      "op_margin": null,
      "fcf_margin": 0.5658286440370303,
      "rev_growth_yoy": 0.37659611684449884,
      "rev_growth_yoy_accel": 0.2113348435488282,
      "fcf_margin_change": 0.42863852191688445
    },
    {
      "date": "2025-03-31T00:00:00",
      "quarter_label": "2025-03 (Q1)",
      "revenue": 110443000,
      "gross_profit": null,
      "operating_income": null,
      "net_income": 25719000,
      "opex": null,
      "cogs": null,
      "rd": null,
      "sga": null,
      "fcf": 19880000,
      "ocf": 23259000,
      "capex": -3379000,
      "gross_margin": null,
      "op_margin": null,
      "fcf_margin": 0.18000235415553725,
      "rev_growth_yoy": 0.9884949856862498,
      "rev_growth_yoy_accel": 0.611898868841751,
      "fcf_margin_change": -0.38582628988149303
    },
    {
      "date": "2025-06-30T00:00:00",
      "quarter_label": "2025-06 (Q2)",
      "revenue": 113673000,
      "gross_profit": null,
      "operating_income": null,
      "net_income": 30366000,
      "opex": null,
      "cogs": null,
      "rd": null,
      "sga": null,
      "fcf": 36315000,
      "ocf": 38522000,
      "capex": -2207000,
      "gross_margin": null,
      "op_margin": null,
      "fcf_margin": 0.31946900319337046,
      "rev_growth_yoy": 0.046086596420190494,
      "rev_growth_yoy_accel": -0.9424083892660593,
      "fcf_margin_change": 0.1394666490378332
    }
  ],
  "signals": [
    {
      "quarter": "2025-06 (Q2)",
      "signal": "FCF MARGIN EXPANSION",
      "detail": "FCF margin: +18.0% -> +31.9% (+13.9%)",
      "severity": "MEDIUM"
    },
    {
      "quarter": "2025-06 (Q2)",
      "signal": "YoY REVENUE GROWTH DECELERATION",
      "detail": "YoY growth: +4.6% vs prior quarter YoY: +98.8% (decel: -94.2%)",
      "severity": "WARNING"
    },
    {
      "quarter": "2025-03 (Q1)",
      "signal": "YoY REVENUE GROWTH ACCELERATION",
      "detail": "YoY growth: +98.8% vs prior quarter YoY: +37.7% (accel: +61.2%)",
      "severity": "HIGH"
    },
    {
      "quarter": "2024-12 (Q4)",
      "signal": "FCF MARGIN EXPANSION",
      "detail": "FCF margin: +13.7% -> +56.6% (+42.9%)",
      "severity": "MEDIUM"
    },
    {
      "quarter": "2024-12 (Q4)",
      "signal": "YoY REVENUE GROWTH ACCELERATION",
      "detail": "YoY growth: +37.7% vs prior quarter YoY: +16.5% (accel: +21.1%)",
      "severity": "HIGH"
    },
    {
      "quarter": "2024-09 (Q3)",
      "signal": "YoY REVENUE GROWTH ACCELERATION",
      "detail": "YoY growth: +16.5% vs prior quarter YoY: -1.1% (accel: +17.6%)",
      "severity": "HIGH"
    },
    {
      "quarter": "2024-06 (Q2)",
      "signal": "FCF MARGIN EXPANSION",
      "detail": "FCF margin: +11.9% -> +31.7% (+19.8%)",
      "severity": "MEDIUM"
    },
    {
      "quarter": "2024-06 (Q2)",
      "signal": "YoY REVENUE GROWTH ACCELERATION",
      "detail": "YoY growth: -1.1% vs prior quarter YoY: -51.3% (accel: +50.3%)",
      "severity": "HIGH"
    },
    {
      "quarter": "2024-03 (Q1)",
      "signal": "YoY REVENUE GROWTH DECELERATION",
      "detail": "YoY growth: -51.3% vs prior quarter YoY: -32.0% (decel: -19.3%)",
      "severity": "WARNING"
    },
    {
      "quarter": "2023-12 (Q4)",
      "signal": "FCF MARGIN EXPANSION",
      "detail": "FCF margin: +32.9% -> +64.2% (+31.3%)",
      "severity": "MEDIUM"
    },
    {
      "quarter": "2023-12 (Q4)",
      "signal": "YoY REVENUE GROWTH DECELERATION",
      "detail": "YoY growth: -32.0% vs prior quarter YoY: -0.5% (decel: -31.5%)",
      "severity": "WARNING"
    },
    {
      "quarter": "2023-09 (Q3)",
      "signal": "FCF MARGIN EXPANSION",
      "detail": "FCF margin: +25.7% -> +32.9% (+7.2%)",
      "severity": "MEDIUM"
    },
    {
      "quarter": "2023-09 (Q3)",
      "signal": "YoY REVENUE GROWTH DECELERATION",
      "detail": "YoY growth: -0.5% vs prior quarter YoY: +12.4% (decel: -12.9%)",
      "severity": "WARNING"
    },
    {
      "quarter": "2023-06 (Q2)",
      "signal": "YoY REVENUE GROWTH DECELERATION",
      "detail": "YoY growth: +12.4% vs prior quarter YoY: +27.2% (decel: -14.8%)",
      "severity": "WARNING"
    },
    {
      "quarter": "2023-03 (Q1)",
      "signal": "FCF MARGIN EXPANSION",
      "detail": "FCF margin: +18.5% -> +35.3% (+16.8%)",
      "severity": "MEDIUM"
    },
    {
      "quarter": "2022-12 (Q4)",
      "signal": "YoY REVENUE GROWTH ACCELERATION",
      "detail": "YoY growth: +29.8% vs prior quarter YoY: -25.3% (accel: +55.1%)",
      "severity": "HIGH"
    },
    {
      "quarter": "2022-09 (Q3)",
      "signal": "FCF TURNED POSITIVE",
      "detail": "FCF margin: -3.5% -> +71.6%",
      "severity": "HIGH"
    },
    {
      "quarter": "2022-09 (Q3)",
      "signal": "YoY REVENUE GROWTH DECELERATION",
      "detail": "YoY growth: -25.3% vs prior quarter YoY: +0.3% (decel: -25.6%)",
      "severity": "WARNING"
    },
    {
      "quarter": "2022-06 (Q2)",
      "signal": "YoY REVENUE GROWTH ACCELERATION",
      "detail": "YoY growth: +0.3% vs prior quarter YoY: -11.4% (accel: +11.7%)",
      "severity": "MEDIUM"
    },
    {
      "quarter": "2022-03 (Q1)",
      "signal": "FCF MARGIN EXPANSION",
      "detail": "FCF margin: +2.5% -> +14.9% (+12.4%)",
      "severity": "MEDIUM"
    },
    {
      "quarter": "2021-12 (Q4)",
      "signal": "YoY REVENUE GROWTH DECELERATION",
      "detail": "YoY growth: -8.4% vs prior quarter YoY: +49.5% (decel: -57.9%)",
      "severity": "WARNING"
    },
    {
      "quarter": "2021-06 (Q2)",
      "signal": "FCF MARGIN EXPANSION",
      "detail": "FCF margin: +21.0% -> +41.9% (+20.9%)",
      "severity": "MEDIUM"
    }
  ],
  "data_quality": {
    "n_quarters": 20,
    "coverage": {
      "revenue": [
        20,
        20
      ],
      "gross_profit": [
        0,
        20
      ],
      "op_income": [
        0,
        20
      ],
      "fcf": [
        19,
        20
      ]
    },
    "gaps": [],
    "warnings": [
      "gross_profit: no data",
      "op_income: no data"
    ]
  },
  "market_cap": null,
  "source": "SEC EDGAR",
  "last_updated": "2026-02-02T21:30:26.282626"
}