{
  "ticker": "BBW",
  "name": "Build-A-Bear Workshop, Inc.",
  "quarters": [
    {
      "date": "2021-05-01T00:00:00",
      "quarter_label": "2021-05 (Q2)",
      "revenue": 91693000,
      "gross_profit": 48428000,
      "operating_income": null,
      "net_income": 10380000,
      "opex": null,
      "cogs": 43265000,
      "rd": null,
      "sga": 35242000,
      "fcf": 11566000,
      "ocf": 12059000,
      "capex": -493000,
      "gross_margin": 0.5281537303829081,
      "op_margin": null,
      "fcf_margin": 0.1261383093584025
    },
    {
      "date": "2021-07-31T00:00:00",
      "quarter_label": "2021-07 (Q3)",
      "revenue": 94728000,
      "gross_profit": 50400000,
      "operating_income": null,
      "net_income": 6835000,
      "opex": null,
      "cogs": 44328000,
      "rd": null,
      "sga": 40919000,
      "fcf": 5275000,
      "ocf": 6335000,
      "capex": -1060000,
      "gross_margin": 0.532049657968077,
      "op_margin": null,
      "fcf_margin": 0.05568575289249219,
      "fcf_margin_change": -0.07045255646591031
    },
    {
      "date": "2021-10-30T00:00:00",
      "quarter_label": "2021-10 (Q4)",
      "revenue": 95139000,
      "gross_profit": 49614000,
      "operating_income": null,
      "net_income": 5923000,
      "opex": null,
      "cogs": 45525000,
      "rd": null,
      "sga": 41709000,
      "fcf": -4250000,
      "ocf": -1159000,
      "capex": -3091000,
      "gross_margin": 0.5214896099391417,
      "op_margin": null,
      "fcf_margin": -0.044671480675643006,
      "fcf_margin_change": -0.1003572335681352
    },
    {
      "date": "2021-10-31T00:00:00",
      "quarter_label": "2021-10 (Q4)",
      "revenue": 95139000,
      "gross_profit": null,
      "operating_income": null,
      "net_income": null,
      "opex": null,
      "cogs": null,
      "rd": null,
      "sga": null,
      "fcf": null,
      "ocf": null,
      "capex": null,
      "gross_margin": null,
      "op_margin": null,
      "fcf_margin": null
    },
    {
      "date": "2022-01-29T00:00:00",
      "quarter_label": "2022-01 (Q1)",
      "revenue": 129962000,
      "gross_profit": 69513000,
      "operating_income": null,
      "net_income": 24127000,
      "opex": null,
      "cogs": 60449000,
      "rd": null,
      "sga": 49380000,
      "fcf": 7356000,
      "ocf": 10842000,
      "capex": -3486000,
      "gross_margin": 0.5348717317369692,
      "op_margin": null,
      "fcf_margin": 0.05660116033917607
    },
    {
      "date": "2022-04-30T00:00:00",
      "quarter_label": "2022-04 (Q2)",
      "revenue": 117662000,
      "gross_profit": 61828000,
      "operating_income": null,
      "net_income": 14190000,
      "opex": null,
      "cogs": 55834000,
      "rd": null,
      "sga": 43620000,
      "fcf": 3397000,
      "ocf": 4467000,
      "capex": -1070000,
      "gross_margin": 0.5254712651493261,
      "op_margin": null,
      "fcf_margin": 0.02887083340415767,
      "rev_growth_yoy": 0.2832168213495032,
      "fcf_margin_change": -0.027730326935018396
    },
    {
      "date": "2022-07-30T00:00:00",
      "quarter_label": "2022-07 (Q3)",
      "revenue": 100685000,
      "gross_profit": 49912000,
      "operating_income": null,
      "net_income": 5829000,
      "opex": null,
      "cogs": 50773000,
      "rd": null,
      "sga": 42264000,
      "fcf": -771000,
      "ocf": 2223000,
      "capex": -2994000,
      "gross_margin": 0.4957242886229329,
      "op_margin": null,
      "fcf_margin": -0.007657545811193326,
      "rev_growth_yoy": 0.06288531374039355,
      "rev_growth_yoy_accel": -0.22033150760910966,
      "fcf_margin_change": -0.036528379215351
    },
    {
      "date": "2022-10-29T00:00:00",
      "quarter_label": "2022-10 (Q4)",
      "revenue": 104480000,
      "gross_profit": 54330000,
      "operating_income": null,
      "net_income": 7455000,
      "opex": null,
      "cogs": 50150000,
      "rd": null,
      "sga": 44436000,
      "fcf": 1869000,
      "ocf": 4557000,
      "capex": -2688000,
      "gross_margin": 0.5200038284839203,
      "op_margin": null,
      "fcf_margin": 0.017888591117917303,
      "rev_growth_yoy": 0.09818265905674854,
      "rev_growth_yoy_accel": 0.03529734531635499,
      "fcf_margin_change": 0.02554613692911063
    },
    {
      "date": "2023-01-28T00:00:00",
      "quarter_label": "2023-01 (Q1)",
      "revenue": 145110000,
      "gross_profit": 79803000,
      "operating_income": null,
      "net_income": 20510000,
      "opex": null,
      "cogs": 65307000,
      "rd": null,
      "sga": 53609000,
      "fcf": 29147000,
      "ocf": 36029000,
      "capex": -6882000,
      "gross_margin": 0.5499483150713252,
      "op_margin": null,
      "fcf_margin": 0.2008614154779133,
      "rev_growth_yoy": 0.11655714747387698,
      "rev_growth_yoy_accel": 0.018374488417128437,
      "fcf_margin_change": 0.182972824359996
    },
    {
      "date": "2023-04-29T00:00:00",
      "quarter_label": "2023-04 (Q2)",
      "revenue": 120050000,
      "gross_profit": 64903000,
      "operating_income": null,
      "net_income": 14608000,
      "opex": null,
      "cogs": 55147000,
      "rd": null,
      "sga": 45626000,
      "fcf": 15721000,
      "ocf": 18786000,
      "capex": -3065000,
      "gross_margin": 0.5406330695543523,
      "op_margin": null,
      "fcf_margin": 0.13095376926280716,
      "rev_growth_yoy": 0.02029542248134487,
      "rev_growth_yoy_accel": -0.0962617249925321,
      "fcf_margin_change": -0.06990764621510615
    },
    {
      "date": "2023-07-29T00:00:00",
      "quarter_label": "2023-07 (Q3)",
      "revenue": 109225000,
      "gross_profit": 58636000,
      "operating_income": null,
      "net_income": 8338000,
      "opex": null,
      "cogs": 50589000,
      "rd": null,
      "sga": 48324000,
      "fcf": 9954000,
      "ocf": 13027000,
      "capex": -3073000,
      "gross_margin": 0.5368368047608149,
      "op_margin": null,
      "fcf_margin": 0.09113298237582972,
      "rev_growth_yoy": 0.08481898991905448,
      "rev_growth_yoy_accel": 0.06452356743770961,
      "fcf_margin_change": -0.03982078688697745
    },
    {
      "date": "2023-10-28T00:00:00",
      "quarter_label": "2023-10 (Q4)",
      "revenue": 107562000,
      "gross_profit": 56633000,
      "operating_income": null,
      "net_income": 7586000,
      "opex": null,
      "cogs": 50929000,
      "rd": null,
      "sga": 46566000,
      "fcf": -4059000,
      "ocf": 927000,
      "capex": -4986000,
      "gross_margin": 0.526514940220524,
      "op_margin": null,
      "fcf_margin": -0.037736375299827075,
      "rev_growth_yoy": 0.029498468606431853,
      "rev_growth_yoy_accel": -0.055320521312622634,
      "fcf_margin_change": -0.1288693576756568
    },
    {
      "date": "2024-02-03T00:00:00",
      "quarter_label": "2024-02 (Q1)",
      "revenue": 149277000,
      "gross_profit": 84220000,
      "operating_income": null,
      "net_income": 22273000,
      "opex": null,
      "cogs": 65057000,
      "rd": null,
      "sga": 58476000,
      "fcf": 24399000,
      "ocf": 31570000,
      "capex": -7171000,
      "gross_margin": 0.5641860433958346,
      "op_margin": null,
      "fcf_margin": 0.16344781848509818,
      "rev_growth_yoy": 0.02871614637171801,
      "rev_growth_yoy_accel": -0.0007823222347138441,
      "fcf_margin_change": 0.20118419378492525
    },
    {
      "date": "2024-05-04T00:00:00",
      "quarter_label": "2024-05 (Q2)",
      "revenue": 114730000,
      "gross_profit": 62165000,
      "operating_income": null,
      "net_income": 11459000,
      "opex": null,
      "cogs": 52565000,
      "rd": null,
      "sga": 47562000,
      "fcf": 7935000,
      "ocf": 10365000,
      "capex": -2430000,
      "gross_margin": 0.5418373572735988,
      "op_margin": null,
      "fcf_margin": 0.06916238124291815,
      "rev_growth_yoy": -0.044314868804664724,
      "rev_growth_yoy_accel": -0.07303101517638273,
      "fcf_margin_change": -0.09428543724218003
    },
    {
      "date": "2024-08-03T00:00:00",
      "quarter_label": "2024-08 (Q3)",
      "revenue": 111798000,
      "gross_profit": 60569000,
      "operating_income": null,
      "net_income": 8778000,
      "opex": null,
      "cogs": 51229000,
      "rd": null,
      "sga": 49212000,
      "fcf": -1222000,
      "ocf": 2048000,
      "capex": -3270000,
      "gross_margin": 0.5417717669367967,
      "op_margin": null,
      "fcf_margin": -0.010930428093525823,
      "rev_growth_yoy": 0.023556878004119937,
      "rev_growth_yoy_accel": 0.06787174680878466,
      "fcf_margin_change": -0.08009280933644397
    },
    {
      "date": "2024-11-02T00:00:00",
      "quarter_label": "2024-11 (Q4)",
      "revenue": 119430000,
      "gross_profit": 64640000,
      "operating_income": null,
      "net_income": 9871000,
      "opex": null,
      "cogs": 54790000,
      "rd": null,
      "sga": 51668000,
      "fcf": 11292000,
      "ocf": 15163000,
      "capex": -3871000,
      "gross_margin": 0.5412375450054425,
      "op_margin": null,
      "fcf_margin": 0.09454910826425521,
      "rev_growth_yoy": 0.11033636414347074,
      "rev_growth_yoy_accel": 0.0867794861393508,
      "fcf_margin_change": 0.10547953635778103
    },
    {
      "date": "2025-02-01T00:00:00",
      "quarter_label": "2025-02 (Q1)",
      "revenue": 150446000,
      "gross_profit": 85144000,
      "operating_income": null,
      "net_income": 21678000,
      "opex": null,
      "cogs": 65302000,
      "rd": null,
      "sga": 57796000,
      "fcf": 9765000,
      "ocf": 19511000,
      "capex": -9746000,
      "gross_margin": 0.5659439267245391,
      "op_margin": null,
      "fcf_margin": 0.06490700982412294,
      "rev_growth_yoy": 0.007831079134762891,
      "rev_growth_yoy_accel": -0.10250528500870786,
      "fcf_margin_change": -0.02964209844013227
    },
    {
      "date": "2025-05-03T00:00:00",
      "quarter_label": "2025-05 (Q2)",
      "revenue": 128395000,
      "gross_profit": 72986000,
      "operating_income": null,
      "net_income": 15319000,
      "opex": null,
      "cogs": 55409000,
      "rd": null,
      "sga": 53555000,
      "fcf": 24896000,
      "ocf": 27803000,
      "capex": -2907000,
      "gross_margin": 0.5684489271389073,
      "op_margin": null,
      "fcf_margin": 0.19390163168347677,
      "rev_growth_yoy": 0.11910572648827683,
      "rev_growth_yoy_accel": 0.11127464735351394,
      "fcf_margin_change": 0.12899462185935384
    },
    {
      "date": "2025-08-02T00:00:00",
      "quarter_label": "2025-08 (Q3)",
      "revenue": 124247000,
      "gross_profit": 71511000,
      "operating_income": null,
      "net_income": 12367000,
      "opex": null,
      "cogs": 52736000,
      "rd": null,
      "sga": 56399000,
      "fcf": 793000,
      "ocf": 4214000,
      "capex": -3421000,
      "gross_margin": 0.5755551441885921,
      "op_margin": null,
      "fcf_margin": 0.006382447865944449,
      "rev_growth_yoy": 0.11135261811481421,
      "rev_growth_yoy_accel": -0.007753108373462617,
      "fcf_margin_change": -0.18751918381753233
    },
    {
      "date": "2025-11-01T00:00:00",
      "quarter_label": "2025-11 (Q4)",
      "revenue": 122679000,
      "gross_profit": 65822000,
      "operating_income": null,
      "net_income": 8122000,
      "opex": null,
      "cogs": 56857000,
      "rd": null,
      "sga": 55314000,
      "fcf": 1700000,
      "ocf": 8243000,
      "capex": -6543000,
      "gross_margin": 0.5365384458627801,
      "op_margin": null,
      "fcf_margin": 0.01385730239079223,
      "rev_growth_yoy": 0.02720422004521477,
      "rev_growth_yoy_accel": -0.08414839806959945,
      "fcf_margin_change": 0.007474854524847781
    }
  ],
  "signals": [
    {
      "quarter": "2025-11 (Q4)",
      "signal": "YoY REVENUE GROWTH DECELERATION",
      "detail": "YoY growth: +2.7% vs prior quarter YoY: +11.1% (decel: -8.4%)",
      "severity": "WARNING"
    },
    {
      "quarter": "2025-05 (Q2)",
      "signal": "FCF MARGIN EXPANSION",
      "detail": "FCF margin: +6.5% -> +19.4% (+12.9%)",
      "severity": "MEDIUM"
    },
    {
      "quarter": "2025-05 (Q2)",
      "signal": "YoY REVENUE GROWTH ACCELERATION",
      "detail": "YoY growth: +11.9% vs prior quarter YoY: +0.8% (accel: +11.1%)",
      "severity": "MEDIUM"
    },
    {
      "quarter": "2025-02 (Q1)",
      "signal": "GROSS MARGIN INFLECTION",
      "detail": "GM: +54.2% -> +54.1% -> +56.6% (reversal +2.5%)",
      "severity": "MEDIUM"
    },
    {
      "quarter": "2025-02 (Q1)",
      "signal": "YoY REVENUE GROWTH DECELERATION",
      "detail": "YoY growth: +0.8% vs prior quarter YoY: +11.0% (decel: -10.3%)",
      "severity": "WARNING"
    },
    {
      "quarter": "2024-11 (Q4)",
      "signal": "FCF TURNED POSITIVE",
      "detail": "FCF margin: -1.1% -> +9.5%",
      "severity": "HIGH"
    },
    {
      "quarter": "2024-11 (Q4)",
      "signal": "YoY REVENUE GROWTH ACCELERATION",
      "detail": "YoY growth: +11.0% vs prior quarter YoY: +2.4% (accel: +8.7%)",
      "severity": "MEDIUM"
    },
    {
      "quarter": "2024-08 (Q3)",
      "signal": "YoY REVENUE GROWTH ACCELERATION",
      "detail": "YoY growth: +2.4% vs prior quarter YoY: -4.4% (accel: +6.8%)",
      "severity": "MEDIUM"
    },
    {
      "quarter": "2024-05 (Q2)",
      "signal": "YoY REVENUE GROWTH DECELERATION",
      "detail": "YoY growth: -4.4% vs prior quarter YoY: +2.9% (decel: -7.3%)",
      "severity": "WARNING"
    },
    {
      "quarter": "2024-02 (Q1)",
      "signal": "FCF TURNED POSITIVE",
      "detail": "FCF margin: -3.8% -> +16.3%",
      "severity": "HIGH"
    },
    {
      "quarter": "2024-02 (Q1)",
      "signal": "GROSS MARGIN INFLECTION",
      "detail": "GM: +53.7% -> +52.7% -> +56.4% (reversal +3.8%)",
      "severity": "MEDIUM"
    },
    {
      "quarter": "2023-10 (Q4)",
      "signal": "YoY REVENUE GROWTH DECELERATION",
      "detail": "YoY growth: +2.9% vs prior quarter YoY: +8.5% (decel: -5.5%)",
      "severity": "WARNING"
    },
    {
      "quarter": "2023-07 (Q3)",
      "signal": "YoY REVENUE GROWTH ACCELERATION",
      "detail": "YoY growth: +8.5% vs prior quarter YoY: +2.0% (accel: +6.5%)",
      "severity": "MEDIUM"
    },
    {
      "quarter": "2023-04 (Q2)",
      "signal": "YoY REVENUE GROWTH DECELERATION",
      "detail": "YoY growth: +2.0% vs prior quarter YoY: +11.7% (decel: -9.6%)",
      "severity": "WARNING"
    },
    {
      "quarter": "2023-01 (Q1)",
      "signal": "FCF MARGIN EXPANSION",
      "detail": "FCF margin: +1.8% -> +20.1% (+18.3%)",
      "severity": "MEDIUM"
    },
    {
      "quarter": "2022-10 (Q4)",
      "signal": "FCF TURNED POSITIVE",
      "detail": "FCF margin: -0.8% -> +1.8%",
      "severity": "HIGH"
    },
    {
      "quarter": "2022-10 (Q4)",
      "signal": "GROSS MARGIN INFLECTION",
      "detail": "GM: +52.5% -> +49.6% -> +52.0% (reversal +2.4%)",
      "severity": "MEDIUM"
    },
    {
      "quarter": "2022-07 (Q3)",
      "signal": "YoY REVENUE GROWTH DECELERATION",
      "detail": "YoY growth: +6.3% vs prior quarter YoY: +28.3% (decel: -22.0%)",
      "severity": "WARNING"
    }
  ],
  "data_quality": {
    "n_quarters": 20,
    "coverage": {
      "revenue": [
        20,
        20
      ],
      "gross_profit": [
        19,
        20
      ],
      "op_income": [
        0,
        20
      ],
      "fcf": [
        19,
        20
      ]
    },
    "gaps": [],
    "warnings": [
      "op_income: no data"
    ]
  },
  "market_cap": null,
  "source": "SEC EDGAR",
  "last_updated": "2026-02-02T22:08:57.559798",
  "sector": "Consumer Cyclical",
  "industry": "Specialty Retail"
}