{
  "ticker": "BBXIA",
  "name": "BBX Capital, Inc.",
  "quarters": [
    {
      "date": "2020-03-31T00:00:00",
      "quarter_label": "2020-03 (Q1)",
      "revenue": 48181000,
      "gross_profit": null,
      "operating_income": -31474000,
      "net_income": -21923000,
      "opex": 79655000,
      "cogs": null,
      "rd": null,
      "sga": 21320000,
      "fcf": -8025000,
      "ocf": -4477000,
      "capex": -3548000,
      "gross_margin": null,
      "op_margin": -0.6532450551047093,
      "fcf_margin": -0.1665594321413005
    },
    {
      "date": "2020-06-30T00:00:00",
      "quarter_label": "2020-06 (Q2)",
      "revenue": 26604000,
      "gross_profit": null,
      "operating_income": -13637000,
      "net_income": -8657000,
      "opex": 40241000,
      "cogs": null,
      "rd": null,
      "sga": 13718000,
      "fcf": -4405000,
      "ocf": -4379000,
      "capex": -26000,
      "gross_margin": null,
      "op_margin": -0.5125920914148249,
      "fcf_margin": -0.16557660502180124,
      "fcf_margin_change": 0.0009828271194992633
    },
    {
      "date": "2020-09-30T00:00:00",
      "quarter_label": "2020-09 (Q3)",
      "revenue": 42205000,
      "gross_profit": null,
      "operating_income": -6446000,
      "net_income": -8252000,
      "opex": 48651000,
      "cogs": null,
      "rd": null,
      "sga": 18110000,
      "fcf": 662000,
      "ocf": 1120000,
      "capex": -458000,
      "gross_margin": null,
      "op_margin": -0.1527307191091103,
      "fcf_margin": 0.01568534533823007,
      "op_leverage_ratio": 2.8059392649420545,
      "fcf_margin_change": 0.18126195036003132
    },
    {
      "date": "2020-12-31T00:00:00",
      "quarter_label": "2020-12 (Q4)",
      "revenue": 56239000,
      "gross_profit": null,
      "operating_income": -3427000,
      "net_income": -3455000,
      "opex": 59666000,
      "cogs": null,
      "rd": null,
      "sga": 12733000,
      "fcf": 240000,
      "ocf": 1553000,
      "capex": -1313000,
      "gross_margin": null,
      "op_margin": -0.0609363608883515,
      "fcf_margin": 0.004267501200234712,
      "op_leverage_ratio": 1.4686720755312987,
      "fcf_margin_change": -0.011417844137995356
    },
    {
      "date": "2021-03-31T00:00:00",
      "quarter_label": "2021-03 (Q1)",
      "revenue": 61875000,
      "gross_profit": null,
      "operating_income": 4144000,
      "net_income": 2345000,
      "opex": 57731000,
      "cogs": null,
      "rd": null,
      "sga": 13198000,
      "fcf": 3524000,
      "ocf": 3790000,
      "capex": -266000,
      "gross_margin": null,
      "op_margin": 0.06697373737373738,
      "fcf_margin": 0.05695353535353535,
      "incr_op_margin_yoy": 2.6009931356798597,
      "rev_growth_yoy": 0.2842199207156348,
      "op_leverage_ratio": Infinity,
      "fcf_margin_change": 0.05268603415330064
    },
    {
      "date": "2021-06-30T00:00:00",
      "quarter_label": "2021-06 (Q2)",
      "revenue": 61718000,
      "gross_profit": null,
      "operating_income": 5387000,
      "net_income": 20120000,
      "opex": 56331000,
      "cogs": null,
      "rd": null,
      "sga": 14039000,
      "fcf": 7383000,
      "ocf": 9219000,
      "capex": -1836000,
      "gross_margin": null,
      "op_margin": 0.08728409864221134,
      "fcf_margin": 0.11962474480702551,
      "incr_op_margin_yoy": 0.5417782081221165,
      "rev_growth_yoy": 1.3198767102691324,
      "rev_growth_yoy_accel": 1.0356567895534976,
      "fcf_margin_change": 0.06267120945349015
    },
    {
      "date": "2021-09-30T00:00:00",
      "quarter_label": "2021-09 (Q3)",
      "revenue": 91791000,
      "gross_profit": null,
      "operating_income": 13527000,
      "net_income": 19192000,
      "opex": 78264000,
      "cogs": null,
      "rd": null,
      "sga": 22670000,
      "fcf": 13350000,
      "ocf": 16502000,
      "capex": -3152000,
      "gross_margin": null,
      "op_margin": 0.14736738895970194,
      "fcf_margin": 0.14543909533614408,
      "incr_op_margin_yoy": 0.40279514379058606,
      "rev_growth_yoy": 1.1748844923587252,
      "rev_growth_yoy_accel": -0.14499221791040728,
      "op_leverage_ratio": 1.2514523914436138,
      "fcf_margin_change": 0.025814350529118568
    },
    {
      "date": "2021-12-31T00:00:00",
      "quarter_label": "2021-12 (Q4)",
      "revenue": 98213000,
      "gross_profit": null,
      "operating_income": 5986000,
      "net_income": 5254000,
      "opex": 92227000,
      "cogs": null,
      "rd": null,
      "sga": 26107000,
      "fcf": 5045000,
      "ocf": 8317000,
      "capex": -3272000,
      "gross_margin": null,
      "op_margin": 0.060949161516296216,
      "fcf_margin": 0.05136794518037327,
      "incr_op_margin_yoy": 0.22425787392195168,
      "rev_growth_yoy": 0.7463503974110492,
      "rev_growth_yoy_accel": -0.4285340949476759,
      "op_leverage_ratio": 0.3921511586407501,
      "fcf_margin_change": -0.0940711501557708
    },
    {
      "date": "2022-03-31T00:00:00",
      "quarter_label": "2022-03 (Q1)",
      "revenue": 75476000,
      "gross_profit": null,
      "operating_income": -5081000,
      "net_income": -1816000,
      "opex": 80557000,
      "cogs": null,
      "rd": null,
      "sga": 27364000,
      "fcf": -10236000,
      "ocf": -8352000,
      "capex": -1884000,
      "gross_margin": null,
      "op_margin": -0.06731941279347077,
      "fcf_margin": -0.13561926970162702,
      "incr_op_margin_yoy": -0.6782589515476803,
      "rev_growth_yoy": 0.2198141414141414,
      "rev_growth_yoy_accel": -0.5265362559969078,
      "fcf_margin_change": -0.1869872148820003
    },
    {
      "date": "2022-06-30T00:00:00",
      "quarter_label": "2022-06 (Q2)",
      "revenue": 83693000,
      "gross_profit": null,
      "operating_income": -3064000,
      "net_income": 10455000,
      "opex": 86757000,
      "cogs": null,
      "rd": null,
      "sga": 30061000,
      "fcf": 9888000,
      "ocf": 13954000,
      "capex": -4066000,
      "gross_margin": null,
      "op_margin": -0.03660999127764568,
      "fcf_margin": 0.11814608151219337,
      "incr_op_margin_yoy": -0.3845733788395904,
      "rev_growth_yoy": 0.35605495965520595,
      "rev_growth_yoy_accel": 0.13624081824106454,
      "op_leverage_ratio": 1.414542518536121,
      "fcf_margin_change": 0.2537653512138204
    },
    {
      "date": "2022-09-30T00:00:00",
      "quarter_label": "2022-09 (Q3)",
      "revenue": 75234000,
      "gross_profit": null,
      "operating_income": -9100000,
      "net_income": 4024000,
      "opex": 84334000,
      "cogs": null,
      "rd": null,
      "sga": 29073000,
      "fcf": 7208000,
      "ocf": 11319000,
      "capex": -4111000,
      "gross_margin": null,
      "op_margin": -0.12095595076694048,
      "fcf_margin": 0.09580774649759417,
      "incr_op_margin_yoy": 1.366612308993175,
      "rev_growth_yoy": -0.18037716115959082,
      "rev_growth_yoy_accel": -0.5364321208147967,
      "fcf_margin_change": -0.022338335014599198
    },
    {
      "date": "2022-12-31T00:00:00",
      "quarter_label": "2022-12 (Q4)",
      "revenue": 107642000,
      "gross_profit": null,
      "operating_income": 19778000,
      "net_income": 15357000,
      "opex": 87864000,
      "cogs": null,
      "rd": null,
      "sga": 29717000,
      "fcf": 14737000,
      "ocf": 19415000,
      "capex": -4678000,
      "gross_margin": null,
      "op_margin": 0.18373868935917206,
      "fcf_margin": 0.13690752680180598,
      "incr_op_margin_yoy": 1.4627213914519037,
      "rev_growth_yoy": 0.096005620437213,
      "rev_growth_yoy_accel": 0.27638278159680385,
      "op_leverage_ratio": 10.2912012613187,
      "fcf_margin_change": 0.04109978030421181
    },
    {
      "date": "2023-03-31T00:00:00",
      "quarter_label": "2023-03 (Q1)",
      "revenue": 94998000,
      "gross_profit": null,
      "operating_income": -11089000,
      "net_income": 7903000,
      "opex": 106087000,
      "cogs": null,
      "rd": null,
      "sga": 33778000,
      "fcf": -19071000,
      "ocf": -13657000,
      "capex": -5414000,
      "gross_margin": null,
      "op_margin": -0.11672877323733132,
      "fcf_margin": -0.2007515947704162,
      "incr_op_margin_yoy": -0.3077553529351501,
      "rev_growth_yoy": 0.2586517568498596,
      "rev_growth_yoy_accel": 0.16264613641264658,
      "fcf_margin_change": -0.3376591215722222
    },
    {
      "date": "2023-06-30T00:00:00",
      "quarter_label": "2023-06 (Q2)",
      "revenue": 106844000,
      "gross_profit": null,
      "operating_income": -9670000,
      "net_income": -8001000,
      "opex": 116514000,
      "cogs": null,
      "rd": null,
      "sga": 34306000,
      "fcf": 2067000,
      "ocf": 5713000,
      "capex": -3646000,
      "gross_margin": null,
      "op_margin": -0.09050578413387743,
      "fcf_margin": 0.019345962337613716,
      "incr_op_margin_yoy": -0.2853440456135804,
      "rev_growth_yoy": 0.27661811621043575,
      "rev_growth_yoy_accel": 0.017966359360576167,
      "op_leverage_ratio": 1.2687032749371274,
      "fcf_margin_change": 0.22009755710802992
    },
    {
      "date": "2023-09-30T00:00:00",
      "quarter_label": "2023-09 (Q3)",
      "revenue": 103339000,
      "gross_profit": null,
      "operating_income": -9585000,
      "net_income": -7825000,
      "opex": 112924000,
      "cogs": null,
      "rd": null,
      "sga": 34120000,
      "fcf": 11503000,
      "ocf": 13368000,
      "capex": -1865000,
      "gross_margin": null,
      "op_margin": -0.09275297806249334,
      "fcf_margin": 0.11131325056367877,
      "incr_op_margin_yoy": -0.017256715886852875,
      "rev_growth_yoy": 0.3735678017917431,
      "rev_growth_yoy_accel": 0.09694968558130734,
      "fcf_margin_change": 0.09196728822606506
    },
    {
      "date": "2023-12-31T00:00:00",
      "quarter_label": "2023-12 (Q4)",
      "revenue": 96137000,
      "gross_profit": null,
      "operating_income": -14873000,
      "net_income": -12875000,
      "opex": 111010000,
      "cogs": null,
      "rd": null,
      "sga": 33970000,
      "fcf": -20829000,
      "ocf": -16653000,
      "capex": -4176000,
      "gross_margin": null,
      "op_margin": -0.1547063045445562,
      "fcf_margin": -0.2166595587546938,
      "incr_op_margin_yoy": 3.0118209474141677,
      "rev_growth_yoy": -0.10688207205365935,
      "rev_growth_yoy_accel": -0.48044987384540244,
      "fcf_margin_change": -0.3279728093183726
    },
    {
      "date": "2024-03-31T00:00:00",
      "quarter_label": "2024-03 (Q1)",
      "revenue": 80967000,
      "gross_profit": null,
      "operating_income": -16816000,
      "net_income": -13036000,
      "opex": 97783000,
      "cogs": null,
      "rd": null,
      "sga": 35413000,
      "fcf": -30608000,
      "ocf": -28855000,
      "capex": -1753000,
      "gross_margin": null,
      "op_margin": -0.20768955253374832,
      "fcf_margin": -0.37803055565847815,
      "incr_op_margin_yoy": 0.4081676288218944,
      "rev_growth_yoy": -0.1476978462704478,
      "rev_growth_yoy_accel": -0.04081577421678845,
      "fcf_margin_change": -0.16137099690378434
    },
    {
      "date": "2024-06-30T00:00:00",
      "quarter_label": "2024-06 (Q2)",
      "revenue": 75222000,
      "gross_profit": null,
      "operating_income": -14567000,
      "net_income": -9979000,
      "opex": 89789000,
      "cogs": null,
      "rd": null,
      "sga": 33306000,
      "fcf": 4885000,
      "ocf": 7087000,
      "capex": -2202000,
      "gross_margin": null,
      "op_margin": -0.1936534524474223,
      "fcf_margin": 0.06494110765467549,
      "incr_op_margin_yoy": 0.15486054013028905,
      "rev_growth_yoy": -0.29596420950170343,
      "rev_growth_yoy_accel": -0.14826636323125564,
      "fcf_margin_change": 0.44297166331315363
    },
    {
      "date": "2024-09-30T00:00:00",
      "quarter_label": "2024-09 (Q3)",
      "revenue": 78448000,
      "gross_profit": null,
      "operating_income": -11263000,
      "net_income": -9910000,
      "opex": 89711000,
      "cogs": null,
      "rd": null,
      "sga": 34247000,
      "fcf": -8648000,
      "ocf": -7599000,
      "capex": -1049000,
      "gross_margin": null,
      "op_margin": -0.1435728125637365,
      "fcf_margin": -0.11023862941056496,
      "incr_op_margin_yoy": 0.0674139247117432,
      "rev_growth_yoy": -0.2408674363018802,
      "rev_growth_yoy_accel": 0.05509677319982323,
      "op_leverage_ratio": Infinity,
      "fcf_margin_change": -0.17517973706524045
    },
    {
      "date": "2024-12-31T00:00:00",
      "quarter_label": "2024-12 (Q4)",
      "revenue": 72625000,
      "gross_profit": null,
      "operating_income": -19740000,
      "net_income": -30971000,
      "opex": 92365000,
      "cogs": null,
      "rd": null,
      "sga": 32744000,
      "fcf": -6814000,
      "ocf": -4603000,
      "capex": -2211000,
      "gross_margin": null,
      "op_margin": -0.27180722891566267,
      "fcf_margin": -0.09382444061962135,
      "incr_op_margin_yoy": 0.20700068050357265,
      "rev_growth_yoy": -0.24456764825197375,
      "rev_growth_yoy_accel": -0.0037002119500935404,
      "fcf_margin_change": 0.016414188790943612
    }
  ],
  "signals": [
    {
      "quarter": "2024-09 (Q3)",
      "signal": "YoY REVENUE GROWTH ACCELERATION",
      "detail": "YoY growth: -24.1% vs prior quarter YoY: -29.6% (accel: +5.5%)",
      "severity": "MEDIUM"
    },
    {
      "quarter": "2024-06 (Q2)",
      "signal": "FCF TURNED POSITIVE",
      "detail": "FCF margin: -37.8% -> +6.5%",
      "severity": "HIGH"
    },
    {
      "quarter": "2024-06 (Q2)",
      "signal": "YoY REVENUE GROWTH DECELERATION",
      "detail": "YoY growth: -29.6% vs prior quarter YoY: -14.8% (decel: -14.8%)",
      "severity": "WARNING"
    },
    {
      "quarter": "2023-12 (Q4)",
      "signal": "YoY REVENUE GROWTH DECELERATION",
      "detail": "YoY growth: -10.7% vs prior quarter YoY: +37.4% (decel: -48.0%)",
      "severity": "WARNING"
    },
    {
      "quarter": "2023-09 (Q3)",
      "signal": "FCF MARGIN EXPANSION",
      "detail": "FCF margin: +1.9% -> +11.1% (+9.2%)",
      "severity": "MEDIUM"
    },
    {
      "quarter": "2023-09 (Q3)",
      "signal": "YoY REVENUE GROWTH ACCELERATION",
      "detail": "YoY growth: +37.4% vs prior quarter YoY: +27.7% (accel: +9.7%)",
      "severity": "MEDIUM"
    },
    {
      "quarter": "2023-06 (Q2)",
      "signal": "FCF TURNED POSITIVE",
      "detail": "FCF margin: -20.1% -> +1.9%",
      "severity": "HIGH"
    },
    {
      "quarter": "2023-03 (Q1)",
      "signal": "YoY REVENUE GROWTH ACCELERATION",
      "detail": "YoY growth: +25.9% vs prior quarter YoY: +9.6% (accel: +16.3%)",
      "severity": "HIGH"
    },
    {
      "quarter": "2022-12 (Q4)",
      "signal": "OPERATING LEVERAGE",
      "detail": "Rev growth +43.1% vs OpEx growth +4.2% (leverage: 10.3x)",
      "severity": "MEDIUM"
    },
    {
      "quarter": "2022-12 (Q4)",
      "signal": "YoY REVENUE GROWTH ACCELERATION",
      "detail": "YoY growth: +9.6% vs prior quarter YoY: -18.0% (accel: +27.6%)",
      "severity": "HIGH"
    },
    {
      "quarter": "2022-12 (Q4)",
      "signal": "INCREMENTAL MARGIN (YoY)",
      "detail": "YoY Incr OPM: +146.3% vs year-ago OPM: +6.1%",
      "severity": "HIGH"
    },
    {
      "quarter": "2022-12 (Q4)",
      "signal": "OP MARGIN TURNED POSITIVE (QoQ)",
      "detail": "Op margin: -12.1% -> +18.4%",
      "severity": "HIGH"
    },
    {
      "quarter": "2022-09 (Q3)",
      "signal": "YoY REVENUE GROWTH DECELERATION",
      "detail": "YoY growth: -18.0% vs prior quarter YoY: +35.6% (decel: -53.6%)",
      "severity": "WARNING"
    },
    {
      "quarter": "2022-06 (Q2)",
      "signal": "FCF TURNED POSITIVE",
      "detail": "FCF margin: -13.6% -> +11.8%",
      "severity": "HIGH"
    },
    {
      "quarter": "2022-06 (Q2)",
      "signal": "YoY REVENUE GROWTH ACCELERATION",
      "detail": "YoY growth: +35.6% vs prior quarter YoY: +22.0% (accel: +13.6%)",
      "severity": "MEDIUM"
    },
    {
      "quarter": "2022-03 (Q1)",
      "signal": "YoY REVENUE GROWTH DECELERATION",
      "detail": "YoY growth: +22.0% vs prior quarter YoY: +74.6% (decel: -52.7%)",
      "severity": "WARNING"
    },
    {
      "quarter": "2021-12 (Q4)",
      "signal": "YoY REVENUE GROWTH DECELERATION",
      "detail": "YoY growth: +74.6% vs prior quarter YoY: +117.5% (decel: -42.9%)",
      "severity": "WARNING"
    },
    {
      "quarter": "2021-12 (Q4)",
      "signal": "OP MARGIN TURNED POSITIVE (YoY)",
      "detail": "Op margin: -6.1% (year-ago) -> +6.1%",
      "severity": "HIGH"
    },
    {
      "quarter": "2021-09 (Q3)",
      "signal": "YoY REVENUE GROWTH DECELERATION",
      "detail": "YoY growth: +117.5% vs prior quarter YoY: +132.0% (decel: -14.5%)",
      "severity": "WARNING"
    },
    {
      "quarter": "2021-09 (Q3)",
      "signal": "OP MARGIN TURNED POSITIVE (YoY)",
      "detail": "Op margin: -15.3% (year-ago) -> +14.7%",
      "severity": "HIGH"
    },
    {
      "quarter": "2021-06 (Q2)",
      "signal": "FCF MARGIN EXPANSION",
      "detail": "FCF margin: +5.7% -> +12.0% (+6.3%)",
      "severity": "MEDIUM"
    },
    {
      "quarter": "2021-06 (Q2)",
      "signal": "YoY REVENUE GROWTH ACCELERATION",
      "detail": "YoY growth: +132.0% vs prior quarter YoY: +28.4% (accel: +103.6%)",
      "severity": "HIGH"
    },
    {
      "quarter": "2021-06 (Q2)",
      "signal": "OP MARGIN TURNED POSITIVE (YoY)",
      "detail": "Op margin: -51.3% (year-ago) -> +8.7%",
      "severity": "HIGH"
    },
    {
      "quarter": "2021-03 (Q1)",
      "signal": "FCF MARGIN EXPANSION",
      "detail": "FCF margin: +0.4% -> +5.7% (+5.3%)",
      "severity": "MEDIUM"
    },
    {
      "quarter": "2021-03 (Q1)",
      "signal": "OP MARGIN TURNED POSITIVE (YoY)",
      "detail": "Op margin: -65.3% (year-ago) -> +6.7%",
      "severity": "HIGH"
    },
    {
      "quarter": "2021-03 (Q1)",
      "signal": "OP MARGIN TURNED POSITIVE (QoQ)",
      "detail": "Op margin: -6.1% -> +6.7%",
      "severity": "HIGH"
    },
    {
      "quarter": "2020-09 (Q3)",
      "signal": "FCF TURNED POSITIVE",
      "detail": "FCF margin: -16.6% -> +1.6%",
      "severity": "HIGH"
    },
    {
      "quarter": "2020-09 (Q3)",
      "signal": "OPERATING LEVERAGE",
      "detail": "Rev growth +58.6% vs OpEx growth +20.9% (leverage: 2.8x)",
      "severity": "MEDIUM"
    }
  ],
  "data_quality": {
    "n_quarters": 20,
    "coverage": {
      "revenue": [
        20,
        20
      ],
      "gross_profit": [
        0,
        20
      ],
      "op_income": [
        20,
        20
      ],
      "fcf": [
        20,
        20
      ]
    },
    "gaps": [],
    "warnings": [
      "gross_profit: no data"
    ]
  },
  "market_cap": null,
  "source": "SEC EDGAR",
  "last_updated": "2026-02-03T01:00:06.149024",
  "sector": "Industrials",
  "industry": "Conglomerates"
}