{
  "ticker": "BCG",
  "name": "Binah Capital Group,\u00a0Inc.",
  "quarters": [
    {
      "date": "2023-03-31T00:00:00",
      "quarter_label": "2023-03 (Q1)",
      "revenue": 43385000,
      "gross_profit": null,
      "operating_income": null,
      "net_income": null,
      "opex": 42028000,
      "cogs": null,
      "rd": null,
      "sga": null,
      "fcf": 294000,
      "ocf": 381000,
      "capex": -87000,
      "gross_margin": null,
      "op_margin": null,
      "fcf_margin": 0.006776535669010026
    },
    {
      "date": "2023-06-30T00:00:00",
      "quarter_label": "2023-06 (Q2)",
      "revenue": 40439000,
      "gross_profit": null,
      "operating_income": null,
      "net_income": null,
      "opex": 40062000,
      "cogs": null,
      "rd": null,
      "sga": null,
      "fcf": -178000,
      "ocf": -177000,
      "capex": -1000,
      "gross_margin": null,
      "op_margin": null,
      "fcf_margin": -0.004401691436484582,
      "fcf_margin_change": -0.011178227105494608
    },
    {
      "date": "2023-09-30T00:00:00",
      "quarter_label": "2023-09 (Q3)",
      "revenue": 42850000,
      "gross_profit": null,
      "operating_income": null,
      "net_income": null,
      "opex": 42849000,
      "cogs": null,
      "rd": null,
      "sga": null,
      "fcf": 158000,
      "ocf": 158000,
      "capex": null,
      "gross_margin": null,
      "op_margin": null,
      "fcf_margin": 0.003687281213535589,
      "op_leverage_ratio": 0.8570229673360701,
      "fcf_margin_change": 0.008088972650020171
    },
    {
      "date": "2023-12-31T00:00:00",
      "quarter_label": "2023-12 (Q4)",
      "revenue": 41282000,
      "gross_profit": null,
      "operating_income": null,
      "net_income": null,
      "opex": 42530000,
      "cogs": null,
      "rd": null,
      "sga": null,
      "fcf": 2199000,
      "ocf": 2191000,
      "capex": 8000,
      "gross_margin": null,
      "op_margin": null,
      "fcf_margin": 0.053267768034494456,
      "fcf_margin_change": 0.04958048682095886
    },
    {
      "date": "2024-03-31T00:00:00",
      "quarter_label": "2024-03 (Q1)",
      "revenue": 41449000,
      "gross_profit": null,
      "operating_income": null,
      "net_income": -2311000,
      "opex": 42891000,
      "cogs": null,
      "rd": null,
      "sga": null,
      "fcf": -3147000,
      "ocf": -3136000,
      "capex": -11000,
      "gross_margin": null,
      "op_margin": null,
      "fcf_margin": -0.07592463026852277,
      "rev_growth_yoy": -0.04462371787484153,
      "fcf_margin_change": -0.1291923983030172
    },
    {
      "date": "2024-06-30T00:00:00",
      "quarter_label": "2024-06 (Q2)",
      "revenue": 40648000,
      "gross_profit": null,
      "operating_income": null,
      "net_income": -736000,
      "opex": 41171000,
      "cogs": null,
      "rd": null,
      "sga": null,
      "fcf": 1016000,
      "ocf": 1023000,
      "capex": -7000,
      "gross_margin": null,
      "op_margin": null,
      "fcf_margin": 0.024995079708718757,
      "rev_growth_yoy": 0.00516827814733302,
      "rev_growth_yoy_accel": 0.04979199602217455,
      "fcf_margin_change": 0.10091970997724152
    },
    {
      "date": "2024-09-30T00:00:00",
      "quarter_label": "2024-09 (Q3)",
      "revenue": 42197000,
      "gross_profit": null,
      "operating_income": null,
      "net_income": -1150000,
      "opex": 42810000,
      "cogs": null,
      "rd": null,
      "sga": null,
      "fcf": -320000,
      "ocf": -320000,
      "capex": null,
      "gross_margin": null,
      "op_margin": null,
      "fcf_margin": -0.00758347749840036,
      "rev_growth_yoy": -0.015239206534422404,
      "rev_growth_yoy_accel": -0.020407484681755423,
      "op_leverage_ratio": 0.9572485076717518,
      "fcf_margin_change": -0.032578557207119115
    },
    {
      "date": "2024-12-31T00:00:00",
      "quarter_label": "2024-12 (Q4)",
      "revenue": 44608000,
      "gross_profit": null,
      "operating_income": null,
      "net_income": -1095000,
      "opex": 45178000,
      "cogs": null,
      "rd": null,
      "sga": null,
      "fcf": 1749000,
      "ocf": 1816000,
      "capex": -67000,
      "gross_margin": null,
      "op_margin": null,
      "fcf_margin": 0.0392082137733142,
      "rev_growth_yoy": 0.08056780194758006,
      "rev_growth_yoy_accel": 0.09580700848200246,
      "op_leverage_ratio": 1.0329496773179085,
      "fcf_margin_change": 0.046791691271714564
    },
    {
      "date": "2025-03-31T00:00:00",
      "quarter_label": "2025-03 (Q1)",
      "revenue": 48936000,
      "gross_profit": null,
      "operating_income": null,
      "net_income": 1033000,
      "opex": 47479000,
      "cogs": null,
      "rd": null,
      "sga": null,
      "fcf": 1046000,
      "ocf": 1054000,
      "capex": -8000,
      "gross_margin": null,
      "op_margin": null,
      "fcf_margin": 0.021374856956024195,
      "rev_growth_yoy": 0.18063161958068952,
      "rev_growth_yoy_accel": 0.10006381763310945,
      "op_leverage_ratio": 1.904955708234895,
      "fcf_margin_change": -0.017833356817290008
    },
    {
      "date": "2025-06-30T00:00:00",
      "quarter_label": "2025-06 (Q2)",
      "revenue": 41497000,
      "gross_profit": null,
      "operating_income": null,
      "net_income": -654000,
      "opex": 42058000,
      "cogs": null,
      "rd": null,
      "sga": null,
      "fcf": 63000,
      "ocf": 63000,
      "capex": null,
      "gross_margin": null,
      "op_margin": null,
      "fcf_margin": 0.0015181820372557053,
      "rev_growth_yoy": 0.02088663648888014,
      "rev_growth_yoy_accel": -0.15974498309180937,
      "fcf_margin_change": -0.01985667491876849
    },
    {
      "date": "2025-09-30T00:00:00",
      "quarter_label": "2025-09 (Q3)",
      "revenue": 46198000,
      "gross_profit": null,
      "operating_income": null,
      "net_income": 1760000,
      "opex": 44248000,
      "cogs": null,
      "rd": null,
      "sga": null,
      "fcf": 884000,
      "ocf": 931000,
      "capex": -47000,
      "gross_margin": null,
      "op_margin": null,
      "fcf_margin": 0.019135027490367548,
      "rev_growth_yoy": 0.094817167097187,
      "rev_growth_yoy_accel": 0.07393053060830686,
      "op_leverage_ratio": 2.1755950009259624,
      "fcf_margin_change": 0.017616845453111842
    }
  ],
  "signals": [
    {
      "quarter": "2025-09 (Q3)",
      "signal": "OPERATING LEVERAGE",
      "detail": "Rev growth +11.3% vs OpEx growth +5.2% (leverage: 2.2x)",
      "severity": "MEDIUM"
    },
    {
      "quarter": "2025-09 (Q3)",
      "signal": "YoY REVENUE GROWTH ACCELERATION",
      "detail": "YoY growth: +9.5% vs prior quarter YoY: +2.1% (accel: +7.4%)",
      "severity": "MEDIUM"
    },
    {
      "quarter": "2025-06 (Q2)",
      "signal": "YoY REVENUE GROWTH DECELERATION",
      "detail": "YoY growth: +2.1% vs prior quarter YoY: +18.1% (decel: -16.0%)",
      "severity": "WARNING"
    },
    {
      "quarter": "2025-03 (Q1)",
      "signal": "OPERATING LEVERAGE",
      "detail": "Rev growth +9.7% vs OpEx growth +5.1% (leverage: 1.9x)",
      "severity": "MEDIUM"
    },
    {
      "quarter": "2025-03 (Q1)",
      "signal": "YoY REVENUE GROWTH ACCELERATION",
      "detail": "YoY growth: +18.1% vs prior quarter YoY: +8.1% (accel: +10.0%)",
      "severity": "MEDIUM"
    },
    {
      "quarter": "2024-12 (Q4)",
      "signal": "FCF TURNED POSITIVE",
      "detail": "FCF margin: -0.8% -> +3.9%",
      "severity": "HIGH"
    },
    {
      "quarter": "2024-12 (Q4)",
      "signal": "YoY REVENUE GROWTH ACCELERATION",
      "detail": "YoY growth: +8.1% vs prior quarter YoY: -1.5% (accel: +9.6%)",
      "severity": "MEDIUM"
    },
    {
      "quarter": "2024-06 (Q2)",
      "signal": "FCF TURNED POSITIVE",
      "detail": "FCF margin: -7.6% -> +2.5%",
      "severity": "HIGH"
    },
    {
      "quarter": "2023-09 (Q3)",
      "signal": "FCF TURNED POSITIVE",
      "detail": "FCF margin: -0.4% -> +0.4%",
      "severity": "HIGH"
    }
  ],
  "data_quality": {
    "n_quarters": 11,
    "coverage": {
      "revenue": [
        11,
        11
      ],
      "gross_profit": [
        0,
        11
      ],
      "op_income": [
        0,
        11
      ],
      "fcf": [
        11,
        11
      ]
    },
    "gaps": [],
    "warnings": [
      "gross_profit: no data",
      "op_income: no data"
    ]
  },
  "market_cap": null,
  "source": "SEC EDGAR",
  "last_updated": "2026-02-02T23:44:21.345516"
}