{
  "ticker": "BCO",
  "name": "BRINK\u2019S CO",
  "quarters": [
    {
      "date": "2020-12-31T00:00:00",
      "quarter_label": "2020-12 (Q4)",
      "revenue": 1021600000,
      "gross_profit": 264500000,
      "operating_income": 111900000,
      "net_income": 25200000,
      "opex": 912500000,
      "cogs": 757100000,
      "rd": null,
      "sga": null,
      "fcf": 190900000,
      "ocf": 230300000,
      "capex": -39400000,
      "gross_margin": 0.25890759592795615,
      "op_margin": 0.10953406421299922,
      "fcf_margin": 0.18686374314800314
    },
    {
      "date": "2021-03-31T00:00:00",
      "quarter_label": "2021-03 (Q1)",
      "revenue": 977700000,
      "gross_profit": 218900000,
      "operating_income": 61700000,
      "net_income": 12700000,
      "opex": 913100000,
      "cogs": 758800000,
      "rd": null,
      "sga": null,
      "fcf": -33700000,
      "ocf": -1500000,
      "capex": -32200000,
      "gross_margin": 0.2238928096553135,
      "op_margin": 0.06310729262554976,
      "fcf_margin": -0.03446865091541373,
      "fcf_margin_change": -0.22133239406341687
    },
    {
      "date": "2021-06-30T00:00:00",
      "quarter_label": "2021-06 (Q2)",
      "revenue": 1048800000,
      "gross_profit": 229600000,
      "operating_income": 73300000,
      "net_income": 23900000,
      "opex": 975000000,
      "cogs": 819200000,
      "rd": null,
      "sga": null,
      "fcf": 41500000,
      "ocf": 82500000,
      "capex": -41000000,
      "gross_margin": 0.21891685736079328,
      "op_margin": 0.06988939740655987,
      "fcf_margin": 0.03956903127383676,
      "op_leverage_ratio": 1.0727330950304883,
      "fcf_margin_change": 0.0740376821892505
    },
    {
      "date": "2021-09-30T00:00:00",
      "quarter_label": "2021-09 (Q3)",
      "revenue": 1075500000,
      "gross_profit": 237900000,
      "operating_income": 74200000,
      "net_income": 19000000,
      "opex": 999500000,
      "cogs": 837600000,
      "rd": null,
      "sga": null,
      "fcf": 152100000,
      "ocf": 192600000,
      "capex": -40500000,
      "gross_margin": 0.22119944211994422,
      "op_margin": 0.06899116689911669,
      "fcf_margin": 0.1414225941422594,
      "op_leverage_ratio": 1.0131111941344044,
      "fcf_margin_change": 0.10185356286842265
    },
    {
      "date": "2021-12-31T00:00:00",
      "quarter_label": "2021-12 (Q4)",
      "revenue": 1098200000,
      "gross_profit": 278000000,
      "operating_income": 145500000,
      "net_income": 49600000,
      "opex": 977900000,
      "cogs": 820200000,
      "rd": null,
      "sga": null,
      "fcf": 150200000,
      "ocf": 204400000,
      "capex": -54200000,
      "gross_margin": 0.2531415042797305,
      "op_margin": 0.13248952831906757,
      "fcf_margin": 0.13676925878710616,
      "incr_op_margin_yoy": 0.4386422976501306,
      "rev_growth_yoy": 0.0749804228660924,
      "op_leverage_ratio": Infinity,
      "fcf_margin_change": -0.004653335355153249
    },
    {
      "date": "2022-03-31T00:00:00",
      "quarter_label": "2022-03 (Q1)",
      "revenue": 1074000000,
      "gross_profit": 234300000,
      "operating_income": 62400000,
      "net_income": 71300000,
      "opex": 1011300000,
      "cogs": 839700000,
      "rd": null,
      "sga": null,
      "fcf": -113300000,
      "ocf": -76300000,
      "capex": -37000000,
      "gross_margin": 0.2181564245810056,
      "op_margin": 0.05810055865921788,
      "fcf_margin": -0.10549348230912477,
      "incr_op_margin_yoy": 0.007268951194184839,
      "rev_growth_yoy": 0.09849647131021785,
      "rev_growth_yoy_accel": 0.023516048444125456,
      "fcf_margin_change": -0.24226274109623092
    },
    {
      "date": "2022-06-30T00:00:00",
      "quarter_label": "2022-06 (Q2)",
      "revenue": 1133900000,
      "gross_profit": 266400000,
      "operating_income": 96500000,
      "net_income": 35100000,
      "opex": 1035000000,
      "cogs": 867500000,
      "rd": null,
      "sga": null,
      "fcf": 71000000,
      "ocf": 117400000,
      "capex": -46400000,
      "gross_margin": 0.23494135285298529,
      "op_margin": 0.08510450657024429,
      "fcf_margin": 0.06261575094805538,
      "incr_op_margin_yoy": 0.27262044653349,
      "rev_growth_yoy": 0.08114035087719298,
      "rev_growth_yoy_accel": -0.01735612043302487,
      "op_leverage_ratio": 2.3798753034910307,
      "fcf_margin_change": 0.16810923325718014
    },
    {
      "date": "2022-09-30T00:00:00",
      "quarter_label": "2022-09 (Q3)",
      "revenue": 1136700000,
      "gross_profit": 256000000,
      "operating_income": 59500000,
      "net_income": 19200000,
      "opex": 1061500000,
      "cogs": 880700000,
      "rd": null,
      "sga": null,
      "fcf": 111300000,
      "ocf": 159400000,
      "capex": -48100000,
      "gross_margin": 0.22521333685229172,
      "op_margin": 0.05234450602621624,
      "fcf_margin": 0.09791501715492214,
      "incr_op_margin_yoy": -0.24019607843137256,
      "rev_growth_yoy": 0.05690376569037657,
      "rev_growth_yoy_accel": -0.024236585186816414,
      "fcf_margin_change": 0.035299266206866756
    },
    {
      "date": "2022-12-31T00:00:00",
      "quarter_label": "2022-12 (Q4)",
      "revenue": 1190900000,
      "gross_profit": 316900000,
      "operating_income": 142900000,
      "net_income": 45000000,
      "opex": 1041100000,
      "cogs": 874000000,
      "rd": null,
      "sga": null,
      "fcf": 228300000,
      "ocf": 279400000,
      "capex": -51100000,
      "gross_margin": 0.2661012679486103,
      "op_margin": 0.11999328239146864,
      "fcf_margin": 0.1917037534637669,
      "incr_op_margin_yoy": -0.028047464940668825,
      "rev_growth_yoy": 0.08441085412493171,
      "rev_growth_yoy_accel": 0.02750708843455514,
      "op_leverage_ratio": Infinity,
      "fcf_margin_change": 0.09378873630884475
    },
    {
      "date": "2023-03-31T00:00:00",
      "quarter_label": "2023-03 (Q1)",
      "revenue": 1185400000,
      "gross_profit": 265100000,
      "operating_income": 79800000,
      "net_income": 15000000,
      "opex": 1097300000,
      "cogs": 920300000,
      "rd": null,
      "sga": null,
      "fcf": -90300000,
      "ocf": -45100000,
      "capex": -45200000,
      "gross_margin": 0.22363759068668804,
      "op_margin": 0.06731904842247342,
      "fcf_margin": -0.07617681795174625,
      "incr_op_margin_yoy": 0.1561938958707361,
      "rev_growth_yoy": 0.1037243947858473,
      "rev_growth_yoy_accel": 0.01931354066091559,
      "fcf_margin_change": -0.26788057141551314
    },
    {
      "date": "2023-06-30T00:00:00",
      "quarter_label": "2023-06 (Q2)",
      "revenue": 1216200000,
      "gross_profit": 272400000,
      "operating_income": 105600000,
      "net_income": 32100000,
      "opex": 1114400000,
      "cogs": 943800000,
      "rd": null,
      "sga": null,
      "fcf": 106200000,
      "ocf": 150400000,
      "capex": -44200000,
      "gross_margin": 0.22397631968426246,
      "op_margin": 0.08682782437099161,
      "fcf_margin": 0.08732116428219043,
      "incr_op_margin_yoy": 0.11057108140947752,
      "rev_growth_yoy": 0.07258135638063322,
      "rev_growth_yoy_accel": -0.031143038405214082,
      "op_leverage_ratio": 1.667305037804003,
      "fcf_margin_change": 0.1634979822339367
    },
    {
      "date": "2023-09-30T00:00:00",
      "quarter_label": "2023-09 (Q3)",
      "revenue": 1227400000,
      "gross_profit": 306400000,
      "operating_income": 137700000,
      "net_income": 45600000,
      "opex": 1091000000,
      "cogs": 921000000,
      "rd": null,
      "sga": null,
      "fcf": null,
      "ocf": null,
      "capex": -43700000,
      "gross_margin": 0.2496333713540818,
      "op_margin": 0.11218836565096953,
      "fcf_margin": null,
      "incr_op_margin_yoy": 0.8621830209481808,
      "rev_growth_yoy": 0.0797923814550893,
      "rev_growth_yoy_accel": 0.007211025074456076
    },
    {
      "date": "2023-12-31T00:00:00",
      "quarter_label": "2023-12 (Q4)",
      "revenue": 1245600000,
      "gross_profit": 323600000,
      "operating_income": 102100000,
      "net_income": -5000000,
      "opex": 1092500000,
      "cogs": 922000000,
      "rd": null,
      "sga": null,
      "fcf": null,
      "ocf": null,
      "capex": -69600000,
      "gross_margin": 0.25979447655748233,
      "op_margin": 0.08196852922286449,
      "fcf_margin": null,
      "incr_op_margin_yoy": -0.7458866544789763,
      "rev_growth_yoy": 0.04593164833319338,
      "rev_growth_yoy_accel": -0.033860733121895914,
      "op_leverage_ratio": 10.784965509749608
    },
    {
      "date": "2024-03-31T00:00:00",
      "quarter_label": "2024-03 (Q1)",
      "revenue": 1236100000,
      "gross_profit": 308900000,
      "operating_income": 120900000,
      "net_income": 49300000,
      "opex": 1127800000,
      "cogs": 927200000,
      "rd": null,
      "sga": null,
      "fcf": null,
      "ocf": null,
      "capex": -52200000,
      "gross_margin": 0.24989887549551007,
      "op_margin": 0.09780762074265836,
      "fcf_margin": null,
      "incr_op_margin_yoy": 0.8106508875739645,
      "rev_growth_yoy": 0.04277037286991733,
      "rev_growth_yoy_accel": -0.0031612754632760545
    },
    {
      "date": "2024-06-30T00:00:00",
      "quarter_label": "2024-06 (Q2)",
      "revenue": 1253100000,
      "gross_profit": 315300000,
      "operating_income": 116000000,
      "net_income": 46200000,
      "opex": 1132100000,
      "cogs": 937800000,
      "rd": null,
      "sga": null,
      "fcf": null,
      "ocf": null,
      "capex": -56700000,
      "gross_margin": 0.2516159923389993,
      "op_margin": 0.09257042534514404,
      "fcf_margin": null,
      "incr_op_margin_yoy": 0.28184281842818426,
      "rev_growth_yoy": 0.030340404538727182,
      "rev_growth_yoy_accel": -0.012429968331190144,
      "op_leverage_ratio": 3.607106371690407
    },
    {
      "date": "2024-09-30T00:00:00",
      "quarter_label": "2024-09 (Q3)",
      "revenue": 1258500000,
      "gross_profit": 314900000,
      "operating_income": 111600000,
      "net_income": 28900000,
      "opex": 1145900000,
      "cogs": 943600000,
      "rd": null,
      "sga": null,
      "fcf": 7400000,
      "ocf": 58400000,
      "capex": -51000000,
      "gross_margin": 0.2502185141040922,
      "op_margin": 0.08867699642431466,
      "fcf_margin": 0.005880015891934843,
      "incr_op_margin_yoy": -0.8392282958199357,
      "rev_growth_yoy": 0.025338113084569007,
      "rev_growth_yoy_accel": -0.005002291454158175
    },
    {
      "date": "2024-12-31T00:00:00",
      "quarter_label": "2024-12 (Q4)",
      "revenue": 1264200000,
      "gross_profit": 329700000,
      "operating_income": 104500000,
      "net_income": 38500000,
      "opex": 1171800000,
      "cogs": 934500000,
      "rd": null,
      "sga": null,
      "fcf": null,
      "ocf": null,
      "capex": -62600000,
      "gross_margin": 0.260797342192691,
      "op_margin": 0.0826609713652903,
      "fcf_margin": null,
      "incr_op_margin_yoy": 0.12903225806451613,
      "rev_growth_yoy": 0.014932562620423893,
      "rev_growth_yoy_accel": -0.010405550464145114
    },
    {
      "date": "2025-03-31T00:00:00",
      "quarter_label": "2025-03 (Q1)",
      "revenue": 1246700000,
      "gross_profit": 307200000,
      "operating_income": 119100000,
      "net_income": 51600000,
      "opex": 1125800000,
      "cogs": 939500000,
      "rd": null,
      "sga": null,
      "fcf": null,
      "ocf": null,
      "capex": -58900000,
      "gross_margin": 0.24641052378278655,
      "op_margin": 0.09553220502125612,
      "fcf_margin": null,
      "incr_op_margin_yoy": -0.16981132075471697,
      "rev_growth_yoy": 0.008575357980745895,
      "rev_growth_yoy_accel": -0.006357204639677998
    },
    {
      "date": "2025-06-30T00:00:00",
      "quarter_label": "2025-06 (Q2)",
      "revenue": 1300500000,
      "gross_profit": 323800000,
      "operating_income": 133900000,
      "net_income": 43700000,
      "opex": 1161200000,
      "cogs": 976700000,
      "rd": null,
      "sga": null,
      "fcf": null,
      "ocf": null,
      "capex": -51800000,
      "gross_margin": 0.24898116109188773,
      "op_margin": 0.102960399846213,
      "fcf_margin": null,
      "incr_op_margin_yoy": 0.37763713080168776,
      "rev_growth_yoy": 0.03782619104620541,
      "rev_growth_yoy_accel": 0.029250833065459517,
      "op_leverage_ratio": 1.3723923814236818
    },
    {
      "date": "2025-09-30T00:00:00",
      "quarter_label": "2025-09 (Q3)",
      "revenue": 1335000000,
      "gross_profit": 344600000,
      "operating_income": 152400000,
      "net_income": 36300000,
      "opex": 1189400000,
      "cogs": 990400000,
      "rd": null,
      "sga": null,
      "fcf": 77400000,
      "ocf": 122100000,
      "capex": -44700000,
      "gross_margin": 0.25812734082397004,
      "op_margin": 0.11415730337078651,
      "fcf_margin": 0.05797752808988764,
      "incr_op_margin_yoy": 0.5333333333333333,
      "rev_growth_yoy": 0.060786650774731825,
      "rev_growth_yoy_accel": 0.022960459728526415,
      "op_leverage_ratio": 1.0923621847570901
    }
  ],
  "signals": [
    {
      "quarter": "2025-09 (Q3)",
      "signal": "INCREMENTAL MARGIN (YoY)",
      "detail": "YoY Incr OPM: +53.3% vs year-ago OPM: +8.9%",
      "severity": "HIGH"
    },
    {
      "quarter": "2025-06 (Q2)",
      "signal": "INCREMENTAL MARGIN (YoY)",
      "detail": "YoY Incr OPM: +37.8% vs year-ago OPM: +9.3%",
      "severity": "HIGH"
    },
    {
      "quarter": "2024-06 (Q2)",
      "signal": "OPERATING LEVERAGE",
      "detail": "Rev growth +1.4% vs OpEx growth +0.4% (leverage: 3.6x)",
      "severity": "MEDIUM"
    },
    {
      "quarter": "2024-06 (Q2)",
      "signal": "INCREMENTAL MARGIN (YoY)",
      "detail": "YoY Incr OPM: +28.2% vs year-ago OPM: +8.7%",
      "severity": "MEDIUM"
    },
    {
      "quarter": "2024-03 (Q1)",
      "signal": "INCREMENTAL MARGIN (YoY)",
      "detail": "YoY Incr OPM: +81.1% vs year-ago OPM: +6.7%",
      "severity": "HIGH"
    },
    {
      "quarter": "2023-12 (Q4)",
      "signal": "OPERATING LEVERAGE",
      "detail": "Rev growth +1.5% vs OpEx growth +0.1% (leverage: 10.8x)",
      "severity": "MEDIUM"
    },
    {
      "quarter": "2023-09 (Q3)",
      "signal": "INCREMENTAL MARGIN (YoY)",
      "detail": "YoY Incr OPM: +86.2% vs year-ago OPM: +5.2%",
      "severity": "HIGH"
    },
    {
      "quarter": "2023-06 (Q2)",
      "signal": "FCF TURNED POSITIVE",
      "detail": "FCF margin: -7.6% -> +8.7%",
      "severity": "HIGH"
    },
    {
      "quarter": "2023-06 (Q2)",
      "signal": "OPERATING LEVERAGE",
      "detail": "Rev growth +2.6% vs OpEx growth +1.6% (leverage: 1.7x)",
      "severity": "MEDIUM"
    },
    {
      "quarter": "2022-12 (Q4)",
      "signal": "FCF MARGIN EXPANSION",
      "detail": "FCF margin: +9.8% -> +19.2% (+9.4%)",
      "severity": "MEDIUM"
    },
    {
      "quarter": "2022-12 (Q4)",
      "signal": "GROSS MARGIN INFLECTION",
      "detail": "GM: +23.5% -> +22.5% -> +26.6% (reversal +4.1%)",
      "severity": "MEDIUM"
    },
    {
      "quarter": "2022-06 (Q2)",
      "signal": "FCF TURNED POSITIVE",
      "detail": "FCF margin: -10.5% -> +6.3%",
      "severity": "HIGH"
    },
    {
      "quarter": "2022-06 (Q2)",
      "signal": "OPERATING LEVERAGE",
      "detail": "Rev growth +5.6% vs OpEx growth +2.3% (leverage: 2.4x)",
      "severity": "MEDIUM"
    },
    {
      "quarter": "2022-06 (Q2)",
      "signal": "INCREMENTAL MARGIN (YoY)",
      "detail": "YoY Incr OPM: +27.3% vs year-ago OPM: +7.0%",
      "severity": "HIGH"
    },
    {
      "quarter": "2021-12 (Q4)",
      "signal": "INCREMENTAL MARGIN (YoY)",
      "detail": "YoY Incr OPM: +43.9% vs year-ago OPM: +11.0%",
      "severity": "HIGH"
    },
    {
      "quarter": "2021-09 (Q3)",
      "signal": "FCF MARGIN EXPANSION",
      "detail": "FCF margin: +4.0% -> +14.1% (+10.2%)",
      "severity": "MEDIUM"
    },
    {
      "quarter": "2021-06 (Q2)",
      "signal": "FCF TURNED POSITIVE",
      "detail": "FCF margin: -3.4% -> +4.0%",
      "severity": "HIGH"
    }
  ],
  "data_quality": {
    "n_quarters": 20,
    "coverage": {
      "revenue": [
        20,
        20
      ],
      "gross_profit": [
        20,
        20
      ],
      "op_income": [
        20,
        20
      ],
      "fcf": [
        13,
        20
      ]
    },
    "gaps": [],
    "warnings": [
      "fcf: 13/20Q"
    ]
  },
  "market_cap": null,
  "source": "SEC EDGAR",
  "last_updated": "2026-02-02T21:01:55.022983"
}