{
  "ticker": "BCPC",
  "name": "Balchem Corporation",
  "sector": "Basic Materials",
  "industry": "Specialty Chemicals",
  "quarters": [
    {
      "date": "2021-03-31T00:00:00",
      "quarter_label": "2021-03 (Q1)",
      "revenue": 185656000,
      "gross_profit": 58727000,
      "operating_income": 30575000,
      "net_income": 23411000,
      "opex": 28152000,
      "cogs": 126929000,
      "rd": 2749000,
      "sga": null,
      "fcf": 34656000,
      "ocf": 40607000,
      "capex": -5951000,
      "gross_margin": 0.31632158400482613,
      "op_margin": 0.16468630154694705,
      "fcf_margin": 0.18666781574524927
    },
    {
      "date": "2021-06-30T00:00:00",
      "quarter_label": "2021-06 (Q2)",
      "revenue": 202365000,
      "gross_profit": 59447000,
      "operating_income": 30593000,
      "net_income": 22731000,
      "opex": 28854000,
      "cogs": 142918000,
      "rd": 2899000,
      "sga": null,
      "fcf": 28607000,
      "ocf": 35782000,
      "capex": -7175000,
      "gross_margin": 0.293761272947397,
      "op_margin": 0.1511773280952734,
      "fcf_margin": 0.14136337805450547,
      "op_leverage_ratio": 3.6092221290437347,
      "fcf_margin_change": -0.0453044376907438
    },
    {
      "date": "2021-09-30T00:00:00",
      "quarter_label": "2021-09 (Q3)",
      "revenue": 197869000,
      "gross_profit": 60934000,
      "operating_income": 32513000,
      "net_income": 25013000,
      "opex": 28421000,
      "cogs": 136935000,
      "rd": 3156000,
      "sga": null,
      "fcf": 31192000,
      "ocf": 39634000,
      "capex": -8442000,
      "gross_margin": 0.30795122025178273,
      "op_margin": 0.1643157846858275,
      "fcf_margin": 0.15763965047581985,
      "fcf_margin_change": 0.01627627242131438
    },
    {
      "date": "2021-12-31T00:00:00",
      "quarter_label": "2021-12 (Q4)",
      "revenue": 213133000,
      "gross_profit": 64066000,
      "operating_income": 33821000,
      "net_income": 24949000,
      "opex": 30245000,
      "cogs": 149067000,
      "rd": 4720000,
      "sga": null,
      "fcf": 29917000,
      "ocf": 44491000,
      "capex": -14574000,
      "gross_margin": 0.3005916493457137,
      "op_margin": 0.15868495258828993,
      "fcf_margin": 0.1403677515917291,
      "op_leverage_ratio": 1.2020018028940467,
      "fcf_margin_change": -0.017271898884090753
    },
    {
      "date": "2022-03-31T00:00:00",
      "quarter_label": "2022-03 (Q1)",
      "revenue": 228867000,
      "gross_profit": 71506000,
      "operating_income": 38336000,
      "net_income": 28930000,
      "opex": 33170000,
      "cogs": 157361000,
      "rd": 3231000,
      "sga": null,
      "fcf": -2688000,
      "ocf": 7021000,
      "capex": -9709000,
      "gross_margin": 0.3124347328361013,
      "op_margin": 0.16750339716953513,
      "fcf_margin": -0.01174481248934971,
      "incr_op_margin_yoy": 0.1796070445025572,
      "rev_growth_yoy": 0.2327476623432585,
      "op_leverage_ratio": 0.7633367407799335,
      "fcf_margin_change": -0.15211256408107882
    },
    {
      "date": "2022-06-30T00:00:00",
      "quarter_label": "2022-06 (Q2)",
      "revenue": 236693000,
      "gross_profit": 71876000,
      "operating_income": 39920000,
      "net_income": 29782000,
      "opex": 31956000,
      "cogs": 164817000,
      "rd": 2922000,
      "sga": null,
      "fcf": 37840000,
      "ocf": 48240000,
      "capex": -10400000,
      "gross_margin": 0.3036676200817092,
      "op_margin": 0.1686572902451699,
      "fcf_margin": 0.15986953564321715,
      "incr_op_margin_yoy": 0.27170240037287346,
      "rev_growth_yoy": 0.16963407703901368,
      "rev_growth_yoy_accel": -0.06311358530424482,
      "op_leverage_ratio": null,
      "fcf_margin_change": 0.17161434813256687
    },
    {
      "date": "2022-09-30T00:00:00",
      "quarter_label": "2022-09 (Q3)",
      "revenue": 244267000,
      "gross_profit": 68430000,
      "operating_income": 33625000,
      "net_income": 25249000,
      "opex": 34805000,
      "cogs": 175837000,
      "rd": 2996000,
      "sga": null,
      "fcf": 26779000,
      "ocf": 41620000,
      "capex": -14841000,
      "gross_margin": 0.2801442683620792,
      "op_margin": 0.13765674446404957,
      "fcf_margin": 0.1096300359852129,
      "incr_op_margin_yoy": 0.023966550282339755,
      "rev_growth_yoy": 0.23448847469790618,
      "rev_growth_yoy_accel": 0.0648543976588925,
      "op_leverage_ratio": 0.3589218105236745,
      "fcf_margin_change": -0.050239499658004255
    },
    {
      "date": "2022-12-31T00:00:00",
      "quarter_label": "2022-12 (Q4)",
      "revenue": 232531000,
      "gross_profit": 68639000,
      "operating_income": 33305000,
      "net_income": 21406000,
      "opex": 35334000,
      "cogs": 163892000,
      "rd": 3042000,
      "sga": null,
      "fcf": 27519000,
      "ocf": 41655000,
      "capex": -14136000,
      "gross_margin": 0.2951821477566432,
      "op_margin": 0.14322821473265931,
      "fcf_margin": 0.1183455109211245,
      "incr_op_margin_yoy": -0.02660068048252397,
      "rev_growth_yoy": 0.09101359245166164,
      "rev_growth_yoy_accel": -0.14347488224624455,
      "fcf_margin_change": 0.008715474935911599
    },
    {
      "date": "2023-03-31T00:00:00",
      "quarter_label": "2023-03 (Q1)",
      "revenue": 232540000,
      "gross_profit": 73170000,
      "operating_income": 34408000,
      "net_income": 22710000,
      "opex": 38762000,
      "cogs": 159370000,
      "rd": 3450000,
      "sga": null,
      "fcf": 25226000,
      "ocf": 34838000,
      "capex": -9612000,
      "gross_margin": 0.3146555431323643,
      "op_margin": 0.14796594134342478,
      "fcf_margin": 0.10848026146039391,
      "incr_op_margin_yoy": -1.069425537707596,
      "rev_growth_yoy": 0.016048622125513945,
      "rev_growth_yoy_accel": -0.0749649703261477,
      "fcf_margin_change": -0.009865249460730585
    },
    {
      "date": "2023-06-30T00:00:00",
      "quarter_label": "2023-06 (Q2)",
      "revenue": 231252000,
      "gross_profit": 77349000,
      "operating_income": 42836000,
      "net_income": 30110000,
      "opex": 34513000,
      "cogs": 153903000,
      "rd": 3795000,
      "sga": null,
      "fcf": 27090000,
      "ocf": 34991000,
      "capex": -7901000,
      "gross_margin": 0.33447926936848116,
      "op_margin": 0.18523515472298618,
      "fcf_margin": 0.11714493280058118,
      "incr_op_margin_yoy": -0.5359308950560558,
      "rev_growth_yoy": -0.022987583071742722,
      "rev_growth_yoy_accel": -0.03903620519725667,
      "fcf_margin_change": 0.008664671340187266
    },
    {
      "date": "2023-09-30T00:00:00",
      "quarter_label": "2023-09 (Q3)",
      "revenue": 229948000,
      "gross_profit": 76544000,
      "operating_income": 43614000,
      "net_income": 29075000,
      "opex": 32930000,
      "cogs": 153404000,
      "rd": 3868000,
      "sga": null,
      "fcf": 38206000,
      "ocf": 46526000,
      "capex": -8320000,
      "gross_margin": 0.33287525875415314,
      "op_margin": 0.18966896863638735,
      "fcf_margin": 0.1661506079635396,
      "incr_op_margin_yoy": -0.6976045813255115,
      "rev_growth_yoy": -0.05862028026708479,
      "rev_growth_yoy_accel": -0.03563269719534207,
      "fcf_margin_change": 0.04900567516295841
    },
    {
      "date": "2023-12-31T00:00:00",
      "quarter_label": "2023-12 (Q4)",
      "revenue": 228699000,
      "gross_profit": 74993000,
      "operating_income": 38335000,
      "net_income": 26648000,
      "opex": 36658000,
      "cogs": 153706000,
      "rd": 3936000,
      "sga": null,
      "fcf": 67406000,
      "ocf": 67406000,
      "capex": null,
      "gross_margin": 0.3279113594724944,
      "op_margin": 0.16762207093166126,
      "fcf_margin": 0.29473675005137756,
      "incr_op_margin_yoy": -1.3126304801670146,
      "rev_growth_yoy": -0.016479523160352814,
      "rev_growth_yoy_accel": 0.04214075710673197,
      "fcf_margin_change": 0.12858614208783797
    },
    {
      "date": "2024-03-31T00:00:00",
      "quarter_label": "2024-03 (Q1)",
      "revenue": 239659000,
      "gross_profit": 81514000,
      "operating_income": 41676000,
      "net_income": 28986000,
      "opex": 39838000,
      "cogs": 158145000,
      "rd": 4100000,
      "sga": null,
      "fcf": 33388000,
      "ocf": 33388000,
      "capex": null,
      "gross_margin": 0.3401249275011579,
      "op_margin": 0.17389707876608013,
      "fcf_margin": 0.1393146095076755,
      "incr_op_margin_yoy": 1.020929905885658,
      "rev_growth_yoy": 0.03061408789885611,
      "rev_growth_yoy_accel": 0.04709361105920892,
      "op_leverage_ratio": 0.5524435856627457,
      "fcf_margin_change": -0.15542214054370207
    },
    {
      "date": "2024-06-30T00:00:00",
      "quarter_label": "2024-06 (Q2)",
      "revenue": 234081000,
      "gross_profit": 82994000,
      "operating_income": 45797000,
      "net_income": 32069000,
      "opex": 37197000,
      "cogs": 151087000,
      "rd": 3854000,
      "sga": null,
      "fcf": 44992000,
      "ocf": 44992000,
      "capex": null,
      "gross_margin": 0.35455248396922434,
      "op_margin": 0.19564595161503923,
      "fcf_margin": 0.19220697109120347,
      "incr_op_margin_yoy": 1.0466595970307528,
      "rev_growth_yoy": 0.012233407711068445,
      "rev_growth_yoy_accel": -0.018380680187787664,
      "fcf_margin_change": 0.052892361583527975
    },
    {
      "date": "2024-09-30T00:00:00",
      "quarter_label": "2024-09 (Q3)",
      "revenue": 239940000,
      "gross_profit": 85361000,
      "operating_income": 47992000,
      "net_income": 33837000,
      "opex": 37369000,
      "cogs": 154579000,
      "rd": 4329000,
      "sga": null,
      "fcf": 51302000,
      "ocf": 51302000,
      "capex": null,
      "gross_margin": 0.3557597732766525,
      "op_margin": 0.20001667083437527,
      "fcf_margin": 0.2138117862799033,
      "incr_op_margin_yoy": 0.43815052041633307,
      "rev_growth_yoy": 0.043453302485779395,
      "rev_growth_yoy_accel": 0.03121989477471095,
      "op_leverage_ratio": 5.412984727111456,
      "fcf_margin_change": 0.021604815188699833
    },
    {
      "date": "2024-12-31T00:00:00",
      "quarter_label": "2024-12 (Q4)",
      "revenue": 240004000,
      "gross_profit": 86337000,
      "operating_income": 47444000,
      "net_income": 33583000,
      "opex": 38893000,
      "cogs": 153667000,
      "rd": 4510000,
      "sga": null,
      "fcf": 52317000,
      "ocf": 52317000,
      "capex": null,
      "gross_margin": 0.3597315044749254,
      "op_margin": 0.19768003866602224,
      "fcf_margin": 0.21798386693555108,
      "incr_op_margin_yoy": 0.805749668288368,
      "rev_growth_yoy": 0.04943178588450321,
      "rev_growth_yoy_accel": 0.0059784833987238176,
      "fcf_margin_change": 0.004172080655647781
    },
    {
      "date": "2025-03-31T00:00:00",
      "quarter_label": "2025-03 (Q1)",
      "revenue": 250519000,
      "gross_profit": 88168000,
      "operating_income": 51015000,
      "net_income": 37053000,
      "opex": 37153000,
      "cogs": 162351000,
      "rd": 4662000,
      "sga": null,
      "fcf": 36457000,
      "ocf": 36457000,
      "capex": null,
      "gross_margin": 0.3519413697164686,
      "op_margin": 0.20363724907092876,
      "fcf_margin": 0.1455258882559806,
      "incr_op_margin_yoy": 0.8599447513812155,
      "rev_growth_yoy": 0.04531438418753312,
      "rev_growth_yoy_accel": -0.0041174016969700925,
      "op_leverage_ratio": null,
      "fcf_margin_change": -0.07245797867957049
    },
    {
      "date": "2025-06-30T00:00:00",
      "quarter_label": "2025-06 (Q2)",
      "revenue": 255467000,
      "gross_profit": 93113000,
      "operating_income": 51442000,
      "net_income": 38278000,
      "opex": 41671000,
      "cogs": 162354000,
      "rd": 4300000,
      "sga": null,
      "fcf": 47252000,
      "ocf": 47252000,
      "capex": null,
      "gross_margin": 0.36448151816085833,
      "op_margin": 0.20136455980615892,
      "fcf_margin": 0.18496322421291203,
      "incr_op_margin_yoy": 0.2639577293556532,
      "rev_growth_yoy": 0.09136153724565428,
      "rev_growth_yoy_accel": 0.04604715305812116,
      "op_leverage_ratio": 0.16241894399161824,
      "fcf_margin_change": 0.03943733595693144
    },
    {
      "date": "2025-09-30T00:00:00",
      "quarter_label": "2025-09 (Q3)",
      "revenue": 267558000,
      "gross_profit": 95453000,
      "operating_income": 54579000,
      "net_income": 40289000,
      "opex": 40874000,
      "cogs": 172105000,
      "rd": 4496000,
      "sga": null,
      "fcf": 65572000,
      "ocf": 65572000,
      "capex": null,
      "gross_margin": 0.3567562920936769,
      "op_margin": 0.20398941537909537,
      "fcf_margin": 0.2450758340247722,
      "incr_op_margin_yoy": 0.23850387428488667,
      "rev_growth_yoy": 0.11510377594398599,
      "rev_growth_yoy_accel": 0.02374223869833171,
      "op_leverage_ratio": null,
      "fcf_margin_change": 0.060112609811860174
    },
    {
      "date": "2025-12-31T00:00:00",
      "quarter_label": "2025-12 (Q4)",
      "revenue": 263617000,
      "gross_profit": 93899000,
      "operating_income": 52290000,
      "net_income": 39225000,
      "opex": 41609000,
      "cogs": 169718000,
      "rd": 5052000,
      "sga": null,
      "fcf": 67275000,
      "ocf": 67275000,
      "capex": null,
      "gross_margin": 0.3561947825823069,
      "op_margin": 0.19835594821274805,
      "fcf_margin": 0.2551997784664874,
      "incr_op_margin_yoy": 0.20522593486638716,
      "rev_growth_yoy": 0.09838586023566274,
      "rev_growth_yoy_accel": -0.016717915708323247,
      "fcf_margin_change": 0.010123944441715188
    }
  ],
  "signals": [
    {
      "quarter": "2025-09 (Q3)",
      "signal": "FCF MARGIN EXPANSION",
      "detail": "FCF margin: +18.5% -> +24.5% (+6.0%)",
      "severity": "MEDIUM"
    },
    {
      "quarter": "2025-03 (Q1)",
      "signal": "INCREMENTAL MARGIN (YoY)",
      "detail": "YoY Incr OPM: +86.0% vs year-ago OPM: +17.4%",
      "severity": "HIGH"
    },
    {
      "quarter": "2024-12 (Q4)",
      "signal": "INCREMENTAL MARGIN (YoY)",
      "detail": "YoY Incr OPM: +80.6% vs year-ago OPM: +16.8%",
      "severity": "HIGH"
    },
    {
      "quarter": "2024-09 (Q3)",
      "signal": "OPERATING LEVERAGE",
      "detail": "Rev growth +2.5% vs OpEx growth +0.5% (leverage: 5.4x)",
      "severity": "MEDIUM"
    },
    {
      "quarter": "2024-09 (Q3)",
      "signal": "INCREMENTAL MARGIN (YoY)",
      "detail": "YoY Incr OPM: +43.8% vs year-ago OPM: +19.0%",
      "severity": "HIGH"
    },
    {
      "quarter": "2024-06 (Q2)",
      "signal": "FCF MARGIN EXPANSION",
      "detail": "FCF margin: +13.9% -> +19.2% (+5.3%)",
      "severity": "MEDIUM"
    },
    {
      "quarter": "2024-06 (Q2)",
      "signal": "INCREMENTAL MARGIN (YoY)",
      "detail": "YoY Incr OPM: +104.7% vs year-ago OPM: +18.5%",
      "severity": "HIGH"
    },
    {
      "quarter": "2024-03 (Q1)",
      "signal": "INCREMENTAL MARGIN (YoY)",
      "detail": "YoY Incr OPM: +102.1% vs year-ago OPM: +14.8%",
      "severity": "HIGH"
    },
    {
      "quarter": "2023-12 (Q4)",
      "signal": "FCF MARGIN EXPANSION",
      "detail": "FCF margin: +16.6% -> +29.5% (+12.9%)",
      "severity": "MEDIUM"
    },
    {
      "quarter": "2023-03 (Q1)",
      "signal": "YoY REVENUE GROWTH DECELERATION",
      "detail": "YoY growth: +1.6% vs prior quarter YoY: +9.1% (decel: -7.5%)",
      "severity": "WARNING"
    },
    {
      "quarter": "2022-12 (Q4)",
      "signal": "YoY REVENUE GROWTH DECELERATION",
      "detail": "YoY growth: +9.1% vs prior quarter YoY: +23.4% (decel: -14.3%)",
      "severity": "WARNING"
    },
    {
      "quarter": "2022-09 (Q3)",
      "signal": "YoY REVENUE GROWTH ACCELERATION",
      "detail": "YoY growth: +23.4% vs prior quarter YoY: +17.0% (accel: +6.5%)",
      "severity": "MEDIUM"
    },
    {
      "quarter": "2022-06 (Q2)",
      "signal": "FCF TURNED POSITIVE",
      "detail": "FCF margin: -1.2% -> +16.0%",
      "severity": "HIGH"
    },
    {
      "quarter": "2022-06 (Q2)",
      "signal": "YoY REVENUE GROWTH DECELERATION",
      "detail": "YoY growth: +17.0% vs prior quarter YoY: +23.3% (decel: -6.3%)",
      "severity": "WARNING"
    },
    {
      "quarter": "2022-06 (Q2)",
      "signal": "INCREMENTAL MARGIN (YoY)",
      "detail": "YoY Incr OPM: +27.2% vs year-ago OPM: +15.1%",
      "severity": "MEDIUM"
    },
    {
      "quarter": "2021-06 (Q2)",
      "signal": "OPERATING LEVERAGE",
      "detail": "Rev growth +9.0% vs OpEx growth +2.5% (leverage: 3.6x)",
      "severity": "MEDIUM"
    }
  ],
  "data_quality": {
    "n_quarters": 20,
    "coverage": {
      "revenue": [
        20,
        20
      ],
      "gross_profit": [
        20,
        20
      ],
      "op_income": [
        20,
        20
      ],
      "fcf": [
        20,
        20
      ]
    },
    "gaps": [],
    "warnings": []
  },
  "market_cap": null,
  "source": "SEC EDGAR",
  "last_updated": "2026-02-24T10:16:38.268951"
}