{
  "ticker": "BCYC",
  "name": "Bicycle Therapeutics plc",
  "quarters": [
    {
      "date": "2020-12-31T00:00:00",
      "quarter_label": "2020-12 (Q4)",
      "revenue": 3848000,
      "gross_profit": null,
      "operating_income": -17060000,
      "net_income": -17433000,
      "opex": 20907000,
      "cogs": null,
      "rd": 10058000,
      "sga": null,
      "fcf": -17101000,
      "ocf": -16617000,
      "capex": -484000,
      "gross_margin": null,
      "op_margin": -4.4334719334719335,
      "fcf_margin": -4.4441268191268195
    },
    {
      "date": "2021-03-31T00:00:00",
      "quarter_label": "2021-03 (Q1)",
      "revenue": 1808000,
      "gross_profit": null,
      "operating_income": -16024000,
      "net_income": -16191000,
      "opex": 17832000,
      "cogs": null,
      "rd": 9693000,
      "sga": null,
      "fcf": -14330000,
      "ocf": -13707000,
      "capex": -623000,
      "gross_margin": null,
      "op_margin": -8.86283185840708,
      "fcf_margin": -7.925884955752212,
      "fcf_margin_change": -3.481758136625393
    },
    {
      "date": "2021-06-30T00:00:00",
      "quarter_label": "2021-06 (Q2)",
      "revenue": 1785000,
      "gross_profit": null,
      "operating_income": -17277000,
      "net_income": -17913000,
      "opex": 19062000,
      "cogs": null,
      "rd": 11722000,
      "sga": null,
      "fcf": -12541000,
      "ocf": -12370000,
      "capex": -171000,
      "gross_margin": null,
      "op_margin": -9.678991596638655,
      "fcf_margin": -7.025770308123249,
      "fcf_margin_change": 0.9001146476289632
    },
    {
      "date": "2021-09-30T00:00:00",
      "quarter_label": "2021-09 (Q3)",
      "revenue": 4333000,
      "gross_profit": null,
      "operating_income": -14294000,
      "net_income": -14678000,
      "opex": 18627000,
      "cogs": null,
      "rd": 10513000,
      "sga": null,
      "fcf": 21549000,
      "ocf": 21718000,
      "capex": -169000,
      "gross_margin": null,
      "op_margin": -3.2988691437802906,
      "fcf_margin": 4.973228709900762,
      "op_leverage_ratio": Infinity,
      "fcf_margin_change": 11.998999018024012
    },
    {
      "date": "2021-12-31T00:00:00",
      "quarter_label": "2021-12 (Q4)",
      "revenue": 3771000,
      "gross_profit": null,
      "operating_income": -18024000,
      "net_income": -18037000,
      "opex": 21795000,
      "cogs": null,
      "rd": 12956000,
      "sga": null,
      "fcf": -11502000,
      "ocf": -10435000,
      "capex": -1067000,
      "gross_margin": null,
      "op_margin": -4.7796340493237865,
      "fcf_margin": -3.0501193317422435,
      "rev_growth_yoy": -0.02001039501039501,
      "fcf_margin_change": -8.023348041643006
    },
    {
      "date": "2022-03-31T00:00:00",
      "quarter_label": "2022-03 (Q1)",
      "revenue": 3860000,
      "gross_profit": null,
      "operating_income": -27383000,
      "net_income": -27564000,
      "opex": 31243000,
      "cogs": null,
      "rd": 14284000,
      "sga": null,
      "fcf": -31156000,
      "ocf": -26400000,
      "capex": -4756000,
      "gross_margin": null,
      "op_margin": -7.094041450777202,
      "fcf_margin": -8.071502590673575,
      "incr_op_margin_yoy": -5.535575048732944,
      "rev_growth_yoy": 1.1349557522123894,
      "rev_growth_yoy_accel": 1.1549661472227843,
      "op_leverage_ratio": 0.0544440548676775,
      "fcf_margin_change": -5.021383258931332
    },
    {
      "date": "2022-06-30T00:00:00",
      "quarter_label": "2022-06 (Q2)",
      "revenue": 4378000,
      "gross_profit": null,
      "operating_income": -27300000,
      "net_income": -26828000,
      "opex": 31678000,
      "cogs": null,
      "rd": 19854000,
      "sga": null,
      "fcf": -33330000,
      "ocf": -23531000,
      "capex": -9799000,
      "gross_margin": null,
      "op_margin": -6.235724074920054,
      "fcf_margin": -7.613065326633166,
      "incr_op_margin_yoy": -3.865406864635557,
      "rev_growth_yoy": 1.4526610644257703,
      "rev_growth_yoy_accel": 0.31770531221338083,
      "op_leverage_ratio": 9.638421773569174,
      "fcf_margin_change": 0.4584372640404091
    },
    {
      "date": "2022-09-30T00:00:00",
      "quarter_label": "2022-09 (Q3)",
      "revenue": 3040000,
      "gross_profit": null,
      "operating_income": -29759000,
      "net_income": -28347000,
      "opex": 32799000,
      "cogs": null,
      "rd": 22752000,
      "sga": null,
      "fcf": -8855000,
      "ocf": -5871000,
      "capex": -2984000,
      "gross_margin": null,
      "op_margin": -9.789144736842106,
      "fcf_margin": -2.9128289473684212,
      "incr_op_margin_yoy": 11.960556844547563,
      "rev_growth_yoy": -0.29840756981306255,
      "rev_growth_yoy_accel": -1.7510686342388329,
      "fcf_margin_change": 4.700236379264744
    },
    {
      "date": "2022-12-31T00:00:00",
      "quarter_label": "2022-12 (Q4)",
      "revenue": 3185000,
      "gross_profit": null,
      "operating_income": -32211000,
      "net_income": -29978000,
      "opex": 35396000,
      "cogs": null,
      "rd": 24719000,
      "sga": null,
      "fcf": -31757000,
      "ocf": -30309000,
      "capex": -1448000,
      "gross_margin": null,
      "op_margin": -10.113343799058084,
      "fcf_margin": -9.970800627943484,
      "rev_growth_yoy": -0.15539644656589763,
      "rev_growth_yoy_accel": 0.14301112324716492,
      "op_leverage_ratio": 0.6023973765275723,
      "fcf_margin_change": -7.057971680575063
    },
    {
      "date": "2023-03-31T00:00:00",
      "quarter_label": "2023-03 (Q1)",
      "revenue": 4896000,
      "gross_profit": null,
      "operating_income": -41803000,
      "net_income": -39064000,
      "opex": 46699000,
      "cogs": null,
      "rd": 32211000,
      "sga": null,
      "fcf": -48510000,
      "ocf": -46411000,
      "capex": -2099000,
      "gross_margin": null,
      "op_margin": -8.538194444444445,
      "fcf_margin": -9.908088235294118,
      "incr_op_margin_yoy": -13.91891891891892,
      "rev_growth_yoy": 0.2683937823834197,
      "rev_growth_yoy_accel": 0.42379022894931734,
      "op_leverage_ratio": 1.6822906520559484,
      "fcf_margin_change": 0.06271239264936668
    },
    {
      "date": "2023-06-30T00:00:00",
      "quarter_label": "2023-06 (Q2)",
      "revenue": 11397000,
      "gross_profit": null,
      "operating_income": -43111000,
      "net_income": -42603000,
      "opex": 54508000,
      "cogs": null,
      "rd": 39720000,
      "sga": null,
      "fcf": 33819000,
      "ocf": 34096000,
      "capex": -277000,
      "gross_margin": null,
      "op_margin": -3.7826621040624726,
      "fcf_margin": 2.9673598315346146,
      "incr_op_margin_yoy": -2.2526000854822623,
      "rev_growth_yoy": 1.6032434901781636,
      "rev_growth_yoy_accel": 1.3348497077947439,
      "op_leverage_ratio": 7.940556035770693,
      "fcf_margin_change": 12.875448066828731
    },
    {
      "date": "2023-09-30T00:00:00",
      "quarter_label": "2023-09 (Q3)",
      "revenue": 5352000,
      "gross_profit": null,
      "operating_income": -50797000,
      "net_income": -49898000,
      "opex": 56149000,
      "cogs": null,
      "rd": 39868000,
      "sga": null,
      "fcf": -1527000,
      "ocf": -1025000,
      "capex": -502000,
      "gross_margin": null,
      "op_margin": -9.491218236173394,
      "fcf_margin": -0.2853139013452915,
      "incr_op_margin_yoy": -9.099480968858131,
      "rev_growth_yoy": 0.7605263157894737,
      "rev_growth_yoy_accel": -0.8427171743886899,
      "fcf_margin_change": -3.2526737328799062
    },
    {
      "date": "2023-12-31T00:00:00",
      "quarter_label": "2023-12 (Q4)",
      "revenue": 26976000,
      "gross_profit": null,
      "operating_income": -54235000,
      "net_income": -49099000,
      "opex": 59566000,
      "cogs": null,
      "rd": 44697000,
      "sga": null,
      "fcf": -47339000,
      "ocf": -47288000,
      "capex": -51000,
      "gross_margin": null,
      "op_margin": -2.0104908066429417,
      "fcf_margin": -1.754856168446026,
      "incr_op_margin_yoy": -0.9257282165524778,
      "rev_growth_yoy": 7.469701726844584,
      "rev_growth_yoy_accel": 6.70917541105511,
      "op_leverage_ratio": 66.39218704682864,
      "fcf_margin_change": -1.4695422671007345
    },
    {
      "date": "2024-03-31T00:00:00",
      "quarter_label": "2024-03 (Q1)",
      "revenue": 19530000,
      "gross_profit": null,
      "operating_income": -31716000,
      "net_income": -26563000,
      "opex": 51246000,
      "cogs": null,
      "rd": 34864000,
      "sga": null,
      "fcf": -70881000,
      "ocf": -70869000,
      "capex": -12000,
      "gross_margin": null,
      "op_margin": -1.623963133640553,
      "fcf_margin": -3.6293394777265746,
      "incr_op_margin_yoy": 0.6892852261855952,
      "rev_growth_yoy": 2.988970588235294,
      "rev_growth_yoy_accel": -4.48073113860929,
      "fcf_margin_change": -1.8744833092805486
    },
    {
      "date": "2024-06-30T00:00:00",
      "quarter_label": "2024-06 (Q2)",
      "revenue": 9361000,
      "gross_profit": null,
      "operating_income": -46647000,
      "net_income": -39812000,
      "opex": 56008000,
      "cogs": null,
      "rd": 40059000,
      "sga": null,
      "fcf": -45047000,
      "ocf": -44627000,
      "capex": -420000,
      "gross_margin": null,
      "op_margin": -4.983121461382331,
      "fcf_margin": -4.812199551329986,
      "incr_op_margin_yoy": 1.7367387033398822,
      "rev_growth_yoy": -0.17864350267614285,
      "rev_growth_yoy_accel": -3.167614090911437,
      "fcf_margin_change": -1.1828600736034112
    },
    {
      "date": "2024-09-30T00:00:00",
      "quarter_label": "2024-09 (Q3)",
      "revenue": 2676000,
      "gross_profit": null,
      "operating_income": -63846000,
      "net_income": -50802000,
      "opex": 66522000,
      "cogs": null,
      "rd": 48265000,
      "sga": null,
      "fcf": -40267000,
      "ocf": -39832000,
      "capex": -435000,
      "gross_margin": null,
      "op_margin": -23.858744394618835,
      "fcf_margin": -15.04745889387145,
      "incr_op_margin_yoy": 4.876307922272048,
      "rev_growth_yoy": -0.5,
      "rev_growth_yoy_accel": -0.3213564973238572,
      "fcf_margin_change": -10.235259342541465
    },
    {
      "date": "2024-12-31T00:00:00",
      "quarter_label": "2024-12 (Q4)",
      "revenue": 3708000,
      "gross_profit": null,
      "operating_income": -67663000,
      "net_income": -51854000,
      "opex": 71371000,
      "cogs": null,
      "rd": 49778000,
      "sga": null,
      "fcf": -9764000,
      "ocf": -9396000,
      "capex": -368000,
      "gross_margin": null,
      "op_margin": -18.247842502696873,
      "fcf_margin": -2.633225458468177,
      "incr_op_margin_yoy": 0.5771015987622485,
      "rev_growth_yoy": -0.8625444839857651,
      "rev_growth_yoy_accel": -0.3625444839857651,
      "op_leverage_ratio": 5.290621615847935,
      "fcf_margin_change": 12.414233435403274
    },
    {
      "date": "2025-03-31T00:00:00",
      "quarter_label": "2025-03 (Q1)",
      "revenue": 9977000,
      "gross_profit": null,
      "operating_income": -70204000,
      "net_income": -60754000,
      "opex": 80181000,
      "cogs": null,
      "rd": 59058000,
      "sga": null,
      "fcf": -86974000,
      "ocf": -86370000,
      "capex": -604000,
      "gross_margin": null,
      "op_margin": -7.036584143530119,
      "fcf_margin": -8.717450135311216,
      "incr_op_margin_yoy": 4.02889144771276,
      "rev_growth_yoy": -0.48914490527393756,
      "rev_growth_yoy_accel": 0.37339957871182755,
      "op_leverage_ratio": 13.696336509580783,
      "fcf_margin_change": -6.084224676843039
    },
    {
      "date": "2025-06-30T00:00:00",
      "quarter_label": "2025-06 (Q2)",
      "revenue": 2920000,
      "gross_profit": null,
      "operating_income": -86602000,
      "net_income": -78952000,
      "opex": 89522000,
      "cogs": null,
      "rd": 71029000,
      "sga": null,
      "fcf": -73284000,
      "ocf": -72786000,
      "capex": -498000,
      "gross_margin": null,
      "op_margin": -29.65821917808219,
      "fcf_margin": -25.0972602739726,
      "incr_op_margin_yoy": 6.2032293122186,
      "rev_growth_yoy": -0.6880675141544706,
      "rev_growth_yoy_accel": -0.1989226088805331,
      "fcf_margin_change": -16.379810138661384
    },
    {
      "date": "2025-09-30T00:00:00",
      "quarter_label": "2025-09 (Q3)",
      "revenue": 11734000,
      "gross_profit": null,
      "operating_income": -65551000,
      "net_income": -59100000,
      "opex": 77285000,
      "cogs": null,
      "rd": 58426000,
      "sga": null,
      "fcf": -71847000,
      "ocf": -71173000,
      "capex": -674000,
      "gross_margin": null,
      "op_margin": -5.586415544571331,
      "fcf_margin": -6.122975967274587,
      "incr_op_margin_yoy": -0.18823139765952748,
      "rev_growth_yoy": 3.384902840059791,
      "rev_growth_yoy_accel": 4.072970354214261,
      "op_leverage_ratio": Infinity,
      "fcf_margin_change": 18.974284306698014
    }
  ],
  "signals": [
    {
      "quarter": "2025-09 (Q3)",
      "signal": "FCF MARGIN EXPANSION",
      "detail": "FCF margin: -2509.7% -> -612.3% (+1897.4%)",
      "severity": "MEDIUM"
    },
    {
      "quarter": "2025-09 (Q3)",
      "signal": "YoY REVENUE GROWTH ACCELERATION",
      "detail": "YoY growth: +338.5% vs prior quarter YoY: -68.8% (accel: +407.3%)",
      "severity": "HIGH"
    },
    {
      "quarter": "2025-06 (Q2)",
      "signal": "YoY REVENUE GROWTH DECELERATION",
      "detail": "YoY growth: -68.8% vs prior quarter YoY: -48.9% (decel: -19.9%)",
      "severity": "WARNING"
    },
    {
      "quarter": "2025-03 (Q1)",
      "signal": "OPERATING LEVERAGE",
      "detail": "Rev growth +169.1% vs OpEx growth +12.3% (leverage: 13.7x)",
      "severity": "MEDIUM"
    },
    {
      "quarter": "2025-03 (Q1)",
      "signal": "YoY REVENUE GROWTH ACCELERATION",
      "detail": "YoY growth: -48.9% vs prior quarter YoY: -86.3% (accel: +37.3%)",
      "severity": "HIGH"
    },
    {
      "quarter": "2024-12 (Q4)",
      "signal": "FCF MARGIN EXPANSION",
      "detail": "FCF margin: -1504.7% -> -263.3% (+1241.4%)",
      "severity": "MEDIUM"
    },
    {
      "quarter": "2024-12 (Q4)",
      "signal": "OPERATING LEVERAGE",
      "detail": "Rev growth +38.6% vs OpEx growth +7.3% (leverage: 5.3x)",
      "severity": "MEDIUM"
    },
    {
      "quarter": "2024-12 (Q4)",
      "signal": "YoY REVENUE GROWTH DECELERATION",
      "detail": "YoY growth: -86.3% vs prior quarter YoY: -50.0% (decel: -36.3%)",
      "severity": "WARNING"
    },
    {
      "quarter": "2024-09 (Q3)",
      "signal": "YoY REVENUE GROWTH DECELERATION",
      "detail": "YoY growth: -50.0% vs prior quarter YoY: -17.9% (decel: -32.1%)",
      "severity": "WARNING"
    },
    {
      "quarter": "2024-06 (Q2)",
      "signal": "YoY REVENUE GROWTH DECELERATION",
      "detail": "YoY growth: -17.9% vs prior quarter YoY: +298.9% (decel: -316.8%)",
      "severity": "WARNING"
    },
    {
      "quarter": "2024-03 (Q1)",
      "signal": "YoY REVENUE GROWTH DECELERATION",
      "detail": "YoY growth: +298.9% vs prior quarter YoY: +747.0% (decel: -448.1%)",
      "severity": "WARNING"
    },
    {
      "quarter": "2023-12 (Q4)",
      "signal": "OPERATING LEVERAGE",
      "detail": "Rev growth +404.0% vs OpEx growth +6.1% (leverage: 66.4x)",
      "severity": "MEDIUM"
    },
    {
      "quarter": "2023-12 (Q4)",
      "signal": "YoY REVENUE GROWTH ACCELERATION",
      "detail": "YoY growth: +747.0% vs prior quarter YoY: +76.1% (accel: +670.9%)",
      "severity": "HIGH"
    },
    {
      "quarter": "2023-09 (Q3)",
      "signal": "YoY REVENUE GROWTH DECELERATION",
      "detail": "YoY growth: +76.1% vs prior quarter YoY: +160.3% (decel: -84.3%)",
      "severity": "WARNING"
    },
    {
      "quarter": "2023-06 (Q2)",
      "signal": "FCF TURNED POSITIVE",
      "detail": "FCF margin: -990.8% -> +296.7%",
      "severity": "HIGH"
    },
    {
      "quarter": "2023-06 (Q2)",
      "signal": "OPERATING LEVERAGE",
      "detail": "Rev growth +132.8% vs OpEx growth +16.7% (leverage: 7.9x)",
      "severity": "MEDIUM"
    },
    {
      "quarter": "2023-06 (Q2)",
      "signal": "YoY REVENUE GROWTH ACCELERATION",
      "detail": "YoY growth: +160.3% vs prior quarter YoY: +26.8% (accel: +133.5%)",
      "severity": "HIGH"
    },
    {
      "quarter": "2023-03 (Q1)",
      "signal": "FCF MARGIN EXPANSION",
      "detail": "FCF margin: -997.1% -> -990.8% (+6.3%)",
      "severity": "MEDIUM"
    },
    {
      "quarter": "2023-03 (Q1)",
      "signal": "OPERATING LEVERAGE",
      "detail": "Rev growth +53.7% vs OpEx growth +31.9% (leverage: 1.7x)",
      "severity": "MEDIUM"
    },
    {
      "quarter": "2023-03 (Q1)",
      "signal": "YoY REVENUE GROWTH ACCELERATION",
      "detail": "YoY growth: +26.8% vs prior quarter YoY: -15.5% (accel: +42.4%)",
      "severity": "HIGH"
    },
    {
      "quarter": "2022-12 (Q4)",
      "signal": "YoY REVENUE GROWTH ACCELERATION",
      "detail": "YoY growth: -15.5% vs prior quarter YoY: -29.8% (accel: +14.3%)",
      "severity": "MEDIUM"
    },
    {
      "quarter": "2022-09 (Q3)",
      "signal": "FCF MARGIN EXPANSION",
      "detail": "FCF margin: -761.3% -> -291.3% (+470.0%)",
      "severity": "MEDIUM"
    },
    {
      "quarter": "2022-09 (Q3)",
      "signal": "YoY REVENUE GROWTH DECELERATION",
      "detail": "YoY growth: -29.8% vs prior quarter YoY: +145.3% (decel: -175.1%)",
      "severity": "WARNING"
    },
    {
      "quarter": "2022-06 (Q2)",
      "signal": "FCF MARGIN EXPANSION",
      "detail": "FCF margin: -807.2% -> -761.3% (+45.8%)",
      "severity": "MEDIUM"
    },
    {
      "quarter": "2022-06 (Q2)",
      "signal": "OPERATING LEVERAGE",
      "detail": "Rev growth +13.4% vs OpEx growth +1.4% (leverage: 9.6x)",
      "severity": "MEDIUM"
    },
    {
      "quarter": "2022-06 (Q2)",
      "signal": "YoY REVENUE GROWTH ACCELERATION",
      "detail": "YoY growth: +145.3% vs prior quarter YoY: +113.5% (accel: +31.8%)",
      "severity": "HIGH"
    },
    {
      "quarter": "2022-03 (Q1)",
      "signal": "YoY REVENUE GROWTH ACCELERATION",
      "detail": "YoY growth: +113.5% vs prior quarter YoY: -2.0% (accel: +115.5%)",
      "severity": "HIGH"
    },
    {
      "quarter": "2021-09 (Q3)",
      "signal": "FCF TURNED POSITIVE",
      "detail": "FCF margin: -702.6% -> +497.3%",
      "severity": "HIGH"
    },
    {
      "quarter": "2021-06 (Q2)",
      "signal": "FCF MARGIN EXPANSION",
      "detail": "FCF margin: -792.6% -> -702.6% (+90.0%)",
      "severity": "MEDIUM"
    }
  ],
  "data_quality": {
    "n_quarters": 20,
    "coverage": {
      "revenue": [
        20,
        20
      ],
      "gross_profit": [
        0,
        20
      ],
      "op_income": [
        20,
        20
      ],
      "fcf": [
        20,
        20
      ]
    },
    "gaps": [],
    "warnings": [
      "gross_profit: no data"
    ]
  },
  "market_cap": null,
  "source": "SEC EDGAR",
  "last_updated": "2026-02-02T22:26:32.390130"
}