{
  "ticker": "BDL",
  "name": "FLANIGAN\u2019S ENTERPRISES, INC.",
  "sector": "Consumer Cyclical",
  "industry": "Restaurants",
  "quarters": [
    {
      "date": "2021-04-03T00:00:00",
      "quarter_label": "2021-04 (Q2)",
      "revenue": 34357000,
      "gross_profit": null,
      "operating_income": 2793000,
      "net_income": 2451000,
      "opex": 31564000,
      "cogs": null,
      "rd": null,
      "sga": 5368000,
      "fcf": 3322000,
      "ocf": 3322000,
      "capex": null,
      "gross_margin": null,
      "op_margin": 0.08129347731175597,
      "fcf_margin": 0.09669063073027331
    },
    {
      "date": "2021-07-03T00:00:00",
      "quarter_label": "2021-07 (Q3)",
      "revenue": 37935000,
      "gross_profit": null,
      "operating_income": 2609000,
      "net_income": 7199000,
      "opex": 35326000,
      "cogs": null,
      "rd": null,
      "sga": 5252000,
      "fcf": 4431000,
      "ocf": 4431000,
      "capex": null,
      "gross_margin": null,
      "op_margin": 0.06877553710293924,
      "fcf_margin": 0.11680506128904705,
      "op_leverage_ratio": 0.8737724450235347,
      "fcf_margin_change": 0.020114430558773738
    },
    {
      "date": "2021-10-02T00:00:00",
      "quarter_label": "2021-10 (Q4)",
      "revenue": 33635000,
      "gross_profit": null,
      "operating_income": 1978000,
      "net_income": 1354000,
      "opex": 31657000,
      "cogs": null,
      "rd": null,
      "sga": 4187000,
      "fcf": 2493000,
      "ocf": 2493000,
      "capex": null,
      "gross_margin": null,
      "op_margin": 0.05880778950497993,
      "fcf_margin": 0.07411922104950201,
      "fcf_margin_change": -0.04268584023954504
    },
    {
      "date": "2022-01-01T00:00:00",
      "quarter_label": "2022-01 (Q1)",
      "revenue": 37403000,
      "gross_profit": null,
      "operating_income": 765000,
      "net_income": 1564000,
      "opex": 36638000,
      "cogs": null,
      "rd": null,
      "sga": 6031000,
      "fcf": 4229000,
      "ocf": 4229000,
      "capex": null,
      "gross_margin": null,
      "op_margin": 0.02045290484720477,
      "fcf_margin": 0.11306579686121435,
      "op_leverage_ratio": 0.7119880042451788,
      "fcf_margin_change": 0.03894657581171233
    },
    {
      "date": "2022-04-02T00:00:00",
      "quarter_label": "2022-04 (Q2)",
      "revenue": 40330000,
      "gross_profit": null,
      "operating_income": 1850000,
      "net_income": 1660000,
      "opex": 38480000,
      "cogs": null,
      "rd": null,
      "sga": 7491000,
      "fcf": 2996000,
      "ocf": 2996000,
      "capex": null,
      "gross_margin": null,
      "op_margin": 0.045871559633027525,
      "fcf_margin": 0.07428713116786512,
      "incr_op_margin_yoy": -0.15787711367821866,
      "rev_growth_yoy": 0.1738510347236371,
      "op_leverage_ratio": 1.556533304838345,
      "fcf_margin_change": -0.03877866569334923
    },
    {
      "date": "2022-07-02T00:00:00",
      "quarter_label": "2022-07 (Q3)",
      "revenue": 40675000,
      "gross_profit": null,
      "operating_income": 2083000,
      "net_income": 1835000,
      "opex": 38592000,
      "cogs": null,
      "rd": null,
      "sga": 6517000,
      "fcf": 600000,
      "ocf": 600000,
      "capex": null,
      "gross_margin": null,
      "op_margin": 0.051210817455439456,
      "fcf_margin": 0.014751075599262446,
      "incr_op_margin_yoy": -0.19197080291970803,
      "rev_growth_yoy": 0.07222881244233557,
      "rev_growth_yoy_accel": -0.10162222228130154,
      "fcf_margin_change": -0.05953605556860267
    },
    {
      "date": "2022-10-01T00:00:00",
      "quarter_label": "2022-10 (Q4)",
      "revenue": 39724000,
      "gross_profit": null,
      "operating_income": 2231000,
      "net_income": 1253000,
      "opex": 37493000,
      "cogs": null,
      "rd": null,
      "sga": 6532000,
      "fcf": 2677000,
      "ocf": 2677000,
      "capex": null,
      "gross_margin": null,
      "op_margin": 0.056162521397643744,
      "fcf_margin": 0.06738999093746853,
      "incr_op_margin_yoy": 0.041550336672688454,
      "rev_growth_yoy": 0.18103166344581537,
      "rev_growth_yoy_accel": 0.10880285100347979,
      "fcf_margin_change": 0.05263891533820608
    },
    {
      "date": "2022-12-31T00:00:00",
      "quarter_label": "2022-12 (Q4)",
      "revenue": 41861000,
      "gross_profit": null,
      "operating_income": 1197000,
      "net_income": 624000,
      "opex": 40664000,
      "cogs": null,
      "rd": null,
      "sga": 7390000,
      "fcf": 4897000,
      "ocf": 5879000,
      "capex": -982000,
      "gross_margin": null,
      "op_margin": 0.028594634624113137,
      "fcf_margin": 0.11698239411385299,
      "incr_op_margin_yoy": 0.09690444145356662,
      "rev_growth_yoy": 0.11918830040371094,
      "rev_growth_yoy_accel": -0.06184336304210443,
      "op_leverage_ratio": 0.6360708583327768,
      "fcf_margin_change": 0.049592403176384456
    },
    {
      "date": "2023-04-01T00:00:00",
      "quarter_label": "2023-04 (Q2)",
      "revenue": 43803000,
      "gross_profit": null,
      "operating_income": 2711000,
      "net_income": 1897000,
      "opex": 41092000,
      "cogs": null,
      "rd": null,
      "sga": 7618000,
      "fcf": -1685000,
      "ocf": -1685000,
      "capex": null,
      "gross_margin": null,
      "op_margin": 0.06189073807730064,
      "fcf_margin": -0.03846768486176746,
      "incr_op_margin_yoy": 0.24791246760725597,
      "rev_growth_yoy": 0.08611455492189438,
      "rev_growth_yoy_accel": -0.03307374548181656,
      "op_leverage_ratio": 4.407638363457879,
      "fcf_margin_change": -0.15545007897562044
    },
    {
      "date": "2023-07-01T00:00:00",
      "quarter_label": "2023-07 (Q3)",
      "revenue": 45372000,
      "gross_profit": null,
      "operating_income": 2700000,
      "net_income": 1605000,
      "opex": 42672000,
      "cogs": null,
      "rd": null,
      "sga": 7927000,
      "fcf": 3006000,
      "ocf": 3006000,
      "capex": null,
      "gross_margin": null,
      "op_margin": 0.059508066649034644,
      "fcf_margin": 0.06625231420259191,
      "incr_op_margin_yoy": 0.13136044283585266,
      "rev_growth_yoy": 0.11547633681622618,
      "rev_growth_yoy_accel": 0.029361781894331807,
      "op_leverage_ratio": 0.9315781214915919,
      "fcf_margin_change": 0.10471999906435936
    },
    {
      "date": "2023-09-30T00:00:00",
      "quarter_label": "2023-09 (Q3)",
      "revenue": 43360000,
      "gross_profit": null,
      "operating_income": 416000,
      "net_income": -127000,
      "opex": 42944000,
      "cogs": null,
      "rd": null,
      "sga": 8966000,
      "fcf": 1289000,
      "ocf": 1289000,
      "capex": null,
      "gross_margin": null,
      "op_margin": 0.00959409594095941,
      "fcf_margin": 0.029727859778597786,
      "incr_op_margin_yoy": -0.4991749174917492,
      "rev_growth_yoy": 0.09153156781794382,
      "rev_growth_yoy_accel": -0.023944768998282365,
      "fcf_margin_change": -0.03652445442399412
    },
    {
      "date": "2023-12-30T00:00:00",
      "quarter_label": "2023-12 (Q4)",
      "revenue": 45140000,
      "gross_profit": null,
      "operating_income": 793000,
      "net_income": 109000,
      "opex": 44347000,
      "cogs": null,
      "rd": null,
      "sga": 8087000,
      "fcf": 2790000,
      "ocf": 3450000,
      "capex": -660000,
      "gross_margin": null,
      "op_margin": 0.01756756756756757,
      "fcf_margin": 0.06180770934869295,
      "incr_op_margin_yoy": -0.12320829521195487,
      "rev_growth_yoy": 0.07833066577482621,
      "rev_growth_yoy_accel": -0.013200902043117607,
      "op_leverage_ratio": 1.256537782769132,
      "fcf_margin_change": 0.032079849570095166
    },
    {
      "date": "2024-03-30T00:00:00",
      "quarter_label": "2024-03 (Q1)",
      "revenue": 48069000,
      "gross_profit": null,
      "operating_income": 2685000,
      "net_income": 1942000,
      "opex": 45384000,
      "cogs": null,
      "rd": null,
      "sga": 1386000,
      "fcf": -2176000,
      "ocf": -1317000,
      "capex": -859000,
      "gross_margin": null,
      "op_margin": 0.05585720526742807,
      "fcf_margin": -0.04526826020928249,
      "incr_op_margin_yoy": -0.006094702297233943,
      "rev_growth_yoy": 0.09739058968563798,
      "rev_growth_yoy_accel": 0.019059923910811766,
      "op_leverage_ratio": 2.774874247439339,
      "fcf_margin_change": -0.10707596955797544
    },
    {
      "date": "2024-06-29T00:00:00",
      "quarter_label": "2024-06 (Q2)",
      "revenue": 49102000,
      "gross_profit": null,
      "operating_income": 2287000,
      "net_income": 1121000,
      "opex": 46815000,
      "cogs": null,
      "rd": null,
      "sga": 1288000,
      "fcf": 2195000,
      "ocf": 3086000,
      "capex": -891000,
      "gross_margin": null,
      "op_margin": 0.046576514194941146,
      "fcf_margin": 0.04470286342715164,
      "incr_op_margin_yoy": -0.11072386058981233,
      "rev_growth_yoy": 0.08220929207440712,
      "rev_growth_yoy_accel": -0.015181297611230854,
      "op_leverage_ratio": 0.6815510181402843,
      "fcf_margin_change": 0.08997112363643414
    },
    {
      "date": "2024-09-28T00:00:00",
      "quarter_label": "2024-09 (Q3)",
      "revenue": 45749000,
      "gross_profit": null,
      "operating_income": 517000,
      "net_income": 184000,
      "opex": 45378000,
      "cogs": null,
      "rd": null,
      "sga": 1473000,
      "fcf": 376000,
      "ocf": 1411000,
      "capex": -1035000,
      "gross_margin": null,
      "op_margin": 0.011300793459966338,
      "fcf_margin": 0.00821875887997552,
      "incr_op_margin_yoy": 0.04227710339053997,
      "rev_growth_yoy": 0.05509686346863469,
      "rev_growth_yoy_accel": -0.027112428605772433,
      "fcf_margin_change": -0.03648410454717613
    },
    {
      "date": "2024-12-28T00:00:00",
      "quarter_label": "2024-12 (Q4)",
      "revenue": 50262000,
      "gross_profit": null,
      "operating_income": 858000,
      "net_income": 55000,
      "opex": 49243000,
      "cogs": null,
      "rd": null,
      "sga": 1494000,
      "fcf": 6965000,
      "ocf": 7701000,
      "capex": -736000,
      "gross_margin": null,
      "op_margin": 0.017070550316342366,
      "fcf_margin": 0.1385738729059727,
      "incr_op_margin_yoy": 0.012690355329949238,
      "rev_growth_yoy": 0.11346920691182986,
      "rev_growth_yoy_accel": 0.058372343443195175,
      "op_leverage_ratio": 1.1581893857695926,
      "fcf_margin_change": 0.13035511402599717
    },
    {
      "date": "2025-03-29T00:00:00",
      "quarter_label": "2025-03 (Q1)",
      "revenue": 53632000,
      "gross_profit": null,
      "operating_income": 3635000,
      "net_income": 2690000,
      "opex": 49997000,
      "cogs": null,
      "rd": null,
      "sga": 1458000,
      "fcf": -2956000,
      "ocf": -1972000,
      "capex": -984000,
      "gross_margin": null,
      "op_margin": 0.06777670047732696,
      "fcf_margin": -0.055116348448687354,
      "incr_op_margin_yoy": 0.1707711666367068,
      "rev_growth_yoy": 0.11572947221702136,
      "rev_growth_yoy_accel": 0.0022602653051914945,
      "op_leverage_ratio": 4.378882507121569,
      "fcf_margin_change": -0.19369022135466005
    },
    {
      "date": "2025-06-28T00:00:00",
      "quarter_label": "2025-06 (Q2)",
      "revenue": 52164000,
      "gross_profit": null,
      "operating_income": 2974000,
      "net_income": 1392000,
      "opex": 49190000,
      "cogs": null,
      "rd": null,
      "sga": 1084000,
      "fcf": -1758000,
      "ocf": 1421000,
      "capex": -3179000,
      "gross_margin": null,
      "op_margin": 0.057012499041484546,
      "fcf_margin": -0.03370140326662066,
      "incr_op_margin_yoy": 0.22436316133246245,
      "rev_growth_yoy": 0.06235998533664616,
      "rev_growth_yoy_accel": -0.0533694868803752,
      "fcf_margin_change": 0.021414945182066693
    },
    {
      "date": "2025-09-27T00:00:00",
      "quarter_label": "2025-09 (Q3)",
      "revenue": 50000000,
      "gross_profit": null,
      "operating_income": 1625000,
      "net_income": 896000,
      "opex": 47912000,
      "cogs": null,
      "rd": null,
      "sga": 1427000,
      "fcf": null,
      "ocf": null,
      "capex": null,
      "gross_margin": null,
      "op_margin": 0.0325,
      "fcf_margin": null,
      "incr_op_margin_yoy": 0.26064455422253585,
      "rev_growth_yoy": 0.09292006382653173,
      "rev_growth_yoy_accel": 0.030560078489885567
    },
    {
      "date": "2025-12-27T00:00:00",
      "quarter_label": "2025-12 (Q4)",
      "revenue": 52568000,
      "gross_profit": null,
      "operating_income": 1669000,
      "net_income": 805000,
      "opex": 50899000,
      "cogs": null,
      "rd": null,
      "sga": 1416000,
      "fcf": 4473000,
      "ocf": 4945000,
      "capex": -472000,
      "gross_margin": null,
      "op_margin": 0.03174935321868817,
      "fcf_margin": 0.08508978846446508,
      "incr_op_margin_yoy": 0.35169124024284476,
      "rev_growth_yoy": 0.04587959094345629,
      "rev_growth_yoy_accel": -0.04704047288307544,
      "op_leverage_ratio": 0.8238233411449616
    }
  ],
  "signals": [
    {
      "quarter": "2025-12 (Q4)",
      "signal": "INCREMENTAL MARGIN (YoY)",
      "detail": "YoY Incr OPM: +35.2% vs year-ago OPM: +1.7%",
      "severity": "HIGH"
    },
    {
      "quarter": "2025-09 (Q3)",
      "signal": "INCREMENTAL MARGIN (YoY)",
      "detail": "YoY Incr OPM: +26.1% vs year-ago OPM: +1.1%",
      "severity": "HIGH"
    },
    {
      "quarter": "2025-06 (Q2)",
      "signal": "YoY REVENUE GROWTH DECELERATION",
      "detail": "YoY growth: +6.2% vs prior quarter YoY: +11.6% (decel: -5.3%)",
      "severity": "WARNING"
    },
    {
      "quarter": "2025-06 (Q2)",
      "signal": "INCREMENTAL MARGIN (YoY)",
      "detail": "YoY Incr OPM: +22.4% vs year-ago OPM: +4.7%",
      "severity": "MEDIUM"
    },
    {
      "quarter": "2025-03 (Q1)",
      "signal": "OPERATING LEVERAGE",
      "detail": "Rev growth +6.7% vs OpEx growth +1.5% (leverage: 4.4x)",
      "severity": "MEDIUM"
    },
    {
      "quarter": "2025-03 (Q1)",
      "signal": "INCREMENTAL MARGIN (YoY)",
      "detail": "YoY Incr OPM: +17.1% vs year-ago OPM: +5.6%",
      "severity": "MEDIUM"
    },
    {
      "quarter": "2024-12 (Q4)",
      "signal": "FCF MARGIN EXPANSION",
      "detail": "FCF margin: +0.8% -> +13.9% (+13.0%)",
      "severity": "MEDIUM"
    },
    {
      "quarter": "2024-12 (Q4)",
      "signal": "YoY REVENUE GROWTH ACCELERATION",
      "detail": "YoY growth: +11.3% vs prior quarter YoY: +5.5% (accel: +5.8%)",
      "severity": "MEDIUM"
    },
    {
      "quarter": "2024-06 (Q2)",
      "signal": "FCF TURNED POSITIVE",
      "detail": "FCF margin: -4.5% -> +4.5%",
      "severity": "HIGH"
    },
    {
      "quarter": "2024-03 (Q1)",
      "signal": "OPERATING LEVERAGE",
      "detail": "Rev growth +6.5% vs OpEx growth +2.3% (leverage: 2.8x)",
      "severity": "MEDIUM"
    },
    {
      "quarter": "2023-07 (Q3)",
      "signal": "FCF TURNED POSITIVE",
      "detail": "FCF margin: -3.8% -> +6.6%",
      "severity": "HIGH"
    },
    {
      "quarter": "2023-04 (Q2)",
      "signal": "OPERATING LEVERAGE",
      "detail": "Rev growth +4.6% vs OpEx growth +1.1% (leverage: 4.4x)",
      "severity": "MEDIUM"
    },
    {
      "quarter": "2023-04 (Q2)",
      "signal": "INCREMENTAL MARGIN (YoY)",
      "detail": "YoY Incr OPM: +24.8% vs year-ago OPM: +4.6%",
      "severity": "HIGH"
    },
    {
      "quarter": "2022-12 (Q4)",
      "signal": "YoY REVENUE GROWTH DECELERATION",
      "detail": "YoY growth: +11.9% vs prior quarter YoY: +18.1% (decel: -6.2%)",
      "severity": "WARNING"
    },
    {
      "quarter": "2022-10 (Q4)",
      "signal": "FCF MARGIN EXPANSION",
      "detail": "FCF margin: +1.5% -> +6.7% (+5.3%)",
      "severity": "MEDIUM"
    },
    {
      "quarter": "2022-10 (Q4)",
      "signal": "YoY REVENUE GROWTH ACCELERATION",
      "detail": "YoY growth: +18.1% vs prior quarter YoY: +7.2% (accel: +10.9%)",
      "severity": "MEDIUM"
    },
    {
      "quarter": "2022-07 (Q3)",
      "signal": "YoY REVENUE GROWTH DECELERATION",
      "detail": "YoY growth: +7.2% vs prior quarter YoY: +17.4% (decel: -10.2%)",
      "severity": "WARNING"
    },
    {
      "quarter": "2022-04 (Q2)",
      "signal": "OPERATING LEVERAGE",
      "detail": "Rev growth +7.8% vs OpEx growth +5.0% (leverage: 1.6x)",
      "severity": "MEDIUM"
    }
  ],
  "data_quality": {
    "n_quarters": 20,
    "coverage": {
      "revenue": [
        20,
        20
      ],
      "gross_profit": [
        0,
        20
      ],
      "op_income": [
        20,
        20
      ],
      "fcf": [
        19,
        20
      ]
    },
    "gaps": [],
    "warnings": [
      "gross_profit: no data"
    ]
  },
  "market_cap": null,
  "source": "SEC EDGAR",
  "last_updated": "2026-02-24T11:04:26.514084"
}