{
  "ticker": "BDN",
  "name": "Brandywine Realty Trust",
  "quarters": [
    {
      "date": "2020-12-31T00:00:00",
      "quarter_label": "2020-12 (Q4)",
      "revenue": 126821000,
      "gross_profit": 79756000,
      "operating_income": 45446000,
      "net_income": 18988000,
      "opex": 96349000,
      "cogs": 47065000,
      "rd": null,
      "sga": null,
      "fcf": 63342000,
      "ocf": 63342000,
      "capex": null,
      "gross_margin": 0.6288863831699797,
      "op_margin": 0.3583475922757272,
      "fcf_margin": 0.49945986863374364
    },
    {
      "date": "2021-03-31T00:00:00",
      "quarter_label": "2021-03 (Q1)",
      "revenue": 120769000,
      "gross_profit": 74095000,
      "operating_income": 29235000,
      "net_income": 6921000,
      "opex": 93601000,
      "cogs": 46674000,
      "rd": null,
      "sga": null,
      "fcf": 41176000,
      "ocf": 41176000,
      "capex": null,
      "gross_margin": 0.6135266500509237,
      "op_margin": 0.24207371096887445,
      "fcf_margin": 0.34094842219443733,
      "fcf_margin_change": -0.1585114464393063
    },
    {
      "date": "2021-06-30T00:00:00",
      "quarter_label": "2021-06 (Q2)",
      "revenue": 120102000,
      "gross_profit": 72675000,
      "operating_income": 21602000,
      "net_income": -167000,
      "opex": 98568000,
      "cogs": 47427000,
      "rd": null,
      "sga": null,
      "fcf": 37950000,
      "ocf": 37950000,
      "capex": null,
      "gross_margin": 0.605110655942449,
      "op_margin": 0.17986378245158283,
      "fcf_margin": 0.3159814157965729,
      "fcf_margin_change": -0.024967006397864422
    },
    {
      "date": "2021-09-30T00:00:00",
      "quarter_label": "2021-09 (Q3)",
      "revenue": 120418000,
      "gross_profit": 73366000,
      "operating_income": 19025000,
      "net_income": 967000,
      "opex": 102303000,
      "cogs": 47052000,
      "rd": null,
      "sga": null,
      "fcf": 61593000,
      "ocf": 61593000,
      "capex": null,
      "gross_margin": 0.6092610739258251,
      "op_margin": 0.15799133019980402,
      "fcf_margin": 0.5114932983441014,
      "fcf_margin_change": 0.1955118825475285
    },
    {
      "date": "2021-12-31T00:00:00",
      "quarter_label": "2021-12 (Q4)",
      "revenue": 125530000,
      "gross_profit": 78372000,
      "operating_income": 23433000,
      "net_income": 4568000,
      "opex": -106161000,
      "cogs": 47158000,
      "rd": null,
      "sga": null,
      "fcf": 50155000,
      "ocf": 50155000,
      "capex": null,
      "gross_margin": 0.6243288456942564,
      "op_margin": 0.18667250856368994,
      "fcf_margin": 0.39954592527682625,
      "incr_op_margin_yoy": 17.051123160340822,
      "rev_growth_yoy": -0.010179702099809968,
      "op_leverage_ratio": Infinity,
      "fcf_margin_change": -0.11194737306727515
    },
    {
      "date": "2022-03-31T00:00:00",
      "quarter_label": "2022-03 (Q1)",
      "revenue": 127505000,
      "gross_profit": 79587000,
      "operating_income": 26702000,
      "net_income": 6093000,
      "opex": 101700000,
      "cogs": 47918000,
      "rd": null,
      "sga": null,
      "fcf": 28515000,
      "ocf": 28515000,
      "capex": null,
      "gross_margin": 0.6241872867730677,
      "op_margin": 0.2094192384612368,
      "fcf_margin": 0.223638288694561,
      "incr_op_margin_yoy": -0.37603919239904987,
      "rev_growth_yoy": 0.055775902756502085,
      "rev_growth_yoy_accel": 0.06595560485631205,
      "op_leverage_ratio": Infinity,
      "fcf_margin_change": -0.17590763658226524
    },
    {
      "date": "2022-06-30T00:00:00",
      "quarter_label": "2022-06 (Q2)",
      "revenue": 124042000,
      "gross_profit": 74393000,
      "operating_income": 26377000,
      "net_income": 4637000,
      "opex": 101936000,
      "cogs": 49649000,
      "rd": null,
      "sga": null,
      "fcf": 49979000,
      "ocf": 49979000,
      "capex": null,
      "gross_margin": 0.5997404105061189,
      "op_margin": 0.21264571677335095,
      "fcf_margin": 0.40291997871688623,
      "incr_op_margin_yoy": 1.2119289340101522,
      "rev_growth_yoy": 0.03280544870193669,
      "rev_growth_yoy_accel": -0.022970454054565395,
      "fcf_margin_change": 0.17928169002232522
    },
    {
      "date": "2022-09-30T00:00:00",
      "quarter_label": "2022-09 (Q3)",
      "revenue": 125569000,
      "gross_profit": 78083000,
      "operating_income": 37037000,
      "net_income": 13441000,
      "opex": 100184000,
      "cogs": 47486000,
      "rd": null,
      "sga": null,
      "fcf": 69668000,
      "ocf": 69668000,
      "capex": null,
      "gross_margin": 0.621833414298115,
      "op_margin": 0.2949533722495202,
      "fcf_margin": 0.5548184663412148,
      "incr_op_margin_yoy": 3.496796738497379,
      "rev_growth_yoy": 0.042775996943978475,
      "rev_growth_yoy_accel": 0.009970548242041785,
      "op_leverage_ratio": Infinity,
      "fcf_margin_change": 0.15189848762432856
    },
    {
      "date": "2022-12-31T00:00:00",
      "quarter_label": "2022-12 (Q4)",
      "revenue": 128984000,
      "gross_profit": 79636000,
      "operating_income": 29614000,
      "net_income": 29653000,
      "opex": -109419000,
      "cogs": 49348000,
      "rd": null,
      "sga": null,
      "fcf": 61145000,
      "ocf": 61145000,
      "capex": null,
      "gross_margin": 0.6174099113068288,
      "op_margin": 0.22959436829374186,
      "fcf_margin": 0.474051045090864,
      "incr_op_margin_yoy": 1.7895193977996526,
      "rev_growth_yoy": 0.02751533497968613,
      "rev_growth_yoy_accel": -0.015260661964292346,
      "op_leverage_ratio": Infinity,
      "fcf_margin_change": -0.0807674212503508
    },
    {
      "date": "2023-03-31T00:00:00",
      "quarter_label": "2023-03 (Q1)",
      "revenue": 129227000,
      "gross_profit": 78392000,
      "operating_income": 24091000,
      "net_income": -5259000,
      "opex": 50835000,
      "cogs": 50835000,
      "rd": null,
      "sga": null,
      "fcf": 5375000,
      "ocf": 5375000,
      "capex": null,
      "gross_margin": 0.6066224550597011,
      "op_margin": 0.18642388974440327,
      "fcf_margin": 0.04159347504778413,
      "incr_op_margin_yoy": -1.516260162601626,
      "rev_growth_yoy": 0.01350535273126544,
      "rev_growth_yoy_accel": -0.01400998224842069,
      "fcf_margin_change": -0.43245757004307983
    },
    {
      "date": "2023-06-30T00:00:00",
      "quarter_label": "2023-06 (Q2)",
      "revenue": 125882000,
      "gross_profit": 79863000,
      "operating_income": 18956000,
      "net_income": -12696000,
      "opex": 46019000,
      "cogs": 46019000,
      "rd": null,
      "sga": null,
      "fcf": 55929000,
      "ocf": 55929000,
      "capex": null,
      "gross_margin": 0.6344274797032141,
      "op_margin": 0.1505854689312213,
      "fcf_margin": 0.44429704008515913,
      "incr_op_margin_yoy": -4.033152173913043,
      "rev_growth_yoy": 0.01483368536463456,
      "rev_growth_yoy_accel": 0.001328332633369119,
      "fcf_margin_change": 0.40270356503737503
    },
    {
      "date": "2023-09-30T00:00:00",
      "quarter_label": "2023-09 (Q3)",
      "revenue": 129372000,
      "gross_profit": 82973000,
      "operating_income": 14272000,
      "net_income": -21554000,
      "opex": 46399000,
      "cogs": 46399000,
      "rd": null,
      "sga": null,
      "fcf": 50101000,
      "ocf": 50101000,
      "capex": null,
      "gross_margin": 0.6413520699996909,
      "op_margin": 0.11031753393315401,
      "fcf_margin": 0.38726308629378847,
      "incr_op_margin_yoy": -5.986063633973179,
      "rev_growth_yoy": 0.030286137502090485,
      "rev_growth_yoy_accel": 0.015452452137455925,
      "op_leverage_ratio": 3.357494989041534,
      "fcf_margin_change": -0.05703395379137066
    },
    {
      "date": "2023-12-31T00:00:00",
      "quarter_label": "2023-12 (Q4)",
      "revenue": 130170000,
      "gross_profit": 83476000,
      "operating_income": -78900000,
      "net_income": -157280000,
      "opex": 46694000,
      "cogs": null,
      "rd": null,
      "sga": null,
      "fcf": 65868000,
      "ocf": 65868000,
      "capex": null,
      "gross_margin": 0.6412844741491895,
      "op_margin": -0.60613044480295,
      "fcf_margin": 0.5060152108780825,
      "incr_op_margin_yoy": -91.49578414839797,
      "rev_growth_yoy": 0.009194938907151274,
      "rev_growth_yoy_accel": -0.02109119859493921,
      "fcf_margin_change": 0.11875212458429407
    },
    {
      "date": "2024-03-31T00:00:00",
      "quarter_label": "2024-03 (Q1)",
      "revenue": 126484000,
      "gross_profit": 79070000,
      "operating_income": 22924000,
      "net_income": -16368000,
      "opex": 47414000,
      "cogs": null,
      "rd": null,
      "sga": null,
      "fcf": 23811000,
      "ocf": 23811000,
      "capex": null,
      "gross_margin": 0.6251383574207015,
      "op_margin": 0.1812403149805509,
      "fcf_margin": 0.18825305967553208,
      "incr_op_margin_yoy": 0.4254465913233686,
      "rev_growth_yoy": -0.02122621433601337,
      "rev_growth_yoy_accel": -0.030421153243164644,
      "fcf_margin_change": -0.31776215120255047
    },
    {
      "date": "2024-06-30T00:00:00",
      "quarter_label": "2024-06 (Q2)",
      "revenue": 125346000,
      "gross_profit": 79032000,
      "operating_income": 19477000,
      "net_income": 30173000,
      "opex": 46314000,
      "cogs": null,
      "rd": null,
      "sga": null,
      "fcf": 48159000,
      "ocf": 48159000,
      "capex": null,
      "gross_margin": 0.6305107462543679,
      "op_margin": 0.15538589185135546,
      "fcf_margin": 0.38420851084198937,
      "rev_growth_yoy": -0.004257955863427655,
      "rev_growth_yoy_accel": 0.016968258472585714,
      "fcf_margin_change": 0.1959554511664573
    },
    {
      "date": "2024-09-30T00:00:00",
      "quarter_label": "2024-09 (Q3)",
      "revenue": 131782000,
      "gross_profit": 85503000,
      "operating_income": -9459000,
      "net_income": -165220000,
      "opex": 46279000,
      "cogs": null,
      "rd": null,
      "sga": null,
      "fcf": 52232000,
      "ocf": 52232000,
      "capex": null,
      "gross_margin": 0.6488215386016299,
      "op_margin": -0.0717776327571292,
      "fcf_margin": 0.39635155028759617,
      "incr_op_margin_yoy": -9.84688796680498,
      "rev_growth_yoy": 0.01862845128775933,
      "rev_growth_yoy_accel": 0.022886407151186984,
      "op_leverage_ratio": Infinity,
      "fcf_margin_change": 0.012143039445606796
    },
    {
      "date": "2024-12-31T00:00:00",
      "quarter_label": "2024-12 (Q4)",
      "revenue": 121905000,
      "gross_profit": 74582000,
      "operating_income": 21938000,
      "net_income": -44492000,
      "opex": 47323000,
      "cogs": null,
      "rd": null,
      "sga": null,
      "fcf": 56923000,
      "ocf": 56923000,
      "capex": null,
      "gross_margin": 0.6118042738197776,
      "op_margin": 0.17995980476600631,
      "fcf_margin": 0.46694557237192896,
      "incr_op_margin_yoy": -12.200604960677556,
      "rev_growth_yoy": -0.06349389260198203,
      "rev_growth_yoy_accel": -0.08212234388974136,
      "fcf_margin_change": 0.0705940220843328
    },
    {
      "date": "2025-03-31T00:00:00",
      "quarter_label": "2025-03 (Q1)",
      "revenue": 121516000,
      "gross_profit": 73925000,
      "operating_income": 15161000,
      "net_income": -26975000,
      "opex": 47591000,
      "cogs": null,
      "rd": null,
      "sga": null,
      "fcf": 6315000,
      "ocf": 6315000,
      "capex": null,
      "gross_margin": 0.6083561012541558,
      "op_margin": 0.12476546298429836,
      "fcf_margin": 0.05196846505809934,
      "incr_op_margin_yoy": 1.5626006441223832,
      "rev_growth_yoy": -0.039277695202555266,
      "rev_growth_yoy_accel": 0.024216197399426764,
      "fcf_margin_change": -0.41497710731382964
    },
    {
      "date": "2025-06-30T00:00:00",
      "quarter_label": "2025-06 (Q2)",
      "revenue": 120571000,
      "gross_profit": 75215000,
      "operating_income": -41327000,
      "net_income": -88669000,
      "opex": 45356000,
      "cogs": null,
      "rd": null,
      "sga": null,
      "fcf": 34389000,
      "ocf": 34389000,
      "capex": null,
      "gross_margin": 0.6238233074288179,
      "op_margin": -0.34276069701669554,
      "fcf_margin": 0.2852178384520324,
      "incr_op_margin_yoy": 12.733821989528796,
      "rev_growth_yoy": -0.038094554273770204,
      "rev_growth_yoy_accel": 0.001183140928785062,
      "fcf_margin_change": 0.23324937339393306
    },
    {
      "date": "2025-09-30T00:00:00",
      "quarter_label": "2025-09 (Q3)",
      "revenue": 121417000,
      "gross_profit": 76008000,
      "operating_income": 25197000,
      "net_income": -25919000,
      "opex": 45409000,
      "cogs": null,
      "rd": null,
      "sga": null,
      "fcf": 47463000,
      "ocf": 47463000,
      "capex": null,
      "gross_margin": 0.6260078901636509,
      "op_margin": 0.20752448174473098,
      "fcf_margin": 0.39090901603564576,
      "incr_op_margin_yoy": -3.34356005788712,
      "rev_growth_yoy": -0.078652623271767,
      "rev_growth_yoy_accel": -0.0405580689979968,
      "fcf_margin_change": 0.10569117758361335
    }
  ],
  "signals": [
    {
      "quarter": "2025-09 (Q3)",
      "signal": "FCF MARGIN EXPANSION",
      "detail": "FCF margin: +28.5% -> +39.1% (+10.6%)",
      "severity": "MEDIUM"
    },
    {
      "quarter": "2025-09 (Q3)",
      "signal": "OP MARGIN TURNED POSITIVE (YoY)",
      "detail": "Op margin: -7.2% (year-ago) -> +20.8%",
      "severity": "HIGH"
    },
    {
      "quarter": "2025-09 (Q3)",
      "signal": "OP MARGIN TURNED POSITIVE (QoQ)",
      "detail": "Op margin: -34.3% -> +20.8%",
      "severity": "HIGH"
    },
    {
      "quarter": "2025-06 (Q2)",
      "signal": "FCF MARGIN EXPANSION",
      "detail": "FCF margin: +5.2% -> +28.5% (+23.3%)",
      "severity": "MEDIUM"
    },
    {
      "quarter": "2025-03 (Q1)",
      "signal": "INCREMENTAL MARGIN (YoY)",
      "detail": "YoY Incr OPM: +156.3% vs year-ago OPM: +18.1%",
      "severity": "HIGH"
    },
    {
      "quarter": "2024-12 (Q4)",
      "signal": "FCF MARGIN EXPANSION",
      "detail": "FCF margin: +39.6% -> +46.7% (+7.1%)",
      "severity": "MEDIUM"
    },
    {
      "quarter": "2024-12 (Q4)",
      "signal": "YoY REVENUE GROWTH DECELERATION",
      "detail": "YoY growth: -6.3% vs prior quarter YoY: +1.9% (decel: -8.2%)",
      "severity": "WARNING"
    },
    {
      "quarter": "2024-12 (Q4)",
      "signal": "OP MARGIN TURNED POSITIVE (YoY)",
      "detail": "Op margin: -60.6% (year-ago) -> +18.0%",
      "severity": "HIGH"
    },
    {
      "quarter": "2024-12 (Q4)",
      "signal": "OP MARGIN TURNED POSITIVE (QoQ)",
      "detail": "Op margin: -7.2% -> +18.0%",
      "severity": "HIGH"
    },
    {
      "quarter": "2024-06 (Q2)",
      "signal": "FCF MARGIN EXPANSION",
      "detail": "FCF margin: +18.8% -> +38.4% (+19.6%)",
      "severity": "MEDIUM"
    },
    {
      "quarter": "2024-03 (Q1)",
      "signal": "INCREMENTAL MARGIN (YoY)",
      "detail": "YoY Incr OPM: +42.5% vs year-ago OPM: +18.6%",
      "severity": "HIGH"
    },
    {
      "quarter": "2024-03 (Q1)",
      "signal": "OP MARGIN TURNED POSITIVE (QoQ)",
      "detail": "Op margin: -60.6% -> +18.1%",
      "severity": "HIGH"
    },
    {
      "quarter": "2023-12 (Q4)",
      "signal": "FCF MARGIN EXPANSION",
      "detail": "FCF margin: +38.7% -> +50.6% (+11.9%)",
      "severity": "MEDIUM"
    },
    {
      "quarter": "2023-09 (Q3)",
      "signal": "OPERATING LEVERAGE",
      "detail": "Rev growth +2.8% vs OpEx growth +0.8% (leverage: 3.4x)",
      "severity": "MEDIUM"
    },
    {
      "quarter": "2023-06 (Q2)",
      "signal": "FCF MARGIN EXPANSION",
      "detail": "FCF margin: +4.2% -> +44.4% (+40.3%)",
      "severity": "MEDIUM"
    },
    {
      "quarter": "2023-06 (Q2)",
      "signal": "GROSS MARGIN INFLECTION",
      "detail": "GM: +61.7% -> +60.7% -> +63.4% (reversal +2.8%)",
      "severity": "MEDIUM"
    },
    {
      "quarter": "2022-12 (Q4)",
      "signal": "INCREMENTAL MARGIN (YoY)",
      "detail": "YoY Incr OPM: +179.0% vs year-ago OPM: +18.7%",
      "severity": "HIGH"
    },
    {
      "quarter": "2022-09 (Q3)",
      "signal": "FCF MARGIN EXPANSION",
      "detail": "FCF margin: +40.3% -> +55.5% (+15.2%)",
      "severity": "MEDIUM"
    },
    {
      "quarter": "2022-09 (Q3)",
      "signal": "GROSS MARGIN INFLECTION",
      "detail": "GM: +62.4% -> +60.0% -> +62.2% (reversal +2.2%)",
      "severity": "MEDIUM"
    },
    {
      "quarter": "2022-09 (Q3)",
      "signal": "INCREMENTAL MARGIN (YoY)",
      "detail": "YoY Incr OPM: +349.7% vs year-ago OPM: +15.8%",
      "severity": "HIGH"
    },
    {
      "quarter": "2022-06 (Q2)",
      "signal": "FCF MARGIN EXPANSION",
      "detail": "FCF margin: +22.4% -> +40.3% (+17.9%)",
      "severity": "MEDIUM"
    },
    {
      "quarter": "2022-06 (Q2)",
      "signal": "INCREMENTAL MARGIN (YoY)",
      "detail": "YoY Incr OPM: +121.2% vs year-ago OPM: +18.0%",
      "severity": "HIGH"
    },
    {
      "quarter": "2022-03 (Q1)",
      "signal": "YoY REVENUE GROWTH ACCELERATION",
      "detail": "YoY growth: +5.6% vs prior quarter YoY: -1.0% (accel: +6.6%)",
      "severity": "MEDIUM"
    },
    {
      "quarter": "2021-12 (Q4)",
      "signal": "INCREMENTAL MARGIN (YoY)",
      "detail": "YoY Incr OPM: +1705.1% vs year-ago OPM: +35.8%",
      "severity": "HIGH"
    },
    {
      "quarter": "2021-09 (Q3)",
      "signal": "FCF MARGIN EXPANSION",
      "detail": "FCF margin: +31.6% -> +51.1% (+19.6%)",
      "severity": "MEDIUM"
    }
  ],
  "data_quality": {
    "n_quarters": 20,
    "coverage": {
      "revenue": [
        20,
        20
      ],
      "gross_profit": [
        20,
        20
      ],
      "op_income": [
        20,
        20
      ],
      "fcf": [
        20,
        20
      ]
    },
    "gaps": [],
    "warnings": []
  },
  "market_cap": null,
  "source": "SEC EDGAR",
  "last_updated": "2026-02-02T22:25:55.909041",
  "sector": "Real Estate",
  "industry": "REIT - Office"
}