{
  "ticker": "BDSX",
  "name": "Biodesix, Inc.",
  "quarters": [
    {
      "date": "2020-12-31T00:00:00",
      "quarter_label": "2020-12 (Q4)",
      "revenue": 27029000,
      "gross_profit": null,
      "operating_income": -2653000,
      "net_income": -4533000,
      "opex": 29682000,
      "cogs": null,
      "rd": 3105000,
      "sga": 12064000,
      "fcf": -9218000,
      "ocf": -8756000,
      "capex": -462000,
      "gross_margin": null,
      "op_margin": -0.09815383477006179,
      "fcf_margin": -0.34104110399940807
    },
    {
      "date": "2021-03-31T00:00:00",
      "quarter_label": "2021-03 (Q1)",
      "revenue": 28866000,
      "gross_profit": null,
      "operating_income": -5583000,
      "net_income": -6961000,
      "opex": 34449000,
      "cogs": null,
      "rd": 3321000,
      "sga": 11927000,
      "fcf": -11792000,
      "ocf": -11326000,
      "capex": -466000,
      "gross_margin": null,
      "op_margin": -0.1934109332779048,
      "fcf_margin": -0.40850827963694314,
      "op_leverage_ratio": 0.4231820000991406,
      "fcf_margin_change": -0.06746717563753507
    },
    {
      "date": "2021-06-30T00:00:00",
      "quarter_label": "2021-06 (Q2)",
      "revenue": 11885000,
      "gross_profit": null,
      "operating_income": -10587000,
      "net_income": -11402000,
      "opex": 22472000,
      "cogs": null,
      "rd": 3323000,
      "sga": 11425000,
      "fcf": 809000,
      "ocf": 1090000,
      "capex": -281000,
      "gross_margin": null,
      "op_margin": -0.8907867059318468,
      "fcf_margin": 0.06806899453092133,
      "fcf_margin_change": 0.47657727416786444
    },
    {
      "date": "2021-09-30T00:00:00",
      "quarter_label": "2021-09 (Q3)",
      "revenue": 6531000,
      "gross_profit": null,
      "operating_income": -13091000,
      "net_income": -11514000,
      "opex": 19622000,
      "cogs": null,
      "rd": 3293000,
      "sga": 13607000,
      "fcf": -8754000,
      "ocf": -7790000,
      "capex": -964000,
      "gross_margin": null,
      "op_margin": -2.0044403613535446,
      "fcf_margin": -1.3403766651355076,
      "fcf_margin_change": -1.408445659666429
    },
    {
      "date": "2021-12-31T00:00:00",
      "quarter_label": "2021-12 (Q4)",
      "revenue": 7224000,
      "gross_profit": null,
      "operating_income": -11679000,
      "net_income": -13282000,
      "opex": 18903000,
      "cogs": null,
      "rd": 2852000,
      "sga": 13558000,
      "fcf": -10727000,
      "ocf": -10197000,
      "capex": -530000,
      "gross_margin": null,
      "op_margin": -1.6166943521594683,
      "fcf_margin": -1.4849114064230344,
      "incr_op_margin_yoy": 0.45574349911638473,
      "rev_growth_yoy": -0.7327315105997262,
      "op_leverage_ratio": Infinity,
      "fcf_margin_change": -0.14453474128752686
    },
    {
      "date": "2022-03-31T00:00:00",
      "quarter_label": "2022-03 (Q1)",
      "revenue": 6548000,
      "gross_profit": null,
      "operating_income": -14461000,
      "net_income": -15586000,
      "opex": 21009000,
      "cogs": null,
      "rd": 3206000,
      "sga": 14487000,
      "fcf": -13361000,
      "ocf": -13099000,
      "capex": -262000,
      "gross_margin": null,
      "op_margin": -2.208460598656078,
      "fcf_margin": -2.040470372632865,
      "incr_op_margin_yoy": 0.3977955013890134,
      "rev_growth_yoy": -0.7731587334580475,
      "rev_growth_yoy_accel": -0.04042722285832134,
      "fcf_margin_change": -0.5555589662098306
    },
    {
      "date": "2022-06-30T00:00:00",
      "quarter_label": "2022-06 (Q2)",
      "revenue": 10950000,
      "gross_profit": null,
      "operating_income": -11626000,
      "net_income": -15824000,
      "opex": 22576000,
      "cogs": null,
      "rd": 3361000,
      "sga": 15235000,
      "fcf": -9923000,
      "ocf": -9594000,
      "capex": -329000,
      "gross_margin": null,
      "op_margin": -1.0617351598173517,
      "fcf_margin": -0.9062100456621005,
      "rev_growth_yoy": -0.07867059318468658,
      "rev_growth_yoy_accel": 0.6944881402733609,
      "op_leverage_ratio": 9.013173934450577,
      "fcf_margin_change": 1.1342603269707645
    },
    {
      "date": "2022-09-30T00:00:00",
      "quarter_label": "2022-09 (Q3)",
      "revenue": 11107000,
      "gross_profit": null,
      "operating_income": -10610000,
      "net_income": -13699000,
      "opex": 21717000,
      "cogs": null,
      "rd": 2970000,
      "sga": 15114000,
      "fcf": -11108000,
      "ocf": -10331000,
      "capex": -777000,
      "gross_margin": null,
      "op_margin": -0.9552534437741964,
      "fcf_margin": -1.0000900333123255,
      "incr_op_margin_yoy": 0.5421765734265734,
      "rev_growth_yoy": 0.7006583984075946,
      "rev_growth_yoy_accel": 0.7793289915922812,
      "op_leverage_ratio": Infinity,
      "fcf_margin_change": -0.09387998765022498
    },
    {
      "date": "2022-12-31T00:00:00",
      "quarter_label": "2022-12 (Q4)",
      "revenue": 9607000,
      "gross_profit": null,
      "operating_income": -13890000,
      "net_income": -20338000,
      "opex": 23497000,
      "cogs": null,
      "rd": 3565000,
      "sga": 16626000,
      "fcf": -13878000,
      "ocf": -11948000,
      "capex": -1930000,
      "gross_margin": null,
      "op_margin": -1.4458207556989695,
      "fcf_margin": -1.444571666493182,
      "incr_op_margin_yoy": -0.9278220730172052,
      "rev_growth_yoy": 0.32987264673311184,
      "rev_growth_yoy_accel": -0.37078575167448274,
      "fcf_margin_change": -0.44448163318085654
    },
    {
      "date": "2023-03-31T00:00:00",
      "quarter_label": "2023-03 (Q1)",
      "revenue": 9056000,
      "gross_profit": null,
      "operating_income": -16373000,
      "net_income": -18702000,
      "opex": 25429000,
      "cogs": null,
      "rd": 3251000,
      "sga": 18989000,
      "fcf": -15362000,
      "ocf": -7686000,
      "capex": -7676000,
      "gross_margin": null,
      "op_margin": -1.8079726148409894,
      "fcf_margin": -1.6963339222614842,
      "incr_op_margin_yoy": -0.7623604465709729,
      "rev_growth_yoy": 0.3830177153329261,
      "rev_growth_yoy_accel": 0.05314506859981427,
      "fcf_margin_change": -0.25176225576830213
    },
    {
      "date": "2023-06-30T00:00:00",
      "quarter_label": "2023-06 (Q2)",
      "revenue": 11872000,
      "gross_profit": null,
      "operating_income": -10927000,
      "net_income": -13356000,
      "opex": 22799000,
      "cogs": null,
      "rd": 2910000,
      "sga": 16651000,
      "fcf": -5480000,
      "ocf": 937000,
      "capex": -6417000,
      "gross_margin": null,
      "op_margin": -0.9204009433962265,
      "fcf_margin": -0.4615902964959569,
      "rev_growth_yoy": 0.08420091324200914,
      "rev_growth_yoy_accel": -0.298816802090917,
      "op_leverage_ratio": Infinity,
      "fcf_margin_change": 1.2347436257655273
    },
    {
      "date": "2023-09-30T00:00:00",
      "quarter_label": "2023-09 (Q3)",
      "revenue": 13491000,
      "gross_profit": null,
      "operating_income": -7172000,
      "net_income": -10949000,
      "opex": 20663000,
      "cogs": null,
      "rd": 1938000,
      "sga": 15496000,
      "fcf": -9680000,
      "ocf": -3838000,
      "capex": -5842000,
      "gross_margin": null,
      "op_margin": -0.5316136683715069,
      "fcf_margin": -0.7175153806241198,
      "incr_op_margin_yoy": 1.4421140939597314,
      "rev_growth_yoy": 0.21463941658413613,
      "rev_growth_yoy_accel": 0.13043850334212698,
      "op_leverage_ratio": Infinity,
      "fcf_margin_change": -0.2559250841281629
    },
    {
      "date": "2023-12-31T00:00:00",
      "quarter_label": "2023-12 (Q4)",
      "revenue": 14668000,
      "gross_profit": null,
      "operating_income": -6870000,
      "net_income": -9139000,
      "opex": 21538000,
      "cogs": null,
      "rd": 1889000,
      "sga": 16251000,
      "fcf": -15267000,
      "ocf": -12283000,
      "capex": -2984000,
      "gross_margin": null,
      "op_margin": -0.4683665121352604,
      "fcf_margin": -1.0408371966184893,
      "incr_op_margin_yoy": 1.3870776526378186,
      "rev_growth_yoy": 0.5268033725408556,
      "rev_growth_yoy_accel": 0.31216395595671953,
      "op_leverage_ratio": 2.0602391859123017,
      "fcf_margin_change": -0.3233218159943695
    },
    {
      "date": "2024-03-31T00:00:00",
      "quarter_label": "2024-03 (Q1)",
      "revenue": 14818000,
      "gross_profit": null,
      "operating_income": -11021000,
      "net_income": -13614000,
      "opex": 25839000,
      "cogs": null,
      "rd": 2040000,
      "sga": 20556000,
      "fcf": -15545000,
      "ocf": -15311000,
      "capex": -234000,
      "gross_margin": null,
      "op_margin": -0.7437575921176947,
      "fcf_margin": -1.0490619516803887,
      "incr_op_margin_yoy": 0.9288441513363416,
      "rev_growth_yoy": 0.6362632508833922,
      "rev_growth_yoy_accel": 0.10945987834253657,
      "op_leverage_ratio": 0.05121017828883726,
      "fcf_margin_change": -0.008224755061899458
    },
    {
      "date": "2024-06-30T00:00:00",
      "quarter_label": "2024-06 (Q2)",
      "revenue": 17925000,
      "gross_profit": null,
      "operating_income": -8237000,
      "net_income": -10808000,
      "opex": 26162000,
      "cogs": null,
      "rd": 2558000,
      "sga": 19660000,
      "fcf": -20497000,
      "ocf": -18571000,
      "capex": -1926000,
      "gross_margin": null,
      "op_margin": -0.4595258019525802,
      "fcf_margin": -1.143486750348675,
      "incr_op_margin_yoy": 0.4444077317032876,
      "rev_growth_yoy": 0.5098551212938005,
      "rev_growth_yoy_accel": -0.1264081295895917,
      "op_leverage_ratio": 16.773544392290024,
      "fcf_margin_change": -0.09442479866828624
    },
    {
      "date": "2024-09-30T00:00:00",
      "quarter_label": "2024-09 (Q3)",
      "revenue": 18151000,
      "gross_profit": null,
      "operating_income": -8591000,
      "net_income": -10258000,
      "opex": 26742000,
      "cogs": null,
      "rd": 2547000,
      "sga": 20016000,
      "fcf": -10902000,
      "ocf": -10671000,
      "capex": -231000,
      "gross_margin": null,
      "op_margin": -0.4733072557985786,
      "fcf_margin": -0.6006280645694452,
      "incr_op_margin_yoy": -0.3045064377682403,
      "rev_growth_yoy": 0.3454154621599585,
      "rev_growth_yoy_accel": -0.164439659133842,
      "op_leverage_ratio": 0.5687117780022123,
      "fcf_margin_change": 0.5428586857792298
    },
    {
      "date": "2024-12-31T00:00:00",
      "quarter_label": "2024-12 (Q4)",
      "revenue": 20429000,
      "gross_profit": null,
      "operating_income": -6649000,
      "net_income": -8251000,
      "opex": 27078000,
      "cogs": null,
      "rd": 2414000,
      "sga": 20219000,
      "fcf": -4935000,
      "ocf": -4096000,
      "capex": -839000,
      "gross_margin": null,
      "op_margin": -0.3254686964609134,
      "fcf_margin": -0.2415683587057614,
      "incr_op_margin_yoy": 0.03836139559104322,
      "rev_growth_yoy": 0.3927597491137169,
      "rev_growth_yoy_accel": 0.04734428695375842,
      "op_leverage_ratio": 9.988672406872507,
      "fcf_margin_change": 0.35905970586368374
    },
    {
      "date": "2025-03-31T00:00:00",
      "quarter_label": "2025-03 (Q1)",
      "revenue": 17958000,
      "gross_profit": null,
      "operating_income": -9136000,
      "net_income": -11101000,
      "opex": 27094000,
      "cogs": null,
      "rd": 2870000,
      "sga": 20448000,
      "fcf": -8676000,
      "ocf": -8602000,
      "capex": -74000,
      "gross_margin": null,
      "op_margin": -0.508742621672792,
      "fcf_margin": -0.4831272970263949,
      "incr_op_margin_yoy": 0.6003184713375797,
      "rev_growth_yoy": 0.21190444054528276,
      "rev_growth_yoy_accel": -0.18085530856843415,
      "fcf_margin_change": -0.2415589383206335
    },
    {
      "date": "2025-06-30T00:00:00",
      "quarter_label": "2025-06 (Q2)",
      "revenue": 20018000,
      "gross_profit": null,
      "operating_income": -9719000,
      "net_income": -11468000,
      "opex": 29737000,
      "cogs": null,
      "rd": 3269000,
      "sga": 22411000,
      "fcf": -6619000,
      "ocf": -6568000,
      "capex": -51000,
      "gross_margin": null,
      "op_margin": -0.48551303826556097,
      "fcf_margin": -0.33065241282845437,
      "incr_op_margin_yoy": -0.7080745341614907,
      "rev_growth_yoy": 0.11676429567642957,
      "rev_growth_yoy_accel": -0.0951401448688532,
      "op_leverage_ratio": 1.1759401440204131,
      "fcf_margin_change": 0.15247488419794053
    },
    {
      "date": "2025-09-30T00:00:00",
      "quarter_label": "2025-09 (Q3)",
      "revenue": 21768000,
      "gross_profit": null,
      "operating_income": -7051000,
      "net_income": -8716000,
      "opex": 28819000,
      "cogs": null,
      "rd": 2992000,
      "sga": 21714000,
      "fcf": -8927000,
      "ocf": -8879000,
      "capex": -48000,
      "gross_margin": null,
      "op_margin": -0.3239158397647924,
      "fcf_margin": -0.4100973906651966,
      "incr_op_margin_yoy": 0.42576721039535526,
      "rev_growth_yoy": 0.1992727673406424,
      "rev_growth_yoy_accel": 0.08250847166421282,
      "op_leverage_ratio": Infinity,
      "fcf_margin_change": -0.07944497783674226
    }
  ],
  "signals": [
    {
      "quarter": "2025-09 (Q3)",
      "signal": "YoY REVENUE GROWTH ACCELERATION",
      "detail": "YoY growth: +19.9% vs prior quarter YoY: +11.7% (accel: +8.3%)",
      "severity": "MEDIUM"
    },
    {
      "quarter": "2025-06 (Q2)",
      "signal": "FCF MARGIN EXPANSION",
      "detail": "FCF margin: -48.3% -> -33.1% (+15.2%)",
      "severity": "MEDIUM"
    },
    {
      "quarter": "2025-06 (Q2)",
      "signal": "YoY REVENUE GROWTH DECELERATION",
      "detail": "YoY growth: +11.7% vs prior quarter YoY: +21.2% (decel: -9.5%)",
      "severity": "WARNING"
    },
    {
      "quarter": "2025-03 (Q1)",
      "signal": "YoY REVENUE GROWTH DECELERATION",
      "detail": "YoY growth: +21.2% vs prior quarter YoY: +39.3% (decel: -18.1%)",
      "severity": "WARNING"
    },
    {
      "quarter": "2024-12 (Q4)",
      "signal": "FCF MARGIN EXPANSION",
      "detail": "FCF margin: -60.1% -> -24.2% (+35.9%)",
      "severity": "MEDIUM"
    },
    {
      "quarter": "2024-12 (Q4)",
      "signal": "OPERATING LEVERAGE",
      "detail": "Rev growth +12.6% vs OpEx growth +1.3% (leverage: 10.0x)",
      "severity": "MEDIUM"
    },
    {
      "quarter": "2024-09 (Q3)",
      "signal": "FCF MARGIN EXPANSION",
      "detail": "FCF margin: -114.3% -> -60.1% (+54.3%)",
      "severity": "MEDIUM"
    },
    {
      "quarter": "2024-09 (Q3)",
      "signal": "YoY REVENUE GROWTH DECELERATION",
      "detail": "YoY growth: +34.5% vs prior quarter YoY: +51.0% (decel: -16.4%)",
      "severity": "WARNING"
    },
    {
      "quarter": "2024-06 (Q2)",
      "signal": "OPERATING LEVERAGE",
      "detail": "Rev growth +21.0% vs OpEx growth +1.3% (leverage: 16.8x)",
      "severity": "MEDIUM"
    },
    {
      "quarter": "2024-06 (Q2)",
      "signal": "YoY REVENUE GROWTH DECELERATION",
      "detail": "YoY growth: +51.0% vs prior quarter YoY: +63.6% (decel: -12.6%)",
      "severity": "WARNING"
    },
    {
      "quarter": "2024-03 (Q1)",
      "signal": "YoY REVENUE GROWTH ACCELERATION",
      "detail": "YoY growth: +63.6% vs prior quarter YoY: +52.7% (accel: +10.9%)",
      "severity": "MEDIUM"
    },
    {
      "quarter": "2023-12 (Q4)",
      "signal": "OPERATING LEVERAGE",
      "detail": "Rev growth +8.7% vs OpEx growth +4.2% (leverage: 2.1x)",
      "severity": "MEDIUM"
    },
    {
      "quarter": "2023-12 (Q4)",
      "signal": "YoY REVENUE GROWTH ACCELERATION",
      "detail": "YoY growth: +52.7% vs prior quarter YoY: +21.5% (accel: +31.2%)",
      "severity": "HIGH"
    },
    {
      "quarter": "2023-09 (Q3)",
      "signal": "YoY REVENUE GROWTH ACCELERATION",
      "detail": "YoY growth: +21.5% vs prior quarter YoY: +8.4% (accel: +13.0%)",
      "severity": "MEDIUM"
    },
    {
      "quarter": "2023-06 (Q2)",
      "signal": "FCF MARGIN EXPANSION",
      "detail": "FCF margin: -169.6% -> -46.2% (+123.5%)",
      "severity": "MEDIUM"
    },
    {
      "quarter": "2023-06 (Q2)",
      "signal": "YoY REVENUE GROWTH DECELERATION",
      "detail": "YoY growth: +8.4% vs prior quarter YoY: +38.3% (decel: -29.9%)",
      "severity": "WARNING"
    },
    {
      "quarter": "2023-03 (Q1)",
      "signal": "YoY REVENUE GROWTH ACCELERATION",
      "detail": "YoY growth: +38.3% vs prior quarter YoY: +33.0% (accel: +5.3%)",
      "severity": "MEDIUM"
    },
    {
      "quarter": "2022-12 (Q4)",
      "signal": "YoY REVENUE GROWTH DECELERATION",
      "detail": "YoY growth: +33.0% vs prior quarter YoY: +70.1% (decel: -37.1%)",
      "severity": "WARNING"
    },
    {
      "quarter": "2022-09 (Q3)",
      "signal": "YoY REVENUE GROWTH ACCELERATION",
      "detail": "YoY growth: +70.1% vs prior quarter YoY: -7.9% (accel: +77.9%)",
      "severity": "HIGH"
    },
    {
      "quarter": "2022-06 (Q2)",
      "signal": "FCF MARGIN EXPANSION",
      "detail": "FCF margin: -204.0% -> -90.6% (+113.4%)",
      "severity": "MEDIUM"
    },
    {
      "quarter": "2022-06 (Q2)",
      "signal": "OPERATING LEVERAGE",
      "detail": "Rev growth +67.2% vs OpEx growth +7.5% (leverage: 9.0x)",
      "severity": "MEDIUM"
    },
    {
      "quarter": "2022-06 (Q2)",
      "signal": "YoY REVENUE GROWTH ACCELERATION",
      "detail": "YoY growth: -7.9% vs prior quarter YoY: -77.3% (accel: +69.4%)",
      "severity": "HIGH"
    },
    {
      "quarter": "2021-06 (Q2)",
      "signal": "FCF TURNED POSITIVE",
      "detail": "FCF margin: -40.9% -> +6.8%",
      "severity": "HIGH"
    }
  ],
  "data_quality": {
    "n_quarters": 20,
    "coverage": {
      "revenue": [
        20,
        20
      ],
      "gross_profit": [
        0,
        20
      ],
      "op_income": [
        20,
        20
      ],
      "fcf": [
        20,
        20
      ]
    },
    "gaps": [],
    "warnings": [
      "gross_profit: no data"
    ]
  },
  "market_cap": null,
  "source": "SEC EDGAR",
  "last_updated": "2026-02-02T23:24:53.093461"
}