{
  "ticker": "BDX",
  "name": "BECTON, DICKINSON AND COMPANY",
  "quarters": [
    {
      "date": "2020-12-31T00:00:00",
      "quarter_label": "2020-12 (Q4)",
      "revenue": 5315000000,
      "gross_profit": 2732000000,
      "operating_income": 1241000000,
      "net_income": 1003000000,
      "opex": 4074000000,
      "cogs": 2583000000,
      "rd": 291000000,
      "sga": 1149000000,
      "fcf": 1287000000,
      "ocf": 1533000000,
      "capex": -246000000,
      "gross_margin": 0.5140169332079022,
      "op_margin": 0.2334901222953904,
      "fcf_margin": 0.24214487300094073
    },
    {
      "date": "2021-03-31T00:00:00",
      "quarter_label": "2021-03 (Q1)",
      "revenue": 4907000000,
      "gross_profit": 2246000000,
      "operating_income": 434000000,
      "net_income": 299000000,
      "opex": 4473000000,
      "cogs": 2661000000,
      "rd": 317000000,
      "sga": 1148000000,
      "fcf": 935000000,
      "ocf": 1188000000,
      "capex": -253000000,
      "gross_margin": 0.45771347055227224,
      "op_margin": 0.0884450784593438,
      "fcf_margin": 0.190544120643978,
      "fcf_margin_change": -0.05160075235696274
    },
    {
      "date": "2021-06-30T00:00:00",
      "quarter_label": "2021-06 (Q2)",
      "revenue": 4890000000,
      "gross_profit": 2161000000,
      "operating_income": 628000000,
      "net_income": 525000000,
      "opex": 4262000000,
      "cogs": 2729000000,
      "rd": 344000000,
      "sga": 1237000000,
      "fcf": 732000000,
      "ocf": 975000000,
      "capex": -243000000,
      "gross_margin": 0.4419222903885481,
      "op_margin": 0.12842535787321063,
      "fcf_margin": 0.14969325153374233,
      "fcf_margin_change": -0.040850869110235666
    },
    {
      "date": "2021-09-30T00:00:00",
      "quarter_label": "2021-09 (Q3)",
      "revenue": 5135000000,
      "gross_profit": 2287000000,
      "operating_income": 495000000,
      "net_income": 265000000,
      "opex": 4640000000,
      "cogs": 2848000000,
      "rd": 387000000,
      "sga": 1332000000,
      "fcf": 499000000,
      "ocf": 951000000,
      "capex": -452000000,
      "gross_margin": 0.4453748782862707,
      "op_margin": 0.09639727361246349,
      "fcf_margin": 0.09717624148003895,
      "op_leverage_ratio": 0.5649094902673635,
      "fcf_margin_change": -0.05251701005370338
    },
    {
      "date": "2021-12-31T00:00:00",
      "quarter_label": "2021-12 (Q4)",
      "revenue": 4995000000,
      "gross_profit": 2423000000,
      "operating_income": 815000000,
      "net_income": 677000000,
      "opex": 4180000000,
      "cogs": 2572000000,
      "rd": 329000000,
      "sga": 1223000000,
      "fcf": 491000000,
      "ocf": 674000000,
      "capex": -183000000,
      "gross_margin": 0.4850850850850851,
      "op_margin": 0.16316316316316315,
      "fcf_margin": 0.0982982982982983,
      "incr_op_margin_yoy": 1.33125,
      "rev_growth_yoy": -0.060206961429915336,
      "fcf_margin_change": 0.0011220568182593454
    },
    {
      "date": "2022-03-31T00:00:00",
      "quarter_label": "2022-03 (Q1)",
      "revenue": 5011000000,
      "gross_profit": 2305000000,
      "operating_income": 652000000,
      "net_income": 454000000,
      "opex": 4359000000,
      "cogs": 2706000000,
      "rd": 343000000,
      "sga": 1232000000,
      "fcf": 222000000,
      "ocf": 444000000,
      "capex": -222000000,
      "gross_margin": 0.4599880263420475,
      "op_margin": 0.1301137497505488,
      "fcf_margin": 0.04430253442426661,
      "incr_op_margin_yoy": 2.0961538461538463,
      "rev_growth_yoy": 0.021194212349704505,
      "rev_growth_yoy_accel": 0.08140117377961983,
      "fcf_margin_change": -0.05399576387403168
    },
    {
      "date": "2022-06-30T00:00:00",
      "quarter_label": "2022-06 (Q2)",
      "revenue": 4641000000,
      "gross_profit": 2067000000,
      "operating_income": 537000000,
      "net_income": 360000000,
      "opex": 4104000000,
      "cogs": 2574000000,
      "rd": 315000000,
      "sga": 1149000000,
      "fcf": null,
      "ocf": null,
      "capex": -253000000,
      "gross_margin": 0.44537815126050423,
      "op_margin": 0.11570782159017454,
      "fcf_margin": null,
      "incr_op_margin_yoy": 0.3654618473895582,
      "rev_growth_yoy": -0.050920245398773004,
      "rev_growth_yoy_accel": -0.07211445774847751
    },
    {
      "date": "2022-09-30T00:00:00",
      "quarter_label": "2022-09 (Q3)",
      "revenue": 4761000000,
      "gross_profit": 2077000000,
      "operating_income": 489000000,
      "net_income": 288000000,
      "opex": 4272000000,
      "cogs": 2684000000,
      "rd": 300000000,
      "sga": 1182000000,
      "fcf": null,
      "ocf": null,
      "capex": -315000000,
      "gross_margin": 0.43625288804872925,
      "op_margin": 0.10270951480781348,
      "fcf_margin": null,
      "incr_op_margin_yoy": 0.016042780748663103,
      "rev_growth_yoy": -0.07283349561830574,
      "rev_growth_yoy_accel": -0.021913250219532734,
      "op_leverage_ratio": 0.6316372702927324
    },
    {
      "date": "2022-12-31T00:00:00",
      "quarter_label": "2022-12 (Q4)",
      "revenue": 4586000000,
      "gross_profit": 2133000000,
      "operating_income": 585000000,
      "net_income": 509000000,
      "opex": 4001000000,
      "cogs": 2453000000,
      "rd": 313000000,
      "sga": 1187000000,
      "fcf": null,
      "ocf": null,
      "capex": -208000000,
      "gross_margin": 0.46511120802442213,
      "op_margin": 0.1275621456607065,
      "fcf_margin": null,
      "incr_op_margin_yoy": 0.5623471882640587,
      "rev_growth_yoy": -0.08188188188188188,
      "rev_growth_yoy_accel": -0.009048386263576139
    },
    {
      "date": "2023-03-31T00:00:00",
      "quarter_label": "2023-03 (Q1)",
      "revenue": 4821000000,
      "gross_profit": 2235000000,
      "operating_income": 628000000,
      "net_income": 460000000,
      "opex": 4193000000,
      "cogs": 2586000000,
      "rd": 337000000,
      "sga": 1205000000,
      "fcf": null,
      "ocf": null,
      "capex": -181000000,
      "gross_margin": 0.46359676415681395,
      "op_margin": 0.1302634308234806,
      "fcf_margin": null,
      "incr_op_margin_yoy": 0.12631578947368421,
      "rev_growth_yoy": -0.037916583516264216,
      "rev_growth_yoy_accel": 0.04396529836561766,
      "op_leverage_ratio": 1.067827582134031
    },
    {
      "date": "2023-06-30T00:00:00",
      "quarter_label": "2023-06 (Q2)",
      "revenue": 4878000000,
      "gross_profit": 2100000000,
      "operating_income": 549000000,
      "net_income": 407000000,
      "opex": 4329000000,
      "cogs": 2778000000,
      "rd": 306000000,
      "sga": 1190000000,
      "fcf": null,
      "ocf": null,
      "capex": -191000000,
      "gross_margin": 0.43050430504305043,
      "op_margin": 0.11254612546125461,
      "fcf_margin": null,
      "incr_op_margin_yoy": 0.05063291139240506,
      "rev_growth_yoy": 0.05106658047834518,
      "rev_growth_yoy_accel": 0.0889831639946094,
      "op_leverage_ratio": 0.3645219444342765
    },
    {
      "date": "2023-09-30T00:00:00",
      "quarter_label": "2023-09 (Q3)",
      "revenue": 5087000000,
      "gross_profit": 1701000000,
      "operating_income": 349000000,
      "net_income": 108000000,
      "opex": 4738000000,
      "cogs": 3386000000,
      "rd": 281000000,
      "sga": 1138000000,
      "fcf": null,
      "ocf": null,
      "capex": -294000000,
      "gross_margin": 0.3343817574208767,
      "op_margin": 0.06860625122862198,
      "fcf_margin": null,
      "incr_op_margin_yoy": -0.4294478527607362,
      "rev_growth_yoy": 0.06847300987187566,
      "rev_growth_yoy_accel": 0.017406429393530473,
      "op_leverage_ratio": 0.4534910997031731
    },
    {
      "date": "2023-12-31T00:00:00",
      "quarter_label": "2023-12 (Q4)",
      "revenue": 4706000000,
      "gross_profit": 2027000000,
      "operating_income": 439000000,
      "net_income": 281000000,
      "opex": 4267000000,
      "cogs": 2679000000,
      "rd": 290000000,
      "sga": 1213000000,
      "fcf": null,
      "ocf": null,
      "capex": -116000000,
      "gross_margin": 0.43072673183170423,
      "op_margin": 0.09328516787080322,
      "fcf_margin": null,
      "incr_op_margin_yoy": -1.2166666666666666,
      "rev_growth_yoy": 0.026166593981683386,
      "rev_growth_yoy_accel": -0.04230641589019227
    },
    {
      "date": "2024-03-31T00:00:00",
      "quarter_label": "2024-03 (Q1)",
      "revenue": 5045000000,
      "gross_profit": 2304000000,
      "operating_income": 734000000,
      "net_income": 537000000,
      "opex": 4311000000,
      "cogs": 2741000000,
      "rd": 299000000,
      "sga": 1193000000,
      "fcf": null,
      "ocf": null,
      "capex": -134000000,
      "gross_margin": 0.45668979187314174,
      "op_margin": 0.14549058473736373,
      "fcf_margin": null,
      "incr_op_margin_yoy": 0.4732142857142857,
      "rev_growth_yoy": 0.04646338933831155,
      "rev_growth_yoy_accel": 0.020296795356628167,
      "op_leverage_ratio": 6.985825638449947
    },
    {
      "date": "2024-06-30T00:00:00",
      "quarter_label": "2024-06 (Q2)",
      "revenue": 4990000000,
      "gross_profit": 2307000000,
      "operating_income": 602000000,
      "net_income": 487000000,
      "opex": 4388000000,
      "cogs": 2683000000,
      "rd": 299000000,
      "sga": 1196000000,
      "fcf": null,
      "ocf": null,
      "capex": -179000000,
      "gross_margin": 0.4623246492985972,
      "op_margin": 0.12064128256513026,
      "fcf_margin": null,
      "incr_op_margin_yoy": 0.4732142857142857,
      "rev_growth_yoy": 0.022960229602296024,
      "rev_growth_yoy_accel": -0.02350315973601553
    },
    {
      "date": "2024-09-30T00:00:00",
      "quarter_label": "2024-09 (Q3)",
      "revenue": 5437000000,
      "gross_profit": 2487000000,
      "operating_income": 622000000,
      "net_income": 400000000,
      "opex": 4814000000,
      "cogs": 2950000000,
      "rd": 302000000,
      "sga": 1256000000,
      "fcf": null,
      "ocf": null,
      "capex": -296000000,
      "gross_margin": 0.4574213720801913,
      "op_margin": 0.11440132425970204,
      "fcf_margin": null,
      "incr_op_margin_yoy": 0.78,
      "rev_growth_yoy": 0.06880283074503636,
      "rev_growth_yoy_accel": 0.04584260114274034,
      "op_leverage_ratio": 0.9227073866041943
    },
    {
      "date": "2024-12-31T00:00:00",
      "quarter_label": "2024-12 (Q4)",
      "revenue": 5168000000,
      "gross_profit": 2235000000,
      "operating_income": 453000000,
      "net_income": 303000000,
      "opex": 4715000000,
      "cogs": 2933000000,
      "rd": 343000000,
      "sga": 1318000000,
      "fcf": null,
      "ocf": null,
      "capex": -105000000,
      "gross_margin": 0.432469040247678,
      "op_margin": 0.0876547987616099,
      "fcf_margin": null,
      "incr_op_margin_yoy": 0.030303030303030304,
      "rev_growth_yoy": 0.09817254568635785,
      "rev_growth_yoy_accel": 0.029369714941321484
    },
    {
      "date": "2025-03-31T00:00:00",
      "quarter_label": "2025-03 (Q1)",
      "revenue": 5272000000,
      "gross_profit": 2257000000,
      "operating_income": 546000000,
      "net_income": 308000000,
      "opex": 4725000000,
      "cogs": 3015000000,
      "rd": 302000000,
      "sga": 1273000000,
      "fcf": null,
      "ocf": null,
      "capex": -129000000,
      "gross_margin": 0.42811077389984825,
      "op_margin": 0.1035660091047041,
      "fcf_margin": null,
      "incr_op_margin_yoy": -0.8281938325991189,
      "rev_growth_yoy": 0.04499504459861249,
      "rev_growth_yoy_accel": -0.053177501087745355,
      "op_leverage_ratio": 9.488390092879255
    },
    {
      "date": "2025-06-30T00:00:00",
      "quarter_label": "2025-06 (Q2)",
      "revenue": 5509000000,
      "gross_profit": 2634000000,
      "operating_income": 882000000,
      "net_income": 574000000,
      "opex": 4627000000,
      "cogs": 2875000000,
      "rd": 297000000,
      "sga": 1320000000,
      "fcf": null,
      "ocf": null,
      "capex": -174000000,
      "gross_margin": 0.4781267017607551,
      "op_margin": 0.16010165184243966,
      "fcf_margin": null,
      "incr_op_margin_yoy": 0.5394990366088632,
      "rev_growth_yoy": 0.10400801603206412,
      "rev_growth_yoy_accel": 0.05901297143345163,
      "op_leverage_ratio": Infinity
    },
    {
      "date": "2025-09-30T00:00:00",
      "quarter_label": "2025-09 (Q3)",
      "revenue": 5891000000,
      "gross_profit": 2799000000,
      "operating_income": 697000000,
      "net_income": 493000000,
      "opex": 5194000000,
      "cogs": 3092000000,
      "rd": 322000000,
      "sga": 1366000000,
      "fcf": null,
      "ocf": null,
      "capex": -352000000,
      "gross_margin": 0.4751315566117807,
      "op_margin": 0.11831607536920727,
      "fcf_margin": null,
      "incr_op_margin_yoy": 0.16519823788546256,
      "rev_growth_yoy": 0.08350193121206548,
      "rev_growth_yoy_accel": -0.020506084819998646,
      "op_leverage_ratio": 0.5658574409103845
    }
  ],
  "signals": [
    {
      "quarter": "2025-06 (Q2)",
      "signal": "GROSS MARGIN INFLECTION",
      "detail": "GM: +43.2% -> +42.8% -> +47.8% (reversal +5.0%)",
      "severity": "HIGH"
    },
    {
      "quarter": "2025-06 (Q2)",
      "signal": "YoY REVENUE GROWTH ACCELERATION",
      "detail": "YoY growth: +10.4% vs prior quarter YoY: +4.5% (accel: +5.9%)",
      "severity": "MEDIUM"
    },
    {
      "quarter": "2025-06 (Q2)",
      "signal": "INCREMENTAL MARGIN (YoY)",
      "detail": "YoY Incr OPM: +53.9% vs year-ago OPM: +12.1%",
      "severity": "HIGH"
    },
    {
      "quarter": "2025-03 (Q1)",
      "signal": "OPERATING LEVERAGE",
      "detail": "Rev growth +2.0% vs OpEx growth +0.2% (leverage: 9.5x)",
      "severity": "MEDIUM"
    },
    {
      "quarter": "2025-03 (Q1)",
      "signal": "YoY REVENUE GROWTH DECELERATION",
      "detail": "YoY growth: +4.5% vs prior quarter YoY: +9.8% (decel: -5.3%)",
      "severity": "WARNING"
    },
    {
      "quarter": "2024-09 (Q3)",
      "signal": "INCREMENTAL MARGIN (YoY)",
      "detail": "YoY Incr OPM: +78.0% vs year-ago OPM: +6.9%",
      "severity": "HIGH"
    },
    {
      "quarter": "2024-06 (Q2)",
      "signal": "INCREMENTAL MARGIN (YoY)",
      "detail": "YoY Incr OPM: +47.3% vs year-ago OPM: +11.3%",
      "severity": "HIGH"
    },
    {
      "quarter": "2024-03 (Q1)",
      "signal": "OPERATING LEVERAGE",
      "detail": "Rev growth +7.2% vs OpEx growth +1.0% (leverage: 7.0x)",
      "severity": "MEDIUM"
    },
    {
      "quarter": "2024-03 (Q1)",
      "signal": "INCREMENTAL MARGIN (YoY)",
      "detail": "YoY Incr OPM: +47.3% vs year-ago OPM: +13.0%",
      "severity": "HIGH"
    },
    {
      "quarter": "2023-12 (Q4)",
      "signal": "GROSS MARGIN INFLECTION",
      "detail": "GM: +43.1% -> +33.4% -> +43.1% (reversal +9.6%)",
      "severity": "HIGH"
    },
    {
      "quarter": "2023-06 (Q2)",
      "signal": "YoY REVENUE GROWTH ACCELERATION",
      "detail": "YoY growth: +5.1% vs prior quarter YoY: -3.8% (accel: +8.9%)",
      "severity": "MEDIUM"
    },
    {
      "quarter": "2022-12 (Q4)",
      "signal": "GROSS MARGIN INFLECTION",
      "detail": "GM: +44.5% -> +43.6% -> +46.5% (reversal +2.9%)",
      "severity": "MEDIUM"
    },
    {
      "quarter": "2022-12 (Q4)",
      "signal": "INCREMENTAL MARGIN (YoY)",
      "detail": "YoY Incr OPM: +56.2% vs year-ago OPM: +16.3%",
      "severity": "HIGH"
    },
    {
      "quarter": "2022-06 (Q2)",
      "signal": "YoY REVENUE GROWTH DECELERATION",
      "detail": "YoY growth: -5.1% vs prior quarter YoY: +2.1% (decel: -7.2%)",
      "severity": "WARNING"
    },
    {
      "quarter": "2022-06 (Q2)",
      "signal": "INCREMENTAL MARGIN (YoY)",
      "detail": "YoY Incr OPM: +36.5% vs year-ago OPM: +12.8%",
      "severity": "HIGH"
    },
    {
      "quarter": "2022-03 (Q1)",
      "signal": "YoY REVENUE GROWTH ACCELERATION",
      "detail": "YoY growth: +2.1% vs prior quarter YoY: -6.0% (accel: +8.1%)",
      "severity": "MEDIUM"
    },
    {
      "quarter": "2022-03 (Q1)",
      "signal": "INCREMENTAL MARGIN (YoY)",
      "detail": "YoY Incr OPM: +209.6% vs year-ago OPM: +8.8%",
      "severity": "HIGH"
    },
    {
      "quarter": "2021-12 (Q4)",
      "signal": "INCREMENTAL MARGIN (YoY)",
      "detail": "YoY Incr OPM: +133.1% vs year-ago OPM: +23.3%",
      "severity": "HIGH"
    }
  ],
  "data_quality": {
    "n_quarters": 20,
    "coverage": {
      "revenue": [
        20,
        20
      ],
      "gross_profit": [
        20,
        20
      ],
      "op_income": [
        20,
        20
      ],
      "fcf": [
        6,
        20
      ]
    },
    "gaps": [],
    "warnings": [
      "fcf: 6/20Q"
    ]
  },
  "market_cap": null,
  "source": "SEC EDGAR",
  "last_updated": "2026-02-02T19:57:19.326898"
}