{
  "ticker": "BEEP",
  "name": "MOBILE INFRASTRUCTURE CORPORATION",
  "quarters": [
    {
      "date": "2022-09-30T00:00:00",
      "quarter_label": "2022-09 (Q3)",
      "revenue": 8351000,
      "gross_profit": null,
      "operating_income": -332013,
      "net_income": 529979,
      "opex": 13007000,
      "cogs": null,
      "rd": null,
      "sga": null,
      "fcf": 2189477,
      "ocf": 2189477,
      "capex": null,
      "gross_margin": null,
      "op_margin": -0.039757274577894866,
      "fcf_margin": 0.26218141539935336
    },
    {
      "date": "2022-12-31T00:00:00",
      "quarter_label": "2022-12 (Q4)",
      "revenue": 7079000,
      "gross_profit": null,
      "operating_income": -1607052,
      "net_income": 336218,
      "opex": -407000,
      "cogs": null,
      "rd": null,
      "sga": null,
      "fcf": -456000,
      "ocf": -456000,
      "capex": null,
      "gross_margin": null,
      "op_margin": -0.22701681028393841,
      "fcf_margin": -0.06441587794886283,
      "fcf_margin_change": -0.3265972933482162
    },
    {
      "date": "2023-03-31T00:00:00",
      "quarter_label": "2023-03 (Q1)",
      "revenue": 7103000,
      "gross_profit": null,
      "operating_income": -1297324,
      "net_income": 1499978,
      "opex": 7522000,
      "cogs": null,
      "rd": null,
      "sga": null,
      "fcf": -3063000,
      "ocf": -3063000,
      "capex": null,
      "gross_margin": null,
      "op_margin": -0.1826445164015205,
      "fcf_margin": -0.4312262424327749,
      "fcf_margin_change": -0.3668103644839121
    },
    {
      "date": "2023-06-30T00:00:00",
      "quarter_label": "2023-06 (Q2)",
      "revenue": 7214000,
      "gross_profit": null,
      "operating_income": -1188312,
      "net_income": 1614312,
      "opex": 7260000,
      "cogs": null,
      "rd": null,
      "sga": null,
      "fcf": 842000,
      "ocf": 842000,
      "capex": null,
      "gross_margin": null,
      "op_margin": -0.16472303853617964,
      "fcf_margin": 0.1167174937621292,
      "op_leverage_ratio": Infinity,
      "fcf_margin_change": 0.5479437361949041
    },
    {
      "date": "2023-09-30T00:00:00",
      "quarter_label": "2023-09 (Q3)",
      "revenue": 8063000,
      "gross_profit": null,
      "operating_income": null,
      "net_income": -17835000,
      "opex": 38454000,
      "cogs": null,
      "rd": null,
      "sga": null,
      "fcf": 803000,
      "ocf": 803000,
      "capex": null,
      "gross_margin": null,
      "op_margin": null,
      "fcf_margin": 0.09959072305593451,
      "rev_growth_yoy": -0.03448688779786852,
      "op_leverage_ratio": 0.027390319937942043,
      "fcf_margin_change": -0.017126770706194686
    },
    {
      "date": "2023-12-31T00:00:00",
      "quarter_label": "2023-12 (Q4)",
      "revenue": 7892000,
      "gross_profit": null,
      "operating_income": null,
      "net_income": -4023000,
      "opex": -7000,
      "cogs": null,
      "rd": null,
      "sga": null,
      "fcf": -707000,
      "ocf": -707000,
      "capex": null,
      "gross_margin": null,
      "op_margin": null,
      "fcf_margin": -0.08958438925494171,
      "rev_growth_yoy": 0.11484672976409098,
      "rev_growth_yoy_accel": 0.1493336175619595,
      "fcf_margin_change": -0.18917511231087622
    },
    {
      "date": "2024-03-31T00:00:00",
      "quarter_label": "2024-03 (Q1)",
      "revenue": 8827000,
      "gross_profit": null,
      "operating_income": null,
      "net_income": -2098000,
      "opex": 9381000,
      "cogs": null,
      "rd": null,
      "sga": null,
      "fcf": -1357000,
      "ocf": -1357000,
      "capex": null,
      "gross_margin": null,
      "op_margin": null,
      "fcf_margin": -0.15373286507307127,
      "rev_growth_yoy": 0.24271434605096437,
      "rev_growth_yoy_accel": 0.12786761628687338,
      "op_leverage_ratio": Infinity,
      "fcf_margin_change": -0.06414847581812956
    },
    {
      "date": "2024-06-30T00:00:00",
      "quarter_label": "2024-06 (Q2)",
      "revenue": 9266000,
      "gross_profit": null,
      "operating_income": null,
      "net_income": -1357000,
      "opex": 8898000,
      "cogs": null,
      "rd": null,
      "sga": null,
      "fcf": 346000,
      "ocf": 346000,
      "capex": null,
      "gross_margin": null,
      "op_margin": null,
      "fcf_margin": 0.03734081588603497,
      "rev_growth_yoy": 0.28444690878846685,
      "rev_growth_yoy_accel": 0.04173256273750248,
      "op_leverage_ratio": Infinity,
      "fcf_margin_change": 0.19107368095910623
    },
    {
      "date": "2024-09-30T00:00:00",
      "quarter_label": "2024-09 (Q3)",
      "revenue": 9758000,
      "gross_profit": null,
      "operating_income": null,
      "net_income": -1311000,
      "opex": 8848000,
      "cogs": null,
      "rd": null,
      "sga": null,
      "fcf": 0,
      "ocf": 0,
      "capex": null,
      "gross_margin": null,
      "op_margin": null,
      "fcf_margin": 0.0,
      "rev_growth_yoy": 0.21021952126999877,
      "rev_growth_yoy_accel": -0.07422738751846808,
      "op_leverage_ratio": Infinity,
      "fcf_margin_change": -0.03734081588603497
    },
    {
      "date": "2024-12-31T00:00:00",
      "quarter_label": "2024-12 (Q4)",
      "revenue": 9157000,
      "gross_profit": null,
      "operating_income": null,
      "net_income": -999000,
      "opex": 8361000,
      "cogs": null,
      "rd": null,
      "sga": null,
      "fcf": 227000,
      "ocf": 227000,
      "capex": null,
      "gross_margin": null,
      "op_margin": null,
      "fcf_margin": 0.02478977831167413,
      "rev_growth_yoy": 0.16028890015205272,
      "rev_growth_yoy_accel": -0.04993062111794605,
      "fcf_margin_change": 0.02478977831167413
    },
    {
      "date": "2025-03-31T00:00:00",
      "quarter_label": "2025-03 (Q1)",
      "revenue": 8235000,
      "gross_profit": null,
      "operating_income": null,
      "net_income": -3890000,
      "opex": 8221000,
      "cogs": null,
      "rd": null,
      "sga": null,
      "fcf": -1530000,
      "ocf": -1530000,
      "capex": null,
      "gross_margin": null,
      "op_margin": null,
      "fcf_margin": -0.18579234972677597,
      "rev_growth_yoy": -0.0670669536648918,
      "rev_growth_yoy_accel": -0.2273558538169445,
      "fcf_margin_change": -0.2105821280384501
    },
    {
      "date": "2025-06-30T00:00:00",
      "quarter_label": "2025-06 (Q2)",
      "revenue": 8992000,
      "gross_profit": null,
      "operating_income": null,
      "net_income": -4250000,
      "opex": 8847000,
      "cogs": null,
      "rd": null,
      "sga": null,
      "fcf": 1771000,
      "ocf": 1771000,
      "capex": null,
      "gross_margin": null,
      "op_margin": null,
      "fcf_margin": 0.19695284697508897,
      "rev_growth_yoy": -0.0295704726958774,
      "rev_growth_yoy_accel": 0.03749648096901441,
      "op_leverage_ratio": 1.2072093514978341,
      "fcf_margin_change": 0.3827451967018649
    },
    {
      "date": "2025-09-30T00:00:00",
      "quarter_label": "2025-09 (Q3)",
      "revenue": 9086000,
      "gross_profit": null,
      "operating_income": null,
      "net_income": -5803000,
      "opex": 11438000,
      "cogs": null,
      "rd": null,
      "sga": null,
      "fcf": 1233000,
      "ocf": 1233000,
      "capex": null,
      "gross_margin": null,
      "op_margin": null,
      "fcf_margin": 0.13570327977107638,
      "rev_growth_yoy": -0.06886657101865136,
      "rev_growth_yoy_accel": -0.03929609832277396,
      "op_leverage_ratio": 0.035694406864165716,
      "fcf_margin_change": -0.06124956720401259
    }
  ],
  "signals": [
    {
      "quarter": "2025-06 (Q2)",
      "signal": "FCF TURNED POSITIVE",
      "detail": "FCF margin: -18.6% -> +19.7%",
      "severity": "HIGH"
    },
    {
      "quarter": "2025-03 (Q1)",
      "signal": "YoY REVENUE GROWTH DECELERATION",
      "detail": "YoY growth: -6.7% vs prior quarter YoY: +16.0% (decel: -22.7%)",
      "severity": "WARNING"
    },
    {
      "quarter": "2024-09 (Q3)",
      "signal": "YoY REVENUE GROWTH DECELERATION",
      "detail": "YoY growth: +21.0% vs prior quarter YoY: +28.4% (decel: -7.4%)",
      "severity": "WARNING"
    },
    {
      "quarter": "2024-06 (Q2)",
      "signal": "FCF TURNED POSITIVE",
      "detail": "FCF margin: -15.4% -> +3.7%",
      "severity": "HIGH"
    },
    {
      "quarter": "2024-03 (Q1)",
      "signal": "YoY REVENUE GROWTH ACCELERATION",
      "detail": "YoY growth: +24.3% vs prior quarter YoY: +11.5% (accel: +12.8%)",
      "severity": "MEDIUM"
    },
    {
      "quarter": "2023-12 (Q4)",
      "signal": "YoY REVENUE GROWTH ACCELERATION",
      "detail": "YoY growth: +11.5% vs prior quarter YoY: -3.4% (accel: +14.9%)",
      "severity": "MEDIUM"
    },
    {
      "quarter": "2023-06 (Q2)",
      "signal": "FCF TURNED POSITIVE",
      "detail": "FCF margin: -43.1% -> +11.7%",
      "severity": "HIGH"
    }
  ],
  "data_quality": {
    "n_quarters": 13,
    "coverage": {
      "revenue": [
        13,
        13
      ],
      "gross_profit": [
        0,
        13
      ],
      "op_income": [
        4,
        13
      ],
      "fcf": [
        13,
        13
      ]
    },
    "gaps": [],
    "warnings": [
      "gross_profit: no data",
      "op_income: 4/13Q"
    ]
  },
  "market_cap": null,
  "source": "SEC EDGAR",
  "last_updated": "2026-02-02T23:16:05.998089"
}