{
  "ticker": "BEN",
  "name": "FRANKLIN RESOURCES, INC.",
  "quarters": [
    {
      "date": "2021-03-31T00:00:00",
      "quarter_label": "2021-03 (Q1)",
      "revenue": 2076500000,
      "gross_profit": null,
      "operating_income": 456300000,
      "net_income": 381800000,
      "opex": 1620200000,
      "cogs": null,
      "rd": null,
      "sga": null,
      "fcf": 247900000,
      "ocf": 255100000,
      "capex": -7200000,
      "gross_margin": null,
      "op_margin": 0.21974476282205635,
      "fcf_margin": 0.11938357813628703
    },
    {
      "date": "2021-06-30T00:00:00",
      "quarter_label": "2021-06 (Q2)",
      "revenue": 2172900000,
      "gross_profit": null,
      "operating_income": 478100000,
      "net_income": 438400000,
      "opex": 1694800000,
      "cogs": null,
      "rd": null,
      "sga": null,
      "fcf": 178900000,
      "ocf": 193000000,
      "capex": -14100000,
      "gross_margin": null,
      "op_margin": 0.22002853329651617,
      "fcf_margin": 0.08233236688296747,
      "op_leverage_ratio": 1.0082654807500506,
      "fcf_margin_change": -0.03705121125331956
    },
    {
      "date": "2021-09-30T00:00:00",
      "quarter_label": "2021-09 (Q3)",
      "revenue": 2181000000,
      "gross_profit": null,
      "operating_income": 531500000,
      "net_income": 665700000,
      "opex": 1649500000,
      "cogs": null,
      "rd": null,
      "sga": null,
      "fcf": 461700000,
      "ocf": 506100000,
      "capex": -44400000,
      "gross_margin": null,
      "op_margin": 0.24369555249885375,
      "fcf_margin": 0.21169188445667125,
      "fcf_margin_change": 0.12935951757370379
    },
    {
      "date": "2021-12-31T00:00:00",
      "quarter_label": "2021-12 (Q4)",
      "revenue": 2224000000,
      "gross_profit": null,
      "operating_income": 557700000,
      "net_income": 453200000,
      "opex": 1666300000,
      "cogs": null,
      "rd": null,
      "sga": null,
      "fcf": 149700000,
      "ocf": 166400000,
      "capex": -16700000,
      "gross_margin": null,
      "op_margin": 0.2507643884892086,
      "fcf_margin": 0.0673111510791367,
      "op_leverage_ratio": 1.935779240627934,
      "fcf_margin_change": -0.14438073337753454
    },
    {
      "date": "2022-03-31T00:00:00",
      "quarter_label": "2022-03 (Q1)",
      "revenue": 2081000000,
      "gross_profit": null,
      "operating_income": 463000000,
      "net_income": 349600000,
      "opex": 1618000000,
      "cogs": null,
      "rd": null,
      "sga": null,
      "fcf": 78300000,
      "ocf": 104100000,
      "capex": -25800000,
      "gross_margin": null,
      "op_margin": 0.22248918789043728,
      "fcf_margin": 0.03762614127823162,
      "incr_op_margin_yoy": 1.488888888888889,
      "rev_growth_yoy": 0.0021671081146159405,
      "fcf_margin_change": -0.029685009800905077
    },
    {
      "date": "2022-06-30T00:00:00",
      "quarter_label": "2022-06 (Q2)",
      "revenue": 2031300000,
      "gross_profit": null,
      "operating_income": 404700000,
      "net_income": 256400000,
      "opex": 1626600000,
      "cogs": null,
      "rd": null,
      "sga": null,
      "fcf": 806700000,
      "ocf": 819800000,
      "capex": -13100000,
      "gross_margin": null,
      "op_margin": 0.19923201890415004,
      "fcf_margin": 0.39713483975779057,
      "incr_op_margin_yoy": 0.518361581920904,
      "rev_growth_yoy": -0.0651663675272677,
      "rev_growth_yoy_accel": -0.06733347564188365,
      "fcf_margin_change": 0.35950869847955896
    },
    {
      "date": "2022-09-30T00:00:00",
      "quarter_label": "2022-09 (Q3)",
      "revenue": 1939000000,
      "gross_profit": null,
      "operating_income": 348500000,
      "net_income": 232700000,
      "opex": 1590500000,
      "cogs": null,
      "rd": null,
      "sga": null,
      "fcf": 831700000,
      "ocf": 866400000,
      "capex": -34700000,
      "gross_margin": null,
      "op_margin": 0.17973182052604436,
      "fcf_margin": 0.42893243940175346,
      "incr_op_margin_yoy": 0.756198347107438,
      "rev_growth_yoy": -0.11095827602017423,
      "rev_growth_yoy_accel": -0.04579190849290653,
      "fcf_margin_change": 0.03179759964396289
    },
    {
      "date": "2022-12-31T00:00:00",
      "quarter_label": "2022-12 (Q4)",
      "revenue": 1967100000,
      "gross_profit": null,
      "operating_income": 194000000,
      "net_income": 165600000,
      "opex": 1773100000,
      "cogs": null,
      "rd": null,
      "sga": null,
      "fcf": -283700000,
      "ocf": -256300000,
      "capex": -27400000,
      "gross_margin": null,
      "op_margin": 0.0986223374510701,
      "fcf_margin": -0.1442224594580855,
      "incr_op_margin_yoy": 1.415725963409887,
      "rev_growth_yoy": -0.11551258992805756,
      "rev_growth_yoy_accel": -0.004554313907883328,
      "op_leverage_ratio": 0.12622965960141377,
      "fcf_margin_change": -0.573154898859839
    },
    {
      "date": "2023-03-31T00:00:00",
      "quarter_label": "2023-03 (Q1)",
      "revenue": 1927200000,
      "gross_profit": null,
      "operating_income": 255100000,
      "net_income": 194200000,
      "opex": 1672100000,
      "cogs": null,
      "rd": null,
      "sga": null,
      "fcf": -88700000,
      "ocf": -73300000,
      "capex": -15400000,
      "gross_margin": null,
      "op_margin": 0.13236820257368204,
      "fcf_margin": -0.04602532171025322,
      "incr_op_margin_yoy": 1.3517555266579975,
      "rev_growth_yoy": -0.0739067755886593,
      "rev_growth_yoy_accel": 0.041605814339398264,
      "fcf_margin_change": 0.09819713774783229
    },
    {
      "date": "2023-06-30T00:00:00",
      "quarter_label": "2023-06 (Q2)",
      "revenue": 1969000000,
      "gross_profit": null,
      "operating_income": 314900000,
      "net_income": 227500000,
      "opex": 1654100000,
      "cogs": null,
      "rd": null,
      "sga": null,
      "fcf": 575600000,
      "ocf": 654300000,
      "capex": -78700000,
      "gross_margin": null,
      "op_margin": 0.15992889791772474,
      "fcf_margin": 0.29233113255459625,
      "incr_op_margin_yoy": 1.4414125200642054,
      "rev_growth_yoy": -0.030670014276571653,
      "rev_growth_yoy_accel": 0.043236761312087646,
      "op_leverage_ratio": Infinity,
      "fcf_margin_change": 0.33835645426484945
    },
    {
      "date": "2023-09-30T00:00:00",
      "quarter_label": "2023-09 (Q3)",
      "revenue": 1986100000,
      "gross_profit": null,
      "operating_income": 338300000,
      "net_income": 295500000,
      "opex": 1647800000,
      "cogs": null,
      "rd": null,
      "sga": null,
      "fcf": 737200000,
      "ocf": 764500000,
      "capex": -27300000,
      "gross_margin": null,
      "op_margin": 0.17033382004934294,
      "fcf_margin": 0.3711796989074065,
      "incr_op_margin_yoy": -0.21656050955414013,
      "rev_growth_yoy": 0.024290871583290356,
      "rev_growth_yoy_accel": 0.05496088585986201,
      "fcf_margin_change": 0.07884856635281023
    },
    {
      "date": "2023-12-31T00:00:00",
      "quarter_label": "2023-12 (Q4)",
      "revenue": 1991100000,
      "gross_profit": null,
      "operating_income": 206500000,
      "net_income": 251300000,
      "opex": 1784600000,
      "cogs": null,
      "rd": null,
      "sga": null,
      "fcf": -271400000,
      "ocf": -251900000,
      "capex": -19500000,
      "gross_margin": null,
      "op_margin": 0.10371151624730049,
      "fcf_margin": -0.13630656421073778,
      "incr_op_margin_yoy": 0.5208333333333334,
      "rev_growth_yoy": 0.01220070154033857,
      "rev_growth_yoy_accel": -0.012090170042951785,
      "fcf_margin_change": -0.5074862631181443
    },
    {
      "date": "2024-03-31T00:00:00",
      "quarter_label": "2024-03 (Q1)",
      "revenue": 2152800000,
      "gross_profit": null,
      "operating_income": 129300000,
      "net_income": 124200000,
      "opex": 2023500000,
      "cogs": null,
      "rd": null,
      "sga": null,
      "fcf": 94900000,
      "ocf": 136600000,
      "capex": -41700000,
      "gross_margin": null,
      "op_margin": 0.060061315496098104,
      "fcf_margin": 0.044082125603864736,
      "incr_op_margin_yoy": -0.5576241134751773,
      "rev_growth_yoy": 0.11706102117061021,
      "rev_growth_yoy_accel": 0.10486031963027163,
      "op_leverage_ratio": 0.6066548674039829,
      "fcf_margin_change": 0.18038868981460252
    },
    {
      "date": "2024-06-30T00:00:00",
      "quarter_label": "2024-06 (Q2)",
      "revenue": 2122900000,
      "gross_profit": null,
      "operating_income": 222500000,
      "net_income": 174000000,
      "opex": 1900400000,
      "cogs": null,
      "rd": null,
      "sga": null,
      "fcf": 482300000,
      "ocf": 528400000,
      "capex": -46100000,
      "gross_margin": null,
      "op_margin": 0.10480945875924443,
      "fcf_margin": 0.2271892222902633,
      "incr_op_margin_yoy": -0.6003898635477583,
      "rev_growth_yoy": 0.07816150330116811,
      "rev_growth_yoy_accel": -0.038899517869442096,
      "fcf_margin_change": 0.18310709668639857
    },
    {
      "date": "2024-09-30T00:00:00",
      "quarter_label": "2024-09 (Q3)",
      "revenue": 2211200000,
      "gross_profit": null,
      "operating_income": -150700000,
      "net_income": -84700000,
      "opex": 2361900000,
      "cogs": null,
      "rd": null,
      "sga": null,
      "fcf": 488400000,
      "ocf": 558200000,
      "capex": -69800000,
      "gross_margin": null,
      "op_margin": -0.06815303907380608,
      "fcf_margin": 0.22087554269175108,
      "incr_op_margin_yoy": -2.1723678365171035,
      "rev_growth_yoy": 0.11333769699410906,
      "rev_growth_yoy_accel": 0.03517619369294095,
      "op_leverage_ratio": 0.17127914364368085,
      "fcf_margin_change": -0.0063136795985122285
    },
    {
      "date": "2024-12-31T00:00:00",
      "quarter_label": "2024-12 (Q4)",
      "revenue": 2251600000,
      "gross_profit": null,
      "operating_income": 219000000,
      "net_income": 163600000,
      "opex": 2032600000,
      "cogs": null,
      "rd": null,
      "sga": null,
      "fcf": -217000000,
      "ocf": -145200000,
      "capex": -71800000,
      "gross_margin": null,
      "op_margin": 0.09726416770296678,
      "fcf_margin": -0.09637591046367028,
      "incr_op_margin_yoy": 0.04798464491362764,
      "rev_growth_yoy": 0.13083220330470594,
      "rev_growth_yoy_accel": 0.017494506310596875,
      "op_leverage_ratio": Infinity,
      "fcf_margin_change": -0.31725145315542136
    },
    {
      "date": "2025-03-31T00:00:00",
      "quarter_label": "2025-03 (Q1)",
      "revenue": 2111400000,
      "gross_profit": null,
      "operating_income": 145600000,
      "net_income": 151400000,
      "opex": 1965800000,
      "cogs": null,
      "rd": null,
      "sga": null,
      "fcf": -87600000,
      "ocf": -50100000,
      "capex": -37500000,
      "gross_margin": null,
      "op_margin": 0.06895898456000758,
      "fcf_margin": -0.04148905939187269,
      "incr_op_margin_yoy": -0.39371980676328505,
      "rev_growth_yoy": -0.019230769230769232,
      "rev_growth_yoy_accel": -0.15006297253547518,
      "fcf_margin_change": 0.05488685107179759
    },
    {
      "date": "2025-06-30T00:00:00",
      "quarter_label": "2025-06 (Q2)",
      "revenue": 2064000000,
      "gross_profit": null,
      "operating_income": 154100000,
      "net_income": 92300000,
      "opex": 1909900000,
      "cogs": null,
      "rd": null,
      "sga": null,
      "fcf": 1268100000,
      "ocf": 1282100000,
      "capex": -14000000,
      "gross_margin": null,
      "op_margin": 0.0746608527131783,
      "fcf_margin": 0.614389534883721,
      "incr_op_margin_yoy": 1.1612903225806452,
      "rev_growth_yoy": -0.027745065711997738,
      "rev_growth_yoy_accel": -0.008514296481228506,
      "fcf_margin_change": 0.6558785942755936
    },
    {
      "date": "2025-09-30T00:00:00",
      "quarter_label": "2025-09 (Q3)",
      "revenue": 2343700000,
      "gross_profit": null,
      "operating_income": 85400000,
      "net_income": 117600000,
      "opex": 2258300000,
      "cogs": null,
      "rd": null,
      "sga": null,
      "fcf": -51900000,
      "ocf": -20700000,
      "capex": -31200000,
      "gross_margin": null,
      "op_margin": 0.0364381106796945,
      "fcf_margin": -0.02214447241541153,
      "incr_op_margin_yoy": 1.78188679245283,
      "rev_growth_yoy": 0.059922214182344426,
      "rev_growth_yoy_accel": 0.08766727989434217,
      "op_leverage_ratio": 0.7428741661771643,
      "fcf_margin_change": -0.6365340072991325
    },
    {
      "date": "2025-12-31T00:00:00",
      "quarter_label": "2025-12 (Q4)",
      "revenue": 2327100000,
      "gross_profit": null,
      "operating_income": 281000000,
      "net_income": 255500000,
      "opex": 2046100000,
      "cogs": null,
      "rd": null,
      "sga": null,
      "fcf": -255100000,
      "ocf": -255100000,
      "capex": null,
      "gross_margin": null,
      "op_margin": 0.1207511494993769,
      "fcf_margin": -0.1096214172145589,
      "incr_op_margin_yoy": 0.8211920529801324,
      "rev_growth_yoy": 0.033531710783442886,
      "rev_growth_yoy_accel": -0.02639050339890154,
      "fcf_margin_change": -0.08747694479914736
    }
  ],
  "signals": [
    {
      "quarter": "2025-12 (Q4)",
      "signal": "INCREMENTAL MARGIN (YoY)",
      "detail": "YoY Incr OPM: +82.1% vs year-ago OPM: +9.7%",
      "severity": "HIGH"
    },
    {
      "quarter": "2025-09 (Q3)",
      "signal": "YoY REVENUE GROWTH ACCELERATION",
      "detail": "YoY growth: +6.0% vs prior quarter YoY: -2.8% (accel: +8.8%)",
      "severity": "MEDIUM"
    },
    {
      "quarter": "2025-09 (Q3)",
      "signal": "OP MARGIN TURNED POSITIVE (YoY)",
      "detail": "Op margin: -6.8% (year-ago) -> +3.6%",
      "severity": "HIGH"
    },
    {
      "quarter": "2025-06 (Q2)",
      "signal": "FCF TURNED POSITIVE",
      "detail": "FCF margin: -4.1% -> +61.4%",
      "severity": "HIGH"
    },
    {
      "quarter": "2025-06 (Q2)",
      "signal": "INCREMENTAL MARGIN (YoY)",
      "detail": "YoY Incr OPM: +116.1% vs year-ago OPM: +10.5%",
      "severity": "HIGH"
    },
    {
      "quarter": "2025-03 (Q1)",
      "signal": "FCF MARGIN EXPANSION",
      "detail": "FCF margin: -9.6% -> -4.1% (+5.5%)",
      "severity": "MEDIUM"
    },
    {
      "quarter": "2025-03 (Q1)",
      "signal": "YoY REVENUE GROWTH DECELERATION",
      "detail": "YoY growth: -1.9% vs prior quarter YoY: +13.1% (decel: -15.0%)",
      "severity": "WARNING"
    },
    {
      "quarter": "2024-12 (Q4)",
      "signal": "OP MARGIN TURNED POSITIVE (QoQ)",
      "detail": "Op margin: -6.8% -> +9.7%",
      "severity": "HIGH"
    },
    {
      "quarter": "2024-06 (Q2)",
      "signal": "FCF MARGIN EXPANSION",
      "detail": "FCF margin: +4.4% -> +22.7% (+18.3%)",
      "severity": "MEDIUM"
    },
    {
      "quarter": "2024-03 (Q1)",
      "signal": "FCF TURNED POSITIVE",
      "detail": "FCF margin: -13.6% -> +4.4%",
      "severity": "HIGH"
    },
    {
      "quarter": "2024-03 (Q1)",
      "signal": "YoY REVENUE GROWTH ACCELERATION",
      "detail": "YoY growth: +11.7% vs prior quarter YoY: +1.2% (accel: +10.5%)",
      "severity": "MEDIUM"
    },
    {
      "quarter": "2023-12 (Q4)",
      "signal": "INCREMENTAL MARGIN (YoY)",
      "detail": "YoY Incr OPM: +52.1% vs year-ago OPM: +9.9%",
      "severity": "HIGH"
    },
    {
      "quarter": "2023-09 (Q3)",
      "signal": "FCF MARGIN EXPANSION",
      "detail": "FCF margin: +29.2% -> +37.1% (+7.9%)",
      "severity": "MEDIUM"
    },
    {
      "quarter": "2023-09 (Q3)",
      "signal": "YoY REVENUE GROWTH ACCELERATION",
      "detail": "YoY growth: +2.4% vs prior quarter YoY: -3.1% (accel: +5.5%)",
      "severity": "MEDIUM"
    },
    {
      "quarter": "2023-06 (Q2)",
      "signal": "FCF TURNED POSITIVE",
      "detail": "FCF margin: -4.6% -> +29.2%",
      "severity": "HIGH"
    },
    {
      "quarter": "2023-06 (Q2)",
      "signal": "INCREMENTAL MARGIN (YoY)",
      "detail": "YoY Incr OPM: +144.1% vs year-ago OPM: +19.9%",
      "severity": "HIGH"
    },
    {
      "quarter": "2023-03 (Q1)",
      "signal": "FCF MARGIN EXPANSION",
      "detail": "FCF margin: -14.4% -> -4.6% (+9.8%)",
      "severity": "MEDIUM"
    },
    {
      "quarter": "2023-03 (Q1)",
      "signal": "INCREMENTAL MARGIN (YoY)",
      "detail": "YoY Incr OPM: +135.2% vs year-ago OPM: +22.2%",
      "severity": "HIGH"
    },
    {
      "quarter": "2022-12 (Q4)",
      "signal": "INCREMENTAL MARGIN (YoY)",
      "detail": "YoY Incr OPM: +141.6% vs year-ago OPM: +25.1%",
      "severity": "HIGH"
    },
    {
      "quarter": "2022-09 (Q3)",
      "signal": "INCREMENTAL MARGIN (YoY)",
      "detail": "YoY Incr OPM: +75.6% vs year-ago OPM: +24.4%",
      "severity": "HIGH"
    },
    {
      "quarter": "2022-06 (Q2)",
      "signal": "FCF MARGIN EXPANSION",
      "detail": "FCF margin: +3.8% -> +39.7% (+36.0%)",
      "severity": "MEDIUM"
    },
    {
      "quarter": "2022-06 (Q2)",
      "signal": "YoY REVENUE GROWTH DECELERATION",
      "detail": "YoY growth: -6.5% vs prior quarter YoY: +0.2% (decel: -6.7%)",
      "severity": "WARNING"
    },
    {
      "quarter": "2022-06 (Q2)",
      "signal": "INCREMENTAL MARGIN (YoY)",
      "detail": "YoY Incr OPM: +51.8% vs year-ago OPM: +22.0%",
      "severity": "HIGH"
    },
    {
      "quarter": "2022-03 (Q1)",
      "signal": "INCREMENTAL MARGIN (YoY)",
      "detail": "YoY Incr OPM: +148.9% vs year-ago OPM: +22.0%",
      "severity": "HIGH"
    },
    {
      "quarter": "2021-12 (Q4)",
      "signal": "OPERATING LEVERAGE",
      "detail": "Rev growth +2.0% vs OpEx growth +1.0% (leverage: 1.9x)",
      "severity": "MEDIUM"
    },
    {
      "quarter": "2021-09 (Q3)",
      "signal": "FCF MARGIN EXPANSION",
      "detail": "FCF margin: +8.2% -> +21.2% (+12.9%)",
      "severity": "MEDIUM"
    }
  ],
  "data_quality": {
    "n_quarters": 20,
    "coverage": {
      "revenue": [
        20,
        20
      ],
      "gross_profit": [
        0,
        20
      ],
      "op_income": [
        20,
        20
      ],
      "fcf": [
        20,
        20
      ]
    },
    "gaps": [],
    "warnings": [
      "gross_profit: no data"
    ]
  },
  "market_cap": null,
  "source": "SEC EDGAR",
  "last_updated": "2026-02-03T16:23:17.240106",
  "sector": "Financial Services",
  "industry": "Asset Management"
}