{
  "ticker": "BENF",
  "name": "Beneficient",
  "sector": "Financial Services",
  "industry": "Asset Management",
  "quarters": [
    {
      "date": "2021-03-31T00:00:00",
      "quarter_label": "2021-03 (Q1)",
      "revenue": 2364000,
      "gross_profit": null,
      "operating_income": -23237000,
      "net_income": null,
      "opex": 25601000,
      "cogs": null,
      "rd": null,
      "sga": null,
      "fcf": -18440000,
      "ocf": -17720000,
      "capex": -720000,
      "gross_margin": null,
      "op_margin": -9.829526226734348,
      "fcf_margin": -7.800338409475465
    },
    {
      "date": "2022-03-31T00:00:00",
      "quarter_label": "2022-03 (Q1)",
      "revenue": -66618000,
      "gross_profit": null,
      "operating_income": -99834000,
      "net_income": -44427000,
      "opex": 33216000,
      "cogs": null,
      "rd": null,
      "sga": null,
      "fcf": -12307000,
      "ocf": -11332000,
      "capex": -975000,
      "gross_margin": null,
      "op_margin": 1.4986039809060614,
      "fcf_margin": 0.18473986009787144,
      "incr_op_margin_yoy": 1.110391116523151,
      "rev_growth_yoy": -29.18020304568528,
      "fcf_margin_change": 7.985078269573337
    },
    {
      "date": "2022-06-30T00:00:00",
      "quarter_label": "2022-06 (Q2)",
      "revenue": -37044000,
      "gross_profit": null,
      "operating_income": -85951000,
      "net_income": null,
      "opex": 48907000,
      "cogs": null,
      "rd": null,
      "sga": null,
      "fcf": -37418000,
      "ocf": -37080000,
      "capex": -338000,
      "gross_margin": null,
      "op_margin": 2.3202407947305907,
      "fcf_margin": 1.0100961019328367,
      "fcf_margin_change": 0.8253562418349653
    },
    {
      "date": "2022-09-30T00:00:00",
      "quarter_label": "2022-09 (Q3)",
      "revenue": -37945000,
      "gross_profit": null,
      "operating_income": -73000000,
      "net_income": null,
      "opex": 35055000,
      "cogs": null,
      "rd": null,
      "sga": null,
      "fcf": -23803000,
      "ocf": -23308000,
      "capex": -495000,
      "gross_margin": null,
      "op_margin": 1.9238371326920543,
      "fcf_margin": 0.6273026749242324,
      "op_leverage_ratio": null,
      "fcf_margin_change": -0.3827934270086043
    },
    {
      "date": "2022-12-31T00:00:00",
      "quarter_label": "2022-12 (Q4)",
      "revenue": -11444000,
      "gross_profit": null,
      "operating_income": -45206000,
      "net_income": null,
      "opex": 33762000,
      "cogs": null,
      "rd": null,
      "sga": null,
      "fcf": -14159000,
      "ocf": -13363000,
      "capex": -796000,
      "gross_margin": null,
      "op_margin": 3.950192240475358,
      "fcf_margin": 1.2372422229989515,
      "fcf_margin_change": 0.6099395480747191
    },
    {
      "date": "2023-03-31T00:00:00",
      "quarter_label": "2023-03 (Q1)",
      "revenue": -18468000,
      "gross_profit": null,
      "operating_income": -49015000,
      "net_income": null,
      "opex": 30547000,
      "cogs": null,
      "rd": null,
      "sga": null,
      "fcf": -21815000,
      "ocf": -21367000,
      "capex": -448000,
      "gross_margin": null,
      "op_margin": 2.654050249079489,
      "fcf_margin": 1.181232401992636,
      "incr_op_margin_yoy": 1.0554309449636552,
      "op_leverage_ratio": null,
      "fcf_margin_change": -0.056009821006315574
    },
    {
      "date": "2023-06-30T00:00:00",
      "quarter_label": "2023-06 (Q2)",
      "revenue": -2743000,
      "gross_profit": null,
      "operating_income": -1155970000,
      "net_income": null,
      "opex": 1153227000,
      "cogs": null,
      "rd": null,
      "sga": null,
      "fcf": -14433000,
      "ocf": -13910000,
      "capex": -523000,
      "gross_margin": null,
      "op_margin": 421.42544659132335,
      "fcf_margin": 5.2617572001458255,
      "incr_op_margin_yoy": -31.194979738200054,
      "fcf_margin_change": 4.080524798153189
    },
    {
      "date": "2023-09-30T00:00:00",
      "quarter_label": "2023-09 (Q3)",
      "revenue": -42761000,
      "gross_profit": null,
      "operating_income": -381764000,
      "net_income": null,
      "opex": 339003000,
      "cogs": null,
      "rd": null,
      "sga": null,
      "fcf": -13878000,
      "ocf": -13446000,
      "capex": -432000,
      "gross_margin": null,
      "op_margin": 8.927854820981736,
      "fcf_margin": 0.32454806950258414,
      "incr_op_margin_yoy": 64.11212624584718,
      "op_leverage_ratio": null,
      "fcf_margin_change": -4.937209130643241
    },
    {
      "date": "2023-12-31T00:00:00",
      "quarter_label": "2023-12 (Q4)",
      "revenue": -10235000,
      "gross_profit": null,
      "operating_income": -915951000,
      "net_income": null,
      "opex": 905716000,
      "cogs": null,
      "rd": null,
      "sga": null,
      "fcf": -22589000,
      "ocf": -22214000,
      "capex": -375000,
      "gross_margin": null,
      "op_margin": 89.49203712750366,
      "fcf_margin": 2.207034684904739,
      "incr_op_margin_yoy": -720.2191894127378,
      "fcf_margin_change": 1.8824866154021547
    },
    {
      "date": "2024-03-31T00:00:00",
      "quarter_label": "2024-03 (Q1)",
      "revenue": -42957000,
      "gross_profit": null,
      "operating_income": -194861000,
      "net_income": null,
      "opex": 151904000,
      "cogs": null,
      "rd": null,
      "sga": null,
      "fcf": -9075000,
      "ocf": -8646000,
      "capex": -429000,
      "gross_margin": null,
      "op_margin": 4.536187350140838,
      "fcf_margin": 0.21125776939730428,
      "incr_op_margin_yoy": 5.95557188941974,
      "op_leverage_ratio": null,
      "fcf_margin_change": -1.9957769155074345
    },
    {
      "date": "2024-06-30T00:00:00",
      "quarter_label": "2024-06 (Q2)",
      "revenue": 10046000,
      "gross_profit": null,
      "operating_income": 44338000,
      "net_income": null,
      "opex": -34292000,
      "cogs": null,
      "rd": null,
      "sga": null,
      "fcf": -11311000,
      "ocf": -10647000,
      "capex": -664000,
      "gross_margin": null,
      "op_margin": 4.413497909615767,
      "fcf_margin": -1.1259207644833764,
      "incr_op_margin_yoy": 93.85471889905388,
      "fcf_margin_change": -1.3371785338806808
    },
    {
      "date": "2024-09-30T00:00:00",
      "quarter_label": "2024-09 (Q3)",
      "revenue": 8561000,
      "gross_profit": null,
      "operating_income": -13715000,
      "net_income": null,
      "opex": 22276000,
      "cogs": null,
      "rd": null,
      "sga": null,
      "fcf": -8881000,
      "ocf": -8612000,
      "capex": -269000,
      "gross_margin": null,
      "op_margin": -1.6020324728419577,
      "fcf_margin": -1.0373788108865787,
      "incr_op_margin_yoy": 7.171369003546237,
      "fcf_margin_change": 0.08854195359679773
    },
    {
      "date": "2024-12-31T00:00:00",
      "quarter_label": "2024-12 (Q4)",
      "revenue": 4419000,
      "gross_profit": null,
      "operating_income": -9513000,
      "net_income": -8639000,
      "opex": 13932000,
      "cogs": null,
      "rd": null,
      "sga": null,
      "fcf": -10041000,
      "ocf": -9999000,
      "capex": -42000,
      "gross_margin": null,
      "op_margin": -2.1527494908350304,
      "fcf_margin": -2.272233536999321,
      "incr_op_margin_yoy": 61.856012010372595,
      "fcf_margin_change": -1.2348547261127423
    },
    {
      "date": "2025-03-31T00:00:00",
      "quarter_label": "2025-03 (Q1)",
      "revenue": -30969000,
      "gross_profit": null,
      "operating_income": -45295000,
      "net_income": null,
      "opex": 14326000,
      "cogs": null,
      "rd": null,
      "sga": null,
      "fcf": -8569000,
      "ocf": -8445000,
      "capex": -124000,
      "gross_margin": null,
      "op_margin": 1.4625916238819465,
      "fcf_margin": 0.27669605088959925,
      "incr_op_margin_yoy": 12.47630964297631,
      "fcf_margin_change": 2.54892958788892
    },
    {
      "date": "2025-06-30T00:00:00",
      "quarter_label": "2025-06 (Q2)",
      "revenue": -12623000,
      "gross_profit": null,
      "operating_income": -92648000,
      "net_income": null,
      "opex": 80025000,
      "cogs": null,
      "rd": null,
      "sga": null,
      "fcf": -10932000,
      "ocf": -10836000,
      "capex": -96000,
      "gross_margin": null,
      "op_margin": 7.339618157331855,
      "fcf_margin": 0.8660381842668146,
      "incr_op_margin_yoy": 6.042877939035687,
      "rev_growth_yoy": -2.2565200079633687,
      "fcf_margin_change": 0.5893421333772153
    },
    {
      "date": "2025-09-30T00:00:00",
      "quarter_label": "2025-09 (Q3)",
      "revenue": -2763000,
      "gross_profit": null,
      "operating_income": -17864000,
      "net_income": null,
      "opex": 15101000,
      "cogs": null,
      "rd": null,
      "sga": null,
      "fcf": -14528000,
      "ocf": -14528000,
      "capex": null,
      "gross_margin": null,
      "op_margin": 6.465436120159247,
      "fcf_margin": 5.25805284111473,
      "incr_op_margin_yoy": 0.3663899682091134,
      "rev_growth_yoy": -1.3227426702488028,
      "rev_growth_yoy_accel": 0.933777337714566,
      "fcf_margin_change": 4.392014656847915
    },
    {
      "date": "2025-12-31T00:00:00",
      "quarter_label": "2025-12 (Q4)",
      "revenue": 18670000,
      "gross_profit": null,
      "operating_income": 3944000,
      "net_income": 19913000,
      "opex": 14726000,
      "cogs": null,
      "rd": null,
      "sga": null,
      "fcf": -9373000,
      "ocf": -9373000,
      "capex": null,
      "gross_margin": null,
      "op_margin": 0.21124799143010176,
      "fcf_margin": -0.5020353508302089,
      "incr_op_margin_yoy": 0.944284611606203,
      "rev_growth_yoy": 3.224937768725956,
      "rev_growth_yoy_accel": 4.5476804389747585,
      "fcf_margin_change": -5.760088191944939
    }
  ],
  "signals": [
    {
      "quarter": "2025-12 (Q4)",
      "signal": "YoY REVENUE GROWTH ACCELERATION",
      "detail": "YoY growth: +322.5% vs prior quarter YoY: -132.3% (accel: +454.8%)",
      "severity": "HIGH"
    },
    {
      "quarter": "2025-12 (Q4)",
      "signal": "OP MARGIN TURNED POSITIVE (YoY)",
      "detail": "Op margin: -215.3% (year-ago) -> +21.1%",
      "severity": "HIGH"
    },
    {
      "quarter": "2025-09 (Q3)",
      "signal": "FCF MARGIN EXPANSION",
      "detail": "FCF margin: +86.6% -> +525.8% (+439.2%)",
      "severity": "MEDIUM"
    },
    {
      "quarter": "2025-09 (Q3)",
      "signal": "YoY REVENUE GROWTH ACCELERATION",
      "detail": "YoY growth: -132.3% vs prior quarter YoY: -225.7% (accel: +93.4%)",
      "severity": "HIGH"
    },
    {
      "quarter": "2025-09 (Q3)",
      "signal": "OP MARGIN TURNED POSITIVE (YoY)",
      "detail": "Op margin: -160.2% (year-ago) -> +646.5%",
      "severity": "HIGH"
    },
    {
      "quarter": "2025-06 (Q2)",
      "signal": "FCF MARGIN EXPANSION",
      "detail": "FCF margin: +27.7% -> +86.6% (+58.9%)",
      "severity": "MEDIUM"
    },
    {
      "quarter": "2025-06 (Q2)",
      "signal": "INCREMENTAL MARGIN (YoY)",
      "detail": "YoY Incr OPM: +604.3% vs year-ago OPM: +441.3%",
      "severity": "HIGH"
    },
    {
      "quarter": "2025-03 (Q1)",
      "signal": "FCF TURNED POSITIVE",
      "detail": "FCF margin: -227.2% -> +27.7%",
      "severity": "HIGH"
    },
    {
      "quarter": "2025-03 (Q1)",
      "signal": "INCREMENTAL MARGIN (YoY)",
      "detail": "YoY Incr OPM: +1247.6% vs year-ago OPM: +453.6%",
      "severity": "HIGH"
    },
    {
      "quarter": "2025-03 (Q1)",
      "signal": "OP MARGIN TURNED POSITIVE (QoQ)",
      "detail": "Op margin: -215.3% -> +146.3%",
      "severity": "HIGH"
    },
    {
      "quarter": "2024-09 (Q3)",
      "signal": "FCF MARGIN EXPANSION",
      "detail": "FCF margin: -112.6% -> -103.7% (+8.9%)",
      "severity": "MEDIUM"
    },
    {
      "quarter": "2024-03 (Q1)",
      "signal": "INCREMENTAL MARGIN (YoY)",
      "detail": "YoY Incr OPM: +595.6% vs year-ago OPM: +265.4%",
      "severity": "HIGH"
    },
    {
      "quarter": "2023-12 (Q4)",
      "signal": "FCF MARGIN EXPANSION",
      "detail": "FCF margin: +32.5% -> +220.7% (+188.2%)",
      "severity": "MEDIUM"
    },
    {
      "quarter": "2023-09 (Q3)",
      "signal": "INCREMENTAL MARGIN (YoY)",
      "detail": "YoY Incr OPM: +6411.2% vs year-ago OPM: +192.4%",
      "severity": "HIGH"
    },
    {
      "quarter": "2023-06 (Q2)",
      "signal": "FCF MARGIN EXPANSION",
      "detail": "FCF margin: +118.1% -> +526.2% (+408.1%)",
      "severity": "MEDIUM"
    },
    {
      "quarter": "2022-12 (Q4)",
      "signal": "FCF MARGIN EXPANSION",
      "detail": "FCF margin: +62.7% -> +123.7% (+61.0%)",
      "severity": "MEDIUM"
    },
    {
      "quarter": "2022-06 (Q2)",
      "signal": "FCF MARGIN EXPANSION",
      "detail": "FCF margin: +18.5% -> +101.0% (+82.5%)",
      "severity": "MEDIUM"
    },
    {
      "quarter": "2022-03 (Q1)",
      "signal": "FCF TURNED POSITIVE",
      "detail": "FCF margin: -780.0% -> +18.5%",
      "severity": "HIGH"
    },
    {
      "quarter": "2022-03 (Q1)",
      "signal": "OP MARGIN TURNED POSITIVE (YoY)",
      "detail": "Op margin: -983.0% (year-ago) -> +149.9%",
      "severity": "HIGH"
    },
    {
      "quarter": "2022-03 (Q1)",
      "signal": "OP MARGIN TURNED POSITIVE (QoQ)",
      "detail": "Op margin: -983.0% -> +149.9%",
      "severity": "HIGH"
    }
  ],
  "data_quality": {
    "n_quarters": 17,
    "coverage": {
      "revenue": [
        17,
        17
      ],
      "gross_profit": [
        0,
        17
      ],
      "op_income": [
        17,
        17
      ],
      "fcf": [
        17,
        17
      ]
    },
    "gaps": [
      [
        "2021-03 (Q1)",
        "2022-03 (Q1)",
        365
      ]
    ],
    "warnings": [
      "gross_profit: no data",
      "gap: 3Q missing between 2021-03 (Q1) and 2022-03 (Q1)"
    ]
  },
  "market_cap": null,
  "source": "SEC EDGAR",
  "last_updated": "2026-02-24T10:39:54.048588"
}