{
  "ticker": "BFH-PA",
  "name": "BREAD FINANCIAL HOLDINGS, INC.",
  "quarters": [
    {
      "date": "2016-12-31T00:00:00",
      "quarter_label": "2016-12 (Q4)",
      "revenue": 1827600000,
      "gross_profit": 628400000,
      "operating_income": 179600000,
      "net_income": null,
      "opex": 1648000000,
      "cogs": 1199200000,
      "rd": null,
      "sga": null,
      "fcf": null,
      "ocf": null,
      "capex": null,
      "gross_margin": 0.34383891442328735,
      "op_margin": 0.09827095644561173,
      "fcf_margin": null
    },
    {
      "date": "2017-03-31T00:00:00",
      "quarter_label": "2017-03 (Q1)",
      "revenue": 1879000000,
      "gross_profit": 836900000,
      "operating_income": 352400000,
      "net_income": null,
      "opex": 1526600000,
      "cogs": 1042100000,
      "rd": null,
      "sga": null,
      "fcf": null,
      "ocf": null,
      "capex": null,
      "gross_margin": 0.44539648749334754,
      "op_margin": 0.18754656732304417,
      "fcf_margin": null,
      "op_leverage_ratio": Infinity
    },
    {
      "date": "2017-06-30T00:00:00",
      "quarter_label": "2017-06 (Q2)",
      "revenue": 1821800000,
      "gross_profit": 807400000,
      "operating_income": 351400000,
      "net_income": null,
      "opex": 1470400000,
      "cogs": 1014400000,
      "rd": null,
      "sga": null,
      "fcf": null,
      "ocf": null,
      "capex": null,
      "gross_margin": 0.44318805576901965,
      "op_margin": 0.19288615654846855,
      "fcf_margin": null
    },
    {
      "date": "2017-09-30T00:00:00",
      "quarter_label": "2017-09 (Q3)",
      "revenue": 1912400000,
      "gross_profit": 845900000,
      "operating_income": 478900000,
      "net_income": null,
      "opex": 1433500000,
      "cogs": 1066500000,
      "rd": null,
      "sga": null,
      "fcf": null,
      "ocf": null,
      "capex": null,
      "gross_margin": 0.44232378163564107,
      "op_margin": 0.25041832252666807,
      "fcf_margin": null,
      "op_leverage_ratio": Infinity
    },
    {
      "date": "2017-12-31T00:00:00",
      "quarter_label": "2017-12 (Q4)",
      "revenue": 2106200000,
      "gross_profit": 959400000,
      "operating_income": 462800000,
      "net_income": null,
      "opex": 1643400000,
      "cogs": 1146800000,
      "rd": null,
      "sga": null,
      "fcf": null,
      "ocf": null,
      "capex": null,
      "gross_margin": 0.45551229702782264,
      "op_margin": 0.2197322191624727,
      "fcf_margin": null,
      "incr_op_margin_yoy": 1.016511127063891,
      "rev_growth_yoy": 0.15244035894068725,
      "op_leverage_ratio": 0.6920863701492698
    },
    {
      "date": "2018-03-31T00:00:00",
      "quarter_label": "2018-03 (Q1)",
      "revenue": 1884200000,
      "gross_profit": 870300000,
      "operating_income": 377800000,
      "net_income": null,
      "opex": 1506400000,
      "cogs": 1013900000,
      "rd": null,
      "sga": null,
      "fcf": null,
      "ocf": null,
      "capex": null,
      "gross_margin": 0.461893641863921,
      "op_margin": 0.20050950005307291,
      "fcf_margin": null,
      "incr_op_margin_yoy": 4.884615384615385,
      "rev_growth_yoy": 0.0027674294837679615,
      "rev_growth_yoy_accel": -0.1496729294569193
    },
    {
      "date": "2018-06-30T00:00:00",
      "quarter_label": "2018-06 (Q2)",
      "revenue": 1903900000,
      "gross_profit": 902300000,
      "operating_income": 420300000,
      "net_income": null,
      "opex": 1483600000,
      "cogs": 1001600000,
      "rd": null,
      "sga": null,
      "fcf": null,
      "ocf": null,
      "capex": null,
      "gross_margin": 0.4739219496822312,
      "op_margin": 0.2207573927202059,
      "fcf_margin": null,
      "incr_op_margin_yoy": 0.8392204628501827,
      "rev_growth_yoy": 0.04506532001317379,
      "rev_growth_yoy_accel": 0.04229789052940583,
      "op_leverage_ratio": Infinity
    },
    {
      "date": "2018-09-30T00:00:00",
      "quarter_label": "2018-09 (Q3)",
      "revenue": 1947200000,
      "gross_profit": 886600000,
      "operating_income": 522000000,
      "net_income": null,
      "opex": 1425200000,
      "cogs": 1060600000,
      "rd": null,
      "sga": null,
      "fcf": null,
      "ocf": null,
      "capex": null,
      "gross_margin": 0.45532046014790467,
      "op_margin": 0.2680772391125719,
      "fcf_margin": null,
      "incr_op_margin_yoy": 1.2385057471264367,
      "rev_growth_yoy": 0.018197029910060655,
      "rev_growth_yoy_accel": -0.026868290103113132,
      "op_leverage_ratio": Infinity
    },
    {
      "date": "2018-12-31T00:00:00",
      "quarter_label": "2018-12 (Q4)",
      "revenue": 2055900000,
      "gross_profit": 911200000,
      "operating_income": 574200000,
      "net_income": null,
      "opex": 1481700000,
      "cogs": 1144700000,
      "rd": null,
      "sga": null,
      "fcf": null,
      "ocf": null,
      "capex": null,
      "gross_margin": 0.44321221849311737,
      "op_margin": 0.27929373996789725,
      "fcf_margin": null,
      "incr_op_margin_yoy": -2.2147117296222665,
      "rev_growth_yoy": -0.023881872566707815,
      "rev_growth_yoy_accel": -0.04207890247676847,
      "op_leverage_ratio": 1.408141665636521
    },
    {
      "date": "2019-03-31T00:00:00",
      "quarter_label": "2019-03 (Q1)",
      "revenue": 1334200000,
      "gross_profit": 693700000,
      "operating_income": 356900000,
      "net_income": null,
      "opex": 977300000,
      "cogs": 640500000,
      "rd": null,
      "sga": null,
      "fcf": null,
      "ocf": null,
      "capex": null,
      "gross_margin": 0.5199370409233998,
      "op_margin": 0.267501124269225,
      "fcf_margin": null,
      "incr_op_margin_yoy": 0.038,
      "rev_growth_yoy": -0.29190107207302834,
      "rev_growth_yoy_accel": -0.2680191995063205
    },
    {
      "date": "2019-06-30T00:00:00",
      "quarter_label": "2019-06 (Q2)",
      "revenue": 1348500000,
      "gross_profit": 693700000,
      "operating_income": 337300000,
      "net_income": null,
      "opex": 1011200000,
      "cogs": 654800000,
      "rd": null,
      "sga": null,
      "fcf": null,
      "ocf": null,
      "capex": null,
      "gross_margin": 0.5144234334445681,
      "op_margin": 0.250129773822766,
      "fcf_margin": null,
      "incr_op_margin_yoy": 0.14944184371624056,
      "rev_growth_yoy": -0.2917170019433794,
      "rev_growth_yoy_accel": 0.00018407012964893887,
      "op_leverage_ratio": 0.30898920126696405
    },
    {
      "date": "2019-09-30T00:00:00",
      "quarter_label": "2019-09 (Q3)",
      "revenue": 1437600000,
      "gross_profit": 750100000,
      "operating_income": 304200000,
      "net_income": null,
      "opex": 1133400000,
      "cogs": 687500000,
      "rd": null,
      "sga": null,
      "fcf": null,
      "ocf": null,
      "capex": null,
      "gross_margin": 0.5217723984418475,
      "op_margin": 0.21160267111853087,
      "fcf_margin": null,
      "incr_op_margin_yoy": 0.4273940345368917,
      "rev_growth_yoy": -0.26170912078882497,
      "rev_growth_yoy_accel": 0.03000788115455444,
      "op_leverage_ratio": 0.5467548048477213
    },
    {
      "date": "2019-12-31T00:00:00",
      "quarter_label": "2019-12 (Q4)",
      "revenue": 1461000000,
      "gross_profit": 755800000,
      "operating_income": 309000000,
      "net_income": null,
      "opex": 1152000000,
      "cogs": 705200000,
      "rd": null,
      "sga": null,
      "fcf": null,
      "ocf": null,
      "capex": null,
      "gross_margin": 0.5173169062286106,
      "op_margin": 0.21149897330595482,
      "fcf_margin": null,
      "incr_op_margin_yoy": 0.44578920827029755,
      "rev_growth_yoy": -0.2893623230701882,
      "rev_growth_yoy_accel": -0.027653202281363254,
      "op_leverage_ratio": 0.9918547040766871
    },
    {
      "date": "2020-03-31T00:00:00",
      "quarter_label": "2020-03 (Q1)",
      "revenue": 1381800000,
      "gross_profit": 882600000,
      "operating_income": 164000000,
      "net_income": null,
      "opex": 1217800000,
      "cogs": 499200000,
      "rd": null,
      "sga": null,
      "fcf": null,
      "ocf": null,
      "capex": null,
      "gross_margin": 0.6387320885801129,
      "op_margin": 0.11868577218121291,
      "fcf_margin": null,
      "incr_op_margin_yoy": -4.052521008403361,
      "rev_growth_yoy": 0.035676810073452254,
      "rev_growth_yoy_accel": 0.32503913314364047
    },
    {
      "date": "2020-06-30T00:00:00",
      "quarter_label": "2020-06 (Q2)",
      "revenue": 979300000,
      "gross_profit": 486500000,
      "operating_income": 174700000,
      "net_income": null,
      "opex": 804600000,
      "cogs": 492800000,
      "rd": null,
      "sga": null,
      "fcf": null,
      "ocf": null,
      "capex": null,
      "gross_margin": 0.496783416726233,
      "op_margin": 0.17839272950066373,
      "fcf_margin": null,
      "incr_op_margin_yoy": 0.44041170097508126,
      "rev_growth_yoy": -0.27378568780126067,
      "rev_growth_yoy_accel": -0.3094624978747129
    },
    {
      "date": "2020-09-30T00:00:00",
      "quarter_label": "2020-09 (Q3)",
      "revenue": 1050500000,
      "gross_profit": 567800000,
      "operating_income": 291000000,
      "net_income": null,
      "opex": 759500000,
      "cogs": 482700000,
      "rd": null,
      "sga": null,
      "fcf": null,
      "ocf": null,
      "capex": null,
      "gross_margin": 0.5405045216563541,
      "op_margin": 0.2770109471680152,
      "fcf_margin": null,
      "incr_op_margin_yoy": 0.03409971583570137,
      "rev_growth_yoy": -0.26926822481914303,
      "rev_growth_yoy_accel": 0.004517462982117637,
      "op_leverage_ratio": Infinity
    },
    {
      "date": "2020-12-31T00:00:00",
      "quarter_label": "2020-12 (Q4)",
      "revenue": 1109800000,
      "gross_profit": 507200000,
      "operating_income": 258700000,
      "net_income": 12000000,
      "opex": 851100000,
      "cogs": 602600000,
      "rd": null,
      "sga": null,
      "fcf": 394400000,
      "ocf": 394400000,
      "capex": null,
      "gross_margin": 0.4570192827536493,
      "op_margin": 0.23310506397549108,
      "fcf_margin": 0.3553793476302036,
      "incr_op_margin_yoy": 0.1432232346241458,
      "rev_growth_yoy": -0.24038329911019848,
      "rev_growth_yoy_accel": 0.028884925708944548,
      "op_leverage_ratio": 0.4680485898792216
    },
    {
      "date": "2021-03-31T00:00:00",
      "quarter_label": "2021-03 (Q1)",
      "revenue": 1084900000,
      "gross_profit": 587400000,
      "operating_income": 503100000,
      "net_income": 286200000,
      "opex": 581800000,
      "cogs": 497500000,
      "rd": null,
      "sga": null,
      "fcf": 517000000,
      "ocf": 517000000,
      "capex": null,
      "gross_margin": 0.5414323900820353,
      "op_margin": 0.46372937597935293,
      "fcf_margin": 0.47654161673886997,
      "incr_op_margin_yoy": -1.1421353991242842,
      "rev_growth_yoy": -0.2148646692719641,
      "rev_growth_yoy_accel": 0.025518629838234386,
      "fcf_margin_change": 0.12116226910866634
    },
    {
      "date": "2021-06-30T00:00:00",
      "quarter_label": "2021-06 (Q2)",
      "revenue": 1012400000,
      "gross_profit": 517900000,
      "operating_income": 473300000,
      "net_income": 273500000,
      "opex": 539100000,
      "cogs": 494500000,
      "rd": null,
      "sga": null,
      "fcf": 216000000,
      "ocf": 216000000,
      "capex": null,
      "gross_margin": 0.5115566969577242,
      "op_margin": 0.4675029632556302,
      "fcf_margin": 0.21335440537337022,
      "incr_op_margin_yoy": 9.021148036253777,
      "rev_growth_yoy": 0.033799652813233945,
      "rev_growth_yoy_accel": 0.24866432208519804,
      "fcf_margin_change": -0.2631872113654997
    },
    {
      "date": "2021-09-30T00:00:00",
      "quarter_label": "2021-09 (Q3)",
      "revenue": 1099300000,
      "gross_profit": 610100000,
      "operating_income": 382800000,
      "net_income": 223700000,
      "opex": 716500000,
      "cogs": 489200000,
      "rd": null,
      "sga": null,
      "fcf": 475000000,
      "ocf": 475000000,
      "capex": null,
      "gross_margin": 0.5549895387974165,
      "op_margin": 0.34822159556081145,
      "fcf_margin": 0.4320931501864823,
      "incr_op_margin_yoy": 1.8811475409836065,
      "rev_growth_yoy": 0.0464540694907187,
      "rev_growth_yoy_accel": 0.012654416677484757,
      "op_leverage_ratio": 0.26084550447060734,
      "fcf_margin_change": 0.2187387448131121
    }
  ],
  "signals": [
    {
      "quarter": "2021-09 (Q3)",
      "signal": "FCF MARGIN EXPANSION",
      "detail": "FCF margin: +21.3% -> +43.2% (+21.9%)",
      "severity": "MEDIUM"
    },
    {
      "quarter": "2021-09 (Q3)",
      "signal": "GROSS MARGIN INFLECTION",
      "detail": "GM: +54.1% -> +51.2% -> +55.5% (reversal +4.3%)",
      "severity": "MEDIUM"
    },
    {
      "quarter": "2021-09 (Q3)",
      "signal": "INCREMENTAL MARGIN (YoY)",
      "detail": "YoY Incr OPM: +188.1% vs year-ago OPM: +27.7%",
      "severity": "HIGH"
    },
    {
      "quarter": "2021-06 (Q2)",
      "signal": "YoY REVENUE GROWTH ACCELERATION",
      "detail": "YoY growth: +3.4% vs prior quarter YoY: -21.5% (accel: +24.9%)",
      "severity": "HIGH"
    },
    {
      "quarter": "2021-06 (Q2)",
      "signal": "INCREMENTAL MARGIN (YoY)",
      "detail": "YoY Incr OPM: +902.1% vs year-ago OPM: +17.8%",
      "severity": "HIGH"
    },
    {
      "quarter": "2021-03 (Q1)",
      "signal": "FCF MARGIN EXPANSION",
      "detail": "FCF margin: +35.5% -> +47.7% (+12.1%)",
      "severity": "MEDIUM"
    },
    {
      "quarter": "2021-03 (Q1)",
      "signal": "GROSS MARGIN INFLECTION",
      "detail": "GM: +54.1% -> +45.7% -> +54.1% (reversal +8.4%)",
      "severity": "HIGH"
    },
    {
      "quarter": "2020-09 (Q3)",
      "signal": "GROSS MARGIN INFLECTION",
      "detail": "GM: +63.9% -> +49.7% -> +54.1% (reversal +4.4%)",
      "severity": "MEDIUM"
    },
    {
      "quarter": "2020-06 (Q2)",
      "signal": "YoY REVENUE GROWTH DECELERATION",
      "detail": "YoY growth: -27.4% vs prior quarter YoY: +3.6% (decel: -30.9%)",
      "severity": "WARNING"
    },
    {
      "quarter": "2020-06 (Q2)",
      "signal": "INCREMENTAL MARGIN (YoY)",
      "detail": "YoY Incr OPM: +44.0% vs year-ago OPM: +25.0%",
      "severity": "MEDIUM"
    },
    {
      "quarter": "2020-03 (Q1)",
      "signal": "GROSS MARGIN INFLECTION",
      "detail": "GM: +52.2% -> +51.7% -> +63.9% (reversal +12.1%)",
      "severity": "HIGH"
    },
    {
      "quarter": "2020-03 (Q1)",
      "signal": "YoY REVENUE GROWTH ACCELERATION",
      "detail": "YoY growth: +3.6% vs prior quarter YoY: -28.9% (accel: +32.5%)",
      "severity": "HIGH"
    },
    {
      "quarter": "2019-12 (Q4)",
      "signal": "INCREMENTAL MARGIN (YoY)",
      "detail": "YoY Incr OPM: +44.6% vs year-ago OPM: +27.9%",
      "severity": "MEDIUM"
    },
    {
      "quarter": "2019-09 (Q3)",
      "signal": "INCREMENTAL MARGIN (YoY)",
      "detail": "YoY Incr OPM: +42.7% vs year-ago OPM: +26.8%",
      "severity": "MEDIUM"
    },
    {
      "quarter": "2019-03 (Q1)",
      "signal": "GROSS MARGIN INFLECTION",
      "detail": "GM: +45.5% -> +44.3% -> +52.0% (reversal +7.7%)",
      "severity": "HIGH"
    },
    {
      "quarter": "2019-03 (Q1)",
      "signal": "YoY REVENUE GROWTH DECELERATION",
      "detail": "YoY growth: -29.2% vs prior quarter YoY: -2.4% (decel: -26.8%)",
      "severity": "WARNING"
    },
    {
      "quarter": "2018-09 (Q3)",
      "signal": "INCREMENTAL MARGIN (YoY)",
      "detail": "YoY Incr OPM: +123.9% vs year-ago OPM: +25.0%",
      "severity": "HIGH"
    },
    {
      "quarter": "2018-06 (Q2)",
      "signal": "INCREMENTAL MARGIN (YoY)",
      "detail": "YoY Incr OPM: +83.9% vs year-ago OPM: +19.3%",
      "severity": "HIGH"
    },
    {
      "quarter": "2018-03 (Q1)",
      "signal": "YoY REVENUE GROWTH DECELERATION",
      "detail": "YoY growth: +0.3% vs prior quarter YoY: +15.2% (decel: -15.0%)",
      "severity": "WARNING"
    },
    {
      "quarter": "2018-03 (Q1)",
      "signal": "INCREMENTAL MARGIN (YoY)",
      "detail": "YoY Incr OPM: +488.5% vs year-ago OPM: +18.8%",
      "severity": "HIGH"
    },
    {
      "quarter": "2017-12 (Q4)",
      "signal": "INCREMENTAL MARGIN (YoY)",
      "detail": "YoY Incr OPM: +101.7% vs year-ago OPM: +9.8%",
      "severity": "HIGH"
    }
  ],
  "data_quality": {
    "n_quarters": 20,
    "coverage": {
      "revenue": [
        20,
        20
      ],
      "gross_profit": [
        20,
        20
      ],
      "op_income": [
        20,
        20
      ],
      "fcf": [
        4,
        20
      ]
    },
    "gaps": [],
    "warnings": [
      "fcf: 4/20Q"
    ]
  },
  "market_cap": null,
  "source": "SEC EDGAR",
  "last_updated": "2026-02-03T01:07:49.668983",
  "sector": "Financial Services",
  "industry": "Credit Services"
}