{
  "ticker": "BFRI",
  "name": "Biofrontera Inc.",
  "quarters": [
    {
      "date": "2020-12-31T00:00:00",
      "quarter_label": "2020-12 (Q4)",
      "revenue": 8572000,
      "gross_profit": null,
      "operating_income": -188000,
      "net_income": -186000,
      "opex": null,
      "cogs": null,
      "rd": null,
      "sga": 4149000,
      "fcf": -663000,
      "ocf": -663000,
      "capex": null,
      "gross_margin": null,
      "op_margin": -0.021931871208586095,
      "fcf_margin": -0.07734484367708819
    },
    {
      "date": "2021-03-31T00:00:00",
      "quarter_label": "2021-03 (Q1)",
      "revenue": 4744000,
      "gross_profit": null,
      "operating_income": -3528000,
      "net_income": -3534000,
      "opex": 8272000,
      "cogs": null,
      "rd": null,
      "sga": 4758000,
      "fcf": -3443000,
      "ocf": -3443000,
      "capex": null,
      "gross_margin": null,
      "op_margin": -0.7436762225969646,
      "fcf_margin": -0.7257588532883642,
      "fcf_margin_change": -0.648414009611276
    },
    {
      "date": "2021-06-30T00:00:00",
      "quarter_label": "2021-06 (Q2)",
      "revenue": 5855000,
      "gross_profit": null,
      "operating_income": -3687000,
      "net_income": -3661000,
      "opex": 9542000,
      "cogs": null,
      "rd": null,
      "sga": 5552000,
      "fcf": -1065000,
      "ocf": -1065000,
      "capex": null,
      "gross_margin": null,
      "op_margin": -0.6297181895815542,
      "fcf_margin": -0.18189581554227155,
      "op_leverage_ratio": 1.5253734514214392,
      "fcf_margin_change": 0.5438630377460927
    },
    {
      "date": "2021-09-30T00:00:00",
      "quarter_label": "2021-09 (Q3)",
      "revenue": 4334000,
      "gross_profit": 4293000,
      "operating_income": -16105000,
      "net_income": -16012000,
      "opex": 20439000,
      "cogs": 41000,
      "rd": null,
      "sga": 17090000,
      "fcf": -1216000,
      "ocf": -1217000,
      "capex": 1000,
      "gross_margin": 0.990539916935856,
      "op_margin": -3.7159667743424087,
      "fcf_margin": -0.2805722196585141,
      "fcf_margin_change": -0.09867640411624254
    },
    {
      "date": "2021-12-31T00:00:00",
      "quarter_label": "2021-12 (Q4)",
      "revenue": 9168000,
      "gross_profit": null,
      "operating_income": -1880000,
      "net_income": -14505000,
      "opex": 11048000,
      "cogs": null,
      "rd": null,
      "sga": 9100000,
      "fcf": -20990000,
      "ocf": -20990000,
      "capex": null,
      "gross_margin": null,
      "op_margin": -0.20506108202443282,
      "fcf_margin": -2.2894851657940665,
      "rev_growth_yoy": 0.06952869808679421,
      "op_leverage_ratio": Infinity,
      "fcf_margin_change": -2.0089129461355526
    },
    {
      "date": "2022-03-31T00:00:00",
      "quarter_label": "2022-03 (Q1)",
      "revenue": 9751000,
      "gross_profit": null,
      "operating_income": -3110000,
      "net_income": 5561000,
      "opex": 12861000,
      "cogs": null,
      "rd": null,
      "sga": 7616000,
      "fcf": -2112000,
      "ocf": -2112000,
      "capex": null,
      "gross_margin": null,
      "op_margin": -0.31894164701056305,
      "fcf_margin": -0.2165931699312891,
      "incr_op_margin_yoy": 0.08348312362692231,
      "rev_growth_yoy": 1.0554384485666104,
      "rev_growth_yoy_accel": 0.9859097504798162,
      "op_leverage_ratio": 0.3875072315610835,
      "fcf_margin_change": 2.0728919958627774
    },
    {
      "date": "2022-06-30T00:00:00",
      "quarter_label": "2022-06 (Q2)",
      "revenue": 4457000,
      "gross_profit": null,
      "operating_income": -6212000,
      "net_income": -850000,
      "opex": 10669000,
      "cogs": null,
      "rd": null,
      "sga": 9669000,
      "fcf": 125000,
      "ocf": 125000,
      "capex": null,
      "gross_margin": null,
      "op_margin": -1.393762620596814,
      "fcf_margin": 0.028045770697778773,
      "incr_op_margin_yoy": 1.806151645207439,
      "rev_growth_yoy": -0.23877028181041846,
      "rev_growth_yoy_accel": -1.2942087303770289,
      "fcf_margin_change": 0.24463894062906788
    },
    {
      "date": "2022-09-30T00:00:00",
      "quarter_label": "2022-09 (Q3)",
      "revenue": 4322000,
      "gross_profit": null,
      "operating_income": -3639000,
      "net_income": -2566000,
      "opex": 7961000,
      "cogs": null,
      "rd": null,
      "sga": 7765000,
      "fcf": -5942000,
      "ocf": -5941000,
      "capex": -1000,
      "gross_margin": null,
      "op_margin": -0.8419713095788987,
      "fcf_margin": -1.3748264692272096,
      "rev_growth_yoy": -0.0027688047992616522,
      "rev_growth_yoy_accel": 0.2360014770111568,
      "fcf_margin_change": -1.4028722399249884
    },
    {
      "date": "2022-12-31T00:00:00",
      "quarter_label": "2022-12 (Q4)",
      "revenue": 10144000,
      "gross_profit": null,
      "operating_income": -5620000,
      "net_income": -2785000,
      "opex": 15764000,
      "cogs": null,
      "rd": null,
      "sga": 10087000,
      "fcf": -8272000,
      "ocf": -8271000,
      "capex": -1000,
      "gross_margin": null,
      "op_margin": -0.5540220820189274,
      "fcf_margin": -0.8154574132492114,
      "rev_growth_yoy": 0.10645724258289703,
      "rev_growth_yoy_accel": 0.10922604738215869,
      "op_leverage_ratio": 1.3743376860654042,
      "fcf_margin_change": 0.5593690559779982
    },
    {
      "date": "2023-03-31T00:00:00",
      "quarter_label": "2023-03 (Q1)",
      "revenue": 8733000,
      "gross_profit": null,
      "operating_income": -5492000,
      "net_income": -7478000,
      "opex": 14225000,
      "cogs": null,
      "rd": null,
      "sga": 9800000,
      "fcf": -3703000,
      "ocf": -3689000,
      "capex": -14000,
      "gross_margin": null,
      "op_margin": -0.6288789648459865,
      "fcf_margin": -0.42402381770296577,
      "incr_op_margin_yoy": 2.3398821218074657,
      "rev_growth_yoy": -0.10439954876422931,
      "rev_growth_yoy_accel": -0.21085679134712634,
      "fcf_margin_change": 0.3914335955462456
    },
    {
      "date": "2023-06-30T00:00:00",
      "quarter_label": "2023-06 (Q2)",
      "revenue": 5848000,
      "gross_profit": null,
      "operating_income": -8699000,
      "net_income": -9837000,
      "opex": 14547000,
      "cogs": null,
      "rd": 11000,
      "sga": 11456000,
      "fcf": -10336000,
      "ocf": -10336000,
      "capex": null,
      "gross_margin": null,
      "op_margin": -1.487517099863201,
      "fcf_margin": -1.7674418604651163,
      "incr_op_margin_yoy": -1.787922358015816,
      "rev_growth_yoy": 0.31209333632488223,
      "rev_growth_yoy_accel": 0.41649288508911153,
      "fcf_margin_change": -1.3434180427621505
    },
    {
      "date": "2023-09-30T00:00:00",
      "quarter_label": "2023-09 (Q3)",
      "revenue": 8896000,
      "gross_profit": null,
      "operating_income": -4620000,
      "net_income": -6342000,
      "opex": 13516000,
      "cogs": null,
      "rd": 33000,
      "sga": 8619000,
      "fcf": -2004000,
      "ocf": -2004000,
      "capex": null,
      "gross_margin": null,
      "op_margin": -0.5193345323741008,
      "fcf_margin": -0.22526978417266186,
      "incr_op_margin_yoy": -0.21447310887625712,
      "rev_growth_yoy": 1.058306339657566,
      "rev_growth_yoy_accel": 0.7462130033326838,
      "op_leverage_ratio": Infinity,
      "fcf_margin_change": 1.5421720762924545
    },
    {
      "date": "2023-12-31T00:00:00",
      "quarter_label": "2023-12 (Q4)",
      "revenue": 10596000,
      "gross_profit": null,
      "operating_income": -3865000,
      "net_income": 3526000,
      "opex": 14461000,
      "cogs": null,
      "rd": 33000,
      "sga": 9101000,
      "fcf": -8857000,
      "ocf": -8866000,
      "capex": 9000,
      "gross_margin": null,
      "op_margin": -0.36476028690071727,
      "fcf_margin": -0.8358814647036618,
      "rev_growth_yoy": 0.044558359621451105,
      "rev_growth_yoy_accel": -1.0137479800361149,
      "op_leverage_ratio": 2.7331943968634618,
      "fcf_margin_change": -0.6106116805309999
    },
    {
      "date": "2024-03-31T00:00:00",
      "quarter_label": "2024-03 (Q1)",
      "revenue": 7912000,
      "gross_profit": null,
      "operating_income": -5467000,
      "net_income": -10437000,
      "opex": 13379000,
      "cogs": null,
      "rd": 17000,
      "sga": 9250000,
      "fcf": -3382000,
      "ocf": -3325000,
      "capex": -57000,
      "gross_margin": null,
      "op_margin": -0.6909757330637007,
      "fcf_margin": -0.4274519716885743,
      "rev_growth_yoy": -0.09401122180235887,
      "rev_growth_yoy_accel": -0.13856958142380998,
      "fcf_margin_change": 0.40842949301508746
    },
    {
      "date": "2024-06-30T00:00:00",
      "quarter_label": "2024-06 (Q2)",
      "revenue": 7839000,
      "gross_profit": null,
      "operating_income": -5071000,
      "net_income": -257000,
      "opex": 12910000,
      "cogs": null,
      "rd": 621000,
      "sga": 7915000,
      "fcf": -4672000,
      "ocf": -4720000,
      "capex": 48000,
      "gross_margin": null,
      "op_margin": -0.6468937364459753,
      "fcf_margin": -0.5959943870391632,
      "incr_op_margin_yoy": 1.8221998995479658,
      "rev_growth_yoy": 0.34045827633378933,
      "rev_growth_yoy_accel": 0.4344694981361482,
      "fcf_margin_change": -0.1685424153505889
    },
    {
      "date": "2024-09-30T00:00:00",
      "quarter_label": "2024-09 (Q3)",
      "revenue": 9012000,
      "gross_profit": null,
      "operating_income": -4960000,
      "net_income": -5669000,
      "opex": 13972000,
      "cogs": null,
      "rd": 669000,
      "sga": 8425000,
      "fcf": -1208000,
      "ocf": -1208000,
      "capex": null,
      "gross_margin": null,
      "op_margin": -0.5503772747447847,
      "fcf_margin": -0.13404349755881048,
      "rev_growth_yoy": 0.013039568345323741,
      "rev_growth_yoy_accel": -0.3274187079884656,
      "op_leverage_ratio": 1.8190266975999332,
      "fcf_margin_change": 0.4619508894803527
    },
    {
      "date": "2024-12-31T00:00:00",
      "quarter_label": "2024-12 (Q4)",
      "revenue": 12559000,
      "gross_profit": null,
      "operating_income": -1712000,
      "net_income": -1396000,
      "opex": 14271000,
      "cogs": null,
      "rd": 783000,
      "sga": null,
      "fcf": -1018000,
      "ocf": -1017000,
      "capex": -1000,
      "gross_margin": null,
      "op_margin": -0.1363165857154232,
      "fcf_margin": -0.08105740902938131,
      "incr_op_margin_yoy": 1.0967906265919511,
      "rev_growth_yoy": 0.18525858814647037,
      "rev_growth_yoy_accel": 0.17221901980114662,
      "op_leverage_ratio": 18.39193375759114,
      "fcf_margin_change": 0.05298608852942917
    },
    {
      "date": "2025-03-31T00:00:00",
      "quarter_label": "2025-03 (Q1)",
      "revenue": 8588000,
      "gross_profit": null,
      "operating_income": -4547000,
      "net_income": -4203000,
      "opex": 13135000,
      "cogs": null,
      "rd": 1207000,
      "sga": 8653000,
      "fcf": -4120000,
      "ocf": -4117000,
      "capex": -3000,
      "gross_margin": null,
      "op_margin": -0.529459711224965,
      "fcf_margin": -0.47973917093619,
      "rev_growth_yoy": 0.08543983822042467,
      "rev_growth_yoy_accel": -0.0998187499260457,
      "fcf_margin_change": -0.3986817619068087
    },
    {
      "date": "2025-06-30T00:00:00",
      "quarter_label": "2025-06 (Q2)",
      "revenue": 9030000,
      "gross_profit": null,
      "operating_income": -5079000,
      "net_income": -5324000,
      "opex": 14109000,
      "cogs": null,
      "rd": 870000,
      "sga": 10528000,
      "fcf": -3046000,
      "ocf": -3045000,
      "capex": -1000,
      "gross_margin": null,
      "op_margin": -0.5624584717607973,
      "fcf_margin": -0.33732004429678847,
      "incr_op_margin_yoy": -0.006717044500419815,
      "rev_growth_yoy": 0.1519326444699579,
      "rev_growth_yoy_accel": 0.06649280624953324,
      "op_leverage_ratio": 0.6940669326092758,
      "fcf_margin_change": 0.14241912663940154
    },
    {
      "date": "2025-09-30T00:00:00",
      "quarter_label": "2025-09 (Q3)",
      "revenue": 6988000,
      "gross_profit": null,
      "operating_income": -6278000,
      "net_income": -6649000,
      "opex": 13266000,
      "cogs": null,
      "rd": 854000,
      "sga": 10047000,
      "fcf": -3822000,
      "ocf": -3823000,
      "capex": 1000,
      "gross_margin": null,
      "op_margin": -0.8983972524327418,
      "fcf_margin": -0.546937607326846,
      "incr_op_margin_yoy": 0.6511857707509882,
      "rev_growth_yoy": -0.22458943630714603,
      "rev_growth_yoy_accel": -0.3765220807771039,
      "fcf_margin_change": -0.20961756303005757
    }
  ],
  "signals": [
    {
      "quarter": "2025-09 (Q3)",
      "signal": "YoY REVENUE GROWTH DECELERATION",
      "detail": "YoY growth: -22.5% vs prior quarter YoY: +15.2% (decel: -37.7%)",
      "severity": "WARNING"
    },
    {
      "quarter": "2025-06 (Q2)",
      "signal": "FCF MARGIN EXPANSION",
      "detail": "FCF margin: -48.0% -> -33.7% (+14.2%)",
      "severity": "MEDIUM"
    },
    {
      "quarter": "2025-06 (Q2)",
      "signal": "YoY REVENUE GROWTH ACCELERATION",
      "detail": "YoY growth: +15.2% vs prior quarter YoY: +8.5% (accel: +6.6%)",
      "severity": "MEDIUM"
    },
    {
      "quarter": "2025-03 (Q1)",
      "signal": "YoY REVENUE GROWTH DECELERATION",
      "detail": "YoY growth: +8.5% vs prior quarter YoY: +18.5% (decel: -10.0%)",
      "severity": "WARNING"
    },
    {
      "quarter": "2024-12 (Q4)",
      "signal": "FCF MARGIN EXPANSION",
      "detail": "FCF margin: -13.4% -> -8.1% (+5.3%)",
      "severity": "MEDIUM"
    },
    {
      "quarter": "2024-12 (Q4)",
      "signal": "OPERATING LEVERAGE",
      "detail": "Rev growth +39.4% vs OpEx growth +2.1% (leverage: 18.4x)",
      "severity": "MEDIUM"
    },
    {
      "quarter": "2024-12 (Q4)",
      "signal": "YoY REVENUE GROWTH ACCELERATION",
      "detail": "YoY growth: +18.5% vs prior quarter YoY: +1.3% (accel: +17.2%)",
      "severity": "HIGH"
    },
    {
      "quarter": "2024-09 (Q3)",
      "signal": "FCF MARGIN EXPANSION",
      "detail": "FCF margin: -59.6% -> -13.4% (+46.2%)",
      "severity": "MEDIUM"
    },
    {
      "quarter": "2024-09 (Q3)",
      "signal": "OPERATING LEVERAGE",
      "detail": "Rev growth +15.0% vs OpEx growth +8.2% (leverage: 1.8x)",
      "severity": "MEDIUM"
    },
    {
      "quarter": "2024-09 (Q3)",
      "signal": "YoY REVENUE GROWTH DECELERATION",
      "detail": "YoY growth: +1.3% vs prior quarter YoY: +34.0% (decel: -32.7%)",
      "severity": "WARNING"
    },
    {
      "quarter": "2024-06 (Q2)",
      "signal": "YoY REVENUE GROWTH ACCELERATION",
      "detail": "YoY growth: +34.0% vs prior quarter YoY: -9.4% (accel: +43.4%)",
      "severity": "HIGH"
    },
    {
      "quarter": "2024-03 (Q1)",
      "signal": "FCF MARGIN EXPANSION",
      "detail": "FCF margin: -83.6% -> -42.7% (+40.8%)",
      "severity": "MEDIUM"
    },
    {
      "quarter": "2024-03 (Q1)",
      "signal": "YoY REVENUE GROWTH DECELERATION",
      "detail": "YoY growth: -9.4% vs prior quarter YoY: +4.5% (decel: -13.9%)",
      "severity": "WARNING"
    },
    {
      "quarter": "2023-12 (Q4)",
      "signal": "OPERATING LEVERAGE",
      "detail": "Rev growth +19.1% vs OpEx growth +7.0% (leverage: 2.7x)",
      "severity": "MEDIUM"
    },
    {
      "quarter": "2023-12 (Q4)",
      "signal": "YoY REVENUE GROWTH DECELERATION",
      "detail": "YoY growth: +4.5% vs prior quarter YoY: +105.8% (decel: -101.4%)",
      "severity": "WARNING"
    },
    {
      "quarter": "2023-09 (Q3)",
      "signal": "FCF MARGIN EXPANSION",
      "detail": "FCF margin: -176.7% -> -22.5% (+154.2%)",
      "severity": "MEDIUM"
    },
    {
      "quarter": "2023-09 (Q3)",
      "signal": "YoY REVENUE GROWTH ACCELERATION",
      "detail": "YoY growth: +105.8% vs prior quarter YoY: +31.2% (accel: +74.6%)",
      "severity": "HIGH"
    },
    {
      "quarter": "2023-06 (Q2)",
      "signal": "YoY REVENUE GROWTH ACCELERATION",
      "detail": "YoY growth: +31.2% vs prior quarter YoY: -10.4% (accel: +41.6%)",
      "severity": "HIGH"
    },
    {
      "quarter": "2023-03 (Q1)",
      "signal": "FCF MARGIN EXPANSION",
      "detail": "FCF margin: -81.5% -> -42.4% (+39.1%)",
      "severity": "MEDIUM"
    },
    {
      "quarter": "2023-03 (Q1)",
      "signal": "YoY REVENUE GROWTH DECELERATION",
      "detail": "YoY growth: -10.4% vs prior quarter YoY: +10.6% (decel: -21.1%)",
      "severity": "WARNING"
    },
    {
      "quarter": "2022-12 (Q4)",
      "signal": "FCF MARGIN EXPANSION",
      "detail": "FCF margin: -137.5% -> -81.5% (+55.9%)",
      "severity": "MEDIUM"
    },
    {
      "quarter": "2022-12 (Q4)",
      "signal": "YoY REVENUE GROWTH ACCELERATION",
      "detail": "YoY growth: +10.6% vs prior quarter YoY: -0.3% (accel: +10.9%)",
      "severity": "MEDIUM"
    },
    {
      "quarter": "2022-09 (Q3)",
      "signal": "YoY REVENUE GROWTH ACCELERATION",
      "detail": "YoY growth: -0.3% vs prior quarter YoY: -23.9% (accel: +23.6%)",
      "severity": "HIGH"
    },
    {
      "quarter": "2022-06 (Q2)",
      "signal": "FCF TURNED POSITIVE",
      "detail": "FCF margin: -21.7% -> +2.8%",
      "severity": "HIGH"
    },
    {
      "quarter": "2022-06 (Q2)",
      "signal": "YoY REVENUE GROWTH DECELERATION",
      "detail": "YoY growth: -23.9% vs prior quarter YoY: +105.5% (decel: -129.4%)",
      "severity": "WARNING"
    },
    {
      "quarter": "2022-03 (Q1)",
      "signal": "FCF MARGIN EXPANSION",
      "detail": "FCF margin: -228.9% -> -21.7% (+207.3%)",
      "severity": "MEDIUM"
    },
    {
      "quarter": "2022-03 (Q1)",
      "signal": "YoY REVENUE GROWTH ACCELERATION",
      "detail": "YoY growth: +105.5% vs prior quarter YoY: +7.0% (accel: +98.6%)",
      "severity": "HIGH"
    },
    {
      "quarter": "2021-06 (Q2)",
      "signal": "FCF MARGIN EXPANSION",
      "detail": "FCF margin: -72.6% -> -18.2% (+54.4%)",
      "severity": "MEDIUM"
    },
    {
      "quarter": "2021-06 (Q2)",
      "signal": "OPERATING LEVERAGE",
      "detail": "Rev growth +23.4% vs OpEx growth +15.4% (leverage: 1.5x)",
      "severity": "MEDIUM"
    }
  ],
  "data_quality": {
    "n_quarters": 20,
    "coverage": {
      "revenue": [
        20,
        20
      ],
      "gross_profit": [
        1,
        20
      ],
      "op_income": [
        20,
        20
      ],
      "fcf": [
        20,
        20
      ]
    },
    "gaps": [],
    "warnings": [
      "gross_profit: 1/20Q"
    ]
  },
  "market_cap": null,
  "source": "SEC EDGAR",
  "last_updated": "2026-02-03T00:08:20.045163",
  "sector": "Healthcare",
  "industry": "Drug Manufacturers - Specialty & Generic"
}