{
  "ticker": "BFS",
  "name": "SAUL CENTERS, INC.",
  "quarters": [
    {
      "date": "2020-12-31T00:00:00",
      "quarter_label": "2020-12 (Q4)",
      "revenue": 58284000,
      "gross_profit": 42756000,
      "operating_income": 11676000,
      "net_income": 9423000,
      "opex": 46886000,
      "cogs": 15528000,
      "rd": null,
      "sga": null,
      "fcf": 21599000,
      "ocf": 21599000,
      "capex": null,
      "gross_margin": 0.7335803994235125,
      "op_margin": 0.20032942145357216,
      "fcf_margin": 0.3705819779013108
    },
    {
      "date": "2021-03-31T00:00:00",
      "quarter_label": "2021-03 (Q1)",
      "revenue": 58724000,
      "gross_profit": 42209000,
      "operating_income": null,
      "net_income": 10262000,
      "opex": 45929000,
      "cogs": 16515000,
      "rd": null,
      "sga": null,
      "fcf": 34778000,
      "ocf": 34778000,
      "capex": null,
      "gross_margin": 0.7187691574143451,
      "op_margin": null,
      "fcf_margin": 0.5922280498603637,
      "fcf_margin_change": 0.2216460719590529
    },
    {
      "date": "2021-06-30T00:00:00",
      "quarter_label": "2021-06 (Q2)",
      "revenue": 60004000,
      "gross_profit": 45342000,
      "operating_income": null,
      "net_income": 12746000,
      "opex": 43885000,
      "cogs": 14662000,
      "rd": null,
      "sga": null,
      "fcf": 31875000,
      "ocf": 31875000,
      "capex": null,
      "gross_margin": 0.7556496233584428,
      "op_margin": null,
      "fcf_margin": 0.531214585694287,
      "op_leverage_ratio": Infinity,
      "fcf_margin_change": -0.06101346416607667
    },
    {
      "date": "2021-09-30T00:00:00",
      "quarter_label": "2021-09 (Q3)",
      "revenue": 60256000,
      "gross_profit": 44892000,
      "operating_income": null,
      "net_income": 13138000,
      "opex": 43371000,
      "cogs": 15364000,
      "rd": null,
      "sga": null,
      "fcf": 22366000,
      "ocf": 22366000,
      "capex": null,
      "gross_margin": 0.7450212426978227,
      "op_margin": null,
      "fcf_margin": 0.37118295273499735,
      "fcf_margin_change": -0.16003163295928968
    },
    {
      "date": "2021-12-31T00:00:00",
      "quarter_label": "2021-12 (Q4)",
      "revenue": 60240000,
      "gross_profit": 45153000,
      "operating_income": null,
      "net_income": 12243000,
      "opex": 44390000,
      "cogs": 15087000,
      "rd": null,
      "sga": null,
      "fcf": 29408000,
      "ocf": 29408000,
      "capex": null,
      "gross_margin": 0.7495517928286852,
      "op_margin": null,
      "fcf_margin": 0.4881806108897742,
      "rev_growth_yoy": 0.0335598105826642,
      "fcf_margin_change": 0.11699765815477686
    },
    {
      "date": "2022-03-31T00:00:00",
      "quarter_label": "2022-03 (Q1)",
      "revenue": 62144000,
      "gross_profit": 45188000,
      "operating_income": null,
      "net_income": 13365000,
      "opex": 44653000,
      "cogs": 16956000,
      "rd": null,
      "sga": null,
      "fcf": 39971000,
      "ocf": 39971000,
      "capex": null,
      "gross_margin": 0.7271498455200824,
      "op_margin": null,
      "fcf_margin": 0.6431996652935118,
      "rev_growth_yoy": 0.05823853960901846,
      "rev_growth_yoy_accel": 0.024678729026354262,
      "op_leverage_ratio": 5.334716899196622,
      "fcf_margin_change": 0.1550190544037376
    },
    {
      "date": "2022-06-30T00:00:00",
      "quarter_label": "2022-06 (Q2)",
      "revenue": 60293000,
      "gross_profit": 45496000,
      "operating_income": null,
      "net_income": 13016000,
      "opex": 43296000,
      "cogs": 14797000,
      "rd": null,
      "sga": null,
      "fcf": 26513000,
      "ocf": 26513000,
      "capex": null,
      "gross_margin": 0.7545817922478563,
      "op_margin": null,
      "fcf_margin": 0.43973595608113714,
      "rev_growth_yoy": 0.0048163455769615355,
      "rev_growth_yoy_accel": -0.053422194032056926,
      "fcf_margin_change": -0.20346370921237467
    },
    {
      "date": "2022-09-30T00:00:00",
      "quarter_label": "2022-09 (Q3)",
      "revenue": 61087000,
      "gross_profit": 45014000,
      "operating_income": null,
      "net_income": 11950000,
      "opex": 45574000,
      "cogs": 16073000,
      "rd": null,
      "sga": null,
      "fcf": 25525000,
      "ocf": 25525000,
      "capex": null,
      "gross_margin": 0.7368834612929102,
      "op_margin": null,
      "fcf_margin": 0.41784667768919737,
      "rev_growth_yoy": 0.013791157727031333,
      "rev_growth_yoy_accel": 0.008974812150069797,
      "op_leverage_ratio": 0.250292400760483,
      "fcf_margin_change": -0.02188927839193977
    },
    {
      "date": "2022-12-31T00:00:00",
      "quarter_label": "2022-12 (Q4)",
      "revenue": 62336000,
      "gross_profit": 45640000,
      "operating_income": null,
      "net_income": 11863000,
      "opex": 46945000,
      "cogs": 16696000,
      "rd": null,
      "sga": null,
      "fcf": 29142000,
      "ocf": 29142000,
      "capex": null,
      "gross_margin": 0.7321611909650924,
      "op_margin": null,
      "fcf_margin": 0.4674987166324435,
      "rev_growth_yoy": 0.034794156706507304,
      "rev_growth_yoy_accel": 0.02100299897947597,
      "op_leverage_ratio": 0.6796625401012106,
      "fcf_margin_change": 0.04965203894324616
    },
    {
      "date": "2023-03-31T00:00:00",
      "quarter_label": "2023-03 (Q1)",
      "revenue": 63049000,
      "gross_profit": 46769000,
      "operating_income": null,
      "net_income": 13502000,
      "opex": 45386000,
      "cogs": 16280000,
      "rd": null,
      "sga": null,
      "fcf": 36098000,
      "ocf": 36098000,
      "capex": null,
      "gross_margin": 0.7417881330393821,
      "op_margin": null,
      "fcf_margin": 0.5725388190137829,
      "rev_growth_yoy": 0.014562950566426364,
      "rev_growth_yoy_accel": -0.02023120614008094,
      "op_leverage_ratio": Infinity,
      "fcf_margin_change": 0.10504010238133937
    },
    {
      "date": "2023-06-30T00:00:00",
      "quarter_label": "2023-06 (Q2)",
      "revenue": 63709000,
      "gross_profit": 47259000,
      "operating_income": null,
      "net_income": 13162000,
      "opex": 46520000,
      "cogs": 16450000,
      "rd": null,
      "sga": null,
      "fcf": 32594000,
      "ocf": 32594000,
      "capex": null,
      "gross_margin": 0.7417947228805977,
      "op_margin": null,
      "fcf_margin": 0.5116074651933008,
      "rev_growth_yoy": 0.05665665997711177,
      "rev_growth_yoy_accel": 0.04209370941068541,
      "op_leverage_ratio": 0.41896195459297175,
      "fcf_margin_change": -0.06093135382048209
    },
    {
      "date": "2023-09-30T00:00:00",
      "quarter_label": "2023-09 (Q3)",
      "revenue": 63766000,
      "gross_profit": 46405000,
      "operating_income": null,
      "net_income": 12819000,
      "opex": 47055000,
      "cogs": 17361000,
      "rd": null,
      "sga": null,
      "fcf": 16348000,
      "ocf": 16348000,
      "capex": null,
      "gross_margin": 0.7277389204278142,
      "op_margin": null,
      "fcf_margin": 0.25637487062070696,
      "rev_growth_yoy": 0.04385548480036669,
      "rev_growth_yoy_accel": -0.012801175176745082,
      "fcf_margin_change": -0.25523259457259384
    },
    {
      "date": "2023-12-31T00:00:00",
      "quarter_label": "2023-12 (Q4)",
      "revenue": 66683000,
      "gross_profit": 49635000,
      "operating_income": null,
      "net_income": 13206000,
      "opex": 49220000,
      "cogs": 17048000,
      "rd": null,
      "sga": null,
      "fcf": 32687000,
      "ocf": 32687000,
      "capex": null,
      "gross_margin": 0.7443426360541667,
      "op_margin": null,
      "fcf_margin": 0.4901849046983489,
      "rev_growth_yoy": 0.06973498459958932,
      "rev_growth_yoy_accel": 0.025879499799222633,
      "op_leverage_ratio": 0.9942489278966636,
      "fcf_margin_change": 0.23381003407764195
    },
    {
      "date": "2024-03-31T00:00:00",
      "quarter_label": "2024-03 (Q1)",
      "revenue": 66692000,
      "gross_profit": 48524000,
      "operating_income": 48266000,
      "net_income": 13630000,
      "opex": 48429000,
      "cogs": 18168000,
      "rd": null,
      "sga": null,
      "fcf": 33828000,
      "ocf": 33828000,
      "capex": null,
      "gross_margin": 0.72758351826306,
      "op_margin": 0.7237149883044444,
      "fcf_margin": 0.5072272536436154,
      "rev_growth_yoy": 0.05778045647036432,
      "rev_growth_yoy_accel": -0.011954528129225005,
      "fcf_margin_change": 0.017042348945266517
    },
    {
      "date": "2024-06-30T00:00:00",
      "quarter_label": "2024-06 (Q2)",
      "revenue": 66943000,
      "gross_profit": 49679000,
      "operating_income": 50216000,
      "net_income": 14448000,
      "opex": 47634000,
      "cogs": 17264000,
      "rd": null,
      "sga": null,
      "fcf": 32131000,
      "ocf": 32131000,
      "capex": null,
      "gross_margin": 0.7421089583675664,
      "op_margin": 0.750130708214451,
      "fcf_margin": 0.4799755015460915,
      "rev_growth_yoy": 0.05076205873581441,
      "rev_growth_yoy_accel": -0.00701839773454991,
      "fcf_margin_change": -0.02725175209752395
    },
    {
      "date": "2024-09-30T00:00:00",
      "quarter_label": "2024-09 (Q3)",
      "revenue": 67288000,
      "gross_profit": 49557000,
      "operating_income": 48979000,
      "net_income": 14481000,
      "opex": 47696000,
      "cogs": 17731000,
      "rd": null,
      "sga": null,
      "fcf": 26489000,
      "ocf": 26489000,
      "capex": null,
      "gross_margin": 0.7364909047675663,
      "op_margin": 0.7279009630246106,
      "fcf_margin": 0.39366603257638805,
      "rev_growth_yoy": 0.05523319637424333,
      "rev_growth_yoy_accel": 0.004471137638428921,
      "fcf_margin_change": -0.08630946896970343
    },
    {
      "date": "2024-12-31T00:00:00",
      "quarter_label": "2024-12 (Q4)",
      "revenue": 67924000,
      "gross_profit": null,
      "operating_income": 56305000,
      "net_income": 8090000,
      "opex": 57566000,
      "cogs": null,
      "rd": null,
      "sga": null,
      "fcf": 28776000,
      "ocf": 28776000,
      "capex": null,
      "gross_margin": null,
      "op_margin": 0.8289411695424298,
      "fcf_margin": 0.4236499617219245,
      "rev_growth_yoy": 0.01861044044209169,
      "rev_growth_yoy_accel": -0.03662275593215164,
      "fcf_margin_change": 0.029983929145536437
    },
    {
      "date": "2025-03-31T00:00:00",
      "quarter_label": "2025-03 (Q1)",
      "revenue": 71856000,
      "gross_profit": null,
      "operating_income": 47774000,
      "net_income": 9799000,
      "opex": 59008000,
      "cogs": null,
      "rd": null,
      "sga": null,
      "fcf": 30374000,
      "ocf": 30374000,
      "capex": null,
      "gross_margin": null,
      "op_margin": 0.6648574927633044,
      "fcf_margin": 0.42270652415943,
      "incr_op_margin_yoy": -0.09527498063516654,
      "rev_growth_yoy": 0.07743057638097522,
      "rev_growth_yoy_accel": 0.058820135938883536,
      "op_leverage_ratio": 2.310952658927523,
      "fcf_margin_change": -0.0009434375624944868
    },
    {
      "date": "2025-06-30T00:00:00",
      "quarter_label": "2025-06 (Q2)",
      "revenue": 70834000,
      "gross_profit": null,
      "operating_income": 48655000,
      "net_income": 10720000,
      "opex": 56773000,
      "cogs": null,
      "rd": null,
      "sga": null,
      "fcf": 26604000,
      "ocf": 26604000,
      "capex": null,
      "gross_margin": null,
      "op_margin": 0.6868876528220911,
      "fcf_margin": 0.3755823474602592,
      "incr_op_margin_yoy": -0.4011822153687998,
      "rev_growth_yoy": 0.05812407570619781,
      "rev_growth_yoy_accel": -0.019306500674777412,
      "fcf_margin_change": -0.047124176699170794
    },
    {
      "date": "2025-09-30T00:00:00",
      "quarter_label": "2025-09 (Q3)",
      "revenue": 72004000,
      "gross_profit": null,
      "operating_income": 49776000,
      "net_income": 10489000,
      "opex": 58008000,
      "cogs": null,
      "rd": null,
      "sga": null,
      "fcf": 20631000,
      "ocf": 20631000,
      "capex": null,
      "gross_margin": null,
      "op_margin": 0.6912949280595523,
      "fcf_margin": 0.2865257485695239,
      "incr_op_margin_yoy": 0.1689991518235793,
      "rev_growth_yoy": 0.07008679110688384,
      "rev_growth_yoy_accel": 0.011962715400686032,
      "op_leverage_ratio": 0.7593097575799905,
      "fcf_margin_change": -0.0890565988907353
    }
  ],
  "signals": [
    {
      "quarter": "2025-03 (Q1)",
      "signal": "OPERATING LEVERAGE",
      "detail": "Rev growth +5.8% vs OpEx growth +2.5% (leverage: 2.3x)",
      "severity": "MEDIUM"
    },
    {
      "quarter": "2025-03 (Q1)",
      "signal": "YoY REVENUE GROWTH ACCELERATION",
      "detail": "YoY growth: +7.7% vs prior quarter YoY: +1.9% (accel: +5.9%)",
      "severity": "MEDIUM"
    },
    {
      "quarter": "2023-12 (Q4)",
      "signal": "FCF MARGIN EXPANSION",
      "detail": "FCF margin: +25.6% -> +49.0% (+23.4%)",
      "severity": "MEDIUM"
    },
    {
      "quarter": "2023-03 (Q1)",
      "signal": "FCF MARGIN EXPANSION",
      "detail": "FCF margin: +46.7% -> +57.3% (+10.5%)",
      "severity": "MEDIUM"
    },
    {
      "quarter": "2022-06 (Q2)",
      "signal": "GROSS MARGIN INFLECTION",
      "detail": "GM: +75.0% -> +72.7% -> +75.5% (reversal +2.7%)",
      "severity": "MEDIUM"
    },
    {
      "quarter": "2022-06 (Q2)",
      "signal": "YoY REVENUE GROWTH DECELERATION",
      "detail": "YoY growth: +0.5% vs prior quarter YoY: +5.8% (decel: -5.3%)",
      "severity": "WARNING"
    },
    {
      "quarter": "2022-03 (Q1)",
      "signal": "FCF MARGIN EXPANSION",
      "detail": "FCF margin: +48.8% -> +64.3% (+15.5%)",
      "severity": "MEDIUM"
    },
    {
      "quarter": "2022-03 (Q1)",
      "signal": "OPERATING LEVERAGE",
      "detail": "Rev growth +3.2% vs OpEx growth +0.6% (leverage: 5.3x)",
      "severity": "MEDIUM"
    },
    {
      "quarter": "2021-12 (Q4)",
      "signal": "FCF MARGIN EXPANSION",
      "detail": "FCF margin: +37.1% -> +48.8% (+11.7%)",
      "severity": "MEDIUM"
    },
    {
      "quarter": "2021-06 (Q2)",
      "signal": "GROSS MARGIN INFLECTION",
      "detail": "GM: +73.4% -> +71.9% -> +75.6% (reversal +3.7%)",
      "severity": "MEDIUM"
    },
    {
      "quarter": "2021-03 (Q1)",
      "signal": "FCF MARGIN EXPANSION",
      "detail": "FCF margin: +37.1% -> +59.2% (+22.2%)",
      "severity": "MEDIUM"
    }
  ],
  "data_quality": {
    "n_quarters": 20,
    "coverage": {
      "revenue": [
        20,
        20
      ],
      "gross_profit": [
        16,
        20
      ],
      "op_income": [
        8,
        20
      ],
      "fcf": [
        20,
        20
      ]
    },
    "gaps": [],
    "warnings": [
      "op_income: 8/20Q"
    ]
  },
  "market_cap": null,
  "source": "SEC EDGAR",
  "last_updated": "2026-02-02T21:59:07.252462",
  "sector": "Real Estate",
  "industry": "REIT - Retail"
}