{
  "ticker": "BG",
  "name": "BUNGE GLOBAL SA",
  "quarters": [
    {
      "date": "2022-03-31T00:00:00",
      "quarter_label": "2022-03 (Q1)",
      "revenue": 15880000000,
      "gross_profit": 1204000000,
      "operating_income": null,
      "net_income": 688000000,
      "opex": null,
      "cogs": null,
      "rd": null,
      "sga": null,
      "fcf": null,
      "ocf": null,
      "capex": null,
      "gross_margin": 0.07581863979848867,
      "op_margin": null,
      "fcf_margin": null
    },
    {
      "date": "2022-06-30T00:00:00",
      "quarter_label": "2022-06 (Q2)",
      "revenue": 17933000000,
      "gross_profit": 772000000,
      "operating_income": null,
      "net_income": 206000000,
      "opex": null,
      "cogs": null,
      "rd": null,
      "sga": null,
      "fcf": null,
      "ocf": null,
      "capex": null,
      "gross_margin": 0.043049127307199016,
      "op_margin": null,
      "fcf_margin": null
    },
    {
      "date": "2022-09-30T00:00:00",
      "quarter_label": "2022-09 (Q3)",
      "revenue": 16759000000,
      "gross_profit": 888000000,
      "operating_income": null,
      "net_income": 380000000,
      "opex": null,
      "cogs": null,
      "rd": null,
      "sga": null,
      "fcf": null,
      "ocf": null,
      "capex": null,
      "gross_margin": 0.052986455039083474,
      "op_margin": null,
      "fcf_margin": null
    },
    {
      "date": "2022-12-31T00:00:00",
      "quarter_label": "2022-12 (Q4)",
      "revenue": 16660000000,
      "gross_profit": 818000000,
      "operating_income": null,
      "net_income": 336000000,
      "opex": null,
      "cogs": null,
      "rd": null,
      "sga": null,
      "fcf": null,
      "ocf": null,
      "capex": null,
      "gross_margin": 0.04909963985594238,
      "op_margin": null,
      "fcf_margin": null
    },
    {
      "date": "2023-03-31T00:00:00",
      "quarter_label": "2023-03 (Q1)",
      "revenue": 15328000000,
      "gross_profit": 1181000000,
      "operating_income": null,
      "net_income": 632000000,
      "opex": null,
      "cogs": 14147000000,
      "rd": null,
      "sga": 353000000,
      "fcf": 758000000,
      "ocf": 931000000,
      "capex": -173000000,
      "gross_margin": 0.07704853862212943,
      "op_margin": null,
      "fcf_margin": 0.04945198329853862,
      "rev_growth_yoy": -0.034760705289672546
    },
    {
      "date": "2023-06-30T00:00:00",
      "quarter_label": "2023-06 (Q2)",
      "revenue": 15049000000,
      "gross_profit": 1365000000,
      "operating_income": null,
      "net_income": 622000000,
      "opex": null,
      "cogs": 13684000000,
      "rd": null,
      "sga": 420000000,
      "fcf": -827000000,
      "ocf": -459000000,
      "capex": -368000000,
      "gross_margin": 0.09070370124260749,
      "op_margin": null,
      "fcf_margin": -0.054953817529403946,
      "rev_growth_yoy": -0.16082083310098702,
      "rev_growth_yoy_accel": -0.12606012781131448,
      "fcf_margin_change": -0.10440580082794257
    },
    {
      "date": "2023-09-30T00:00:00",
      "quarter_label": "2023-09 (Q3)",
      "revenue": 14227000000,
      "gross_profit": 1045000000,
      "operating_income": null,
      "net_income": 373000000,
      "opex": null,
      "cogs": 13182000000,
      "rd": null,
      "sga": 447000000,
      "fcf": 1124000000,
      "ocf": 1388000000,
      "capex": -264000000,
      "gross_margin": 0.07345188725662473,
      "op_margin": null,
      "fcf_margin": 0.0790047093554509,
      "rev_growth_yoy": -0.1510830001790083,
      "rev_growth_yoy_accel": 0.009737832921978717,
      "fcf_margin_change": 0.13395852688485485
    },
    {
      "date": "2023-12-31T00:00:00",
      "quarter_label": "2023-12 (Q4)",
      "revenue": 14936000000,
      "gross_profit": 1254000000,
      "operating_income": null,
      "net_income": 616000000,
      "opex": null,
      "cogs": 13682000000,
      "rd": null,
      "sga": 495000000,
      "fcf": 1131000000,
      "ocf": 1448000000,
      "capex": -317000000,
      "gross_margin": 0.08395822174611677,
      "op_margin": null,
      "fcf_margin": 0.07572308516336368,
      "rev_growth_yoy": -0.10348139255702281,
      "rev_growth_yoy_accel": 0.047601607621985495,
      "fcf_margin_change": -0.003281624192087218
    },
    {
      "date": "2024-03-31T00:00:00",
      "quarter_label": "2024-03 (Q1)",
      "revenue": 13417000000,
      "gross_profit": 876000000,
      "operating_income": null,
      "net_income": 244000000,
      "opex": null,
      "cogs": 12541000000,
      "rd": null,
      "sga": 439000000,
      "fcf": 758000000,
      "ocf": 994000000,
      "capex": -236000000,
      "gross_margin": 0.06529030334650071,
      "op_margin": null,
      "fcf_margin": 0.05649549079525974,
      "rev_growth_yoy": -0.12467379958246347,
      "rev_growth_yoy_accel": -0.02119240702544066,
      "fcf_margin_change": -0.019227594368103937
    },
    {
      "date": "2024-06-30T00:00:00",
      "quarter_label": "2024-06 (Q2)",
      "revenue": 13241000000,
      "gross_profit": 664000000,
      "operating_income": null,
      "net_income": 70000000,
      "opex": null,
      "cogs": 12577000000,
      "rd": null,
      "sga": 449000000,
      "fcf": -1771000000,
      "ocf": -1474000000,
      "capex": -297000000,
      "gross_margin": 0.050147269843667394,
      "op_margin": null,
      "fcf_margin": -0.13375122724869723,
      "rev_growth_yoy": -0.12014087314771746,
      "rev_growth_yoy_accel": 0.00453292643474601,
      "fcf_margin_change": -0.19024671804395699
    },
    {
      "date": "2024-09-30T00:00:00",
      "quarter_label": "2024-09 (Q3)",
      "revenue": 12908000000,
      "gross_profit": 772000000,
      "operating_income": null,
      "net_income": 221000000,
      "opex": null,
      "cogs": 12136000000,
      "rd": null,
      "sga": 437000000,
      "fcf": 973000000,
      "ocf": 1327000000,
      "capex": -354000000,
      "gross_margin": 0.05980787108769755,
      "op_margin": null,
      "fcf_margin": 0.07537960954446854,
      "rev_growth_yoy": -0.09271104238419905,
      "rev_growth_yoy_accel": 0.027429830763518404,
      "fcf_margin_change": 0.20913083679316577
    },
    {
      "date": "2024-12-31T00:00:00",
      "quarter_label": "2024-12 (Q4)",
      "revenue": 13542000000,
      "gross_profit": 1081000000,
      "operating_income": null,
      "net_income": 602000000,
      "opex": null,
      "cogs": 12461000000,
      "rd": null,
      "sga": 451000000,
      "fcf": 564000000,
      "ocf": 1053000000,
      "capex": -489000000,
      "gross_margin": 0.07982572736671098,
      "op_margin": null,
      "fcf_margin": 0.04164820558263181,
      "rev_growth_yoy": -0.09333154793786824,
      "rev_growth_yoy_accel": -0.0006205055536691872,
      "fcf_margin_change": -0.03373140396183673
    },
    {
      "date": "2025-03-31T00:00:00",
      "quarter_label": "2025-03 (Q1)",
      "revenue": 11643000000,
      "gross_profit": 597000000,
      "operating_income": null,
      "net_income": 201000000,
      "opex": null,
      "cogs": 11046000000,
      "rd": null,
      "sga": 380000000,
      "fcf": -595000000,
      "ocf": -285000000,
      "capex": -310000000,
      "gross_margin": 0.05127544447307395,
      "op_margin": null,
      "fcf_margin": -0.05110366743966332,
      "rev_growth_yoy": -0.13222031750763957,
      "rev_growth_yoy_accel": -0.03888876956977133,
      "fcf_margin_change": -0.09275187302229512
    },
    {
      "date": "2025-06-30T00:00:00",
      "quarter_label": "2025-06 (Q2)",
      "revenue": 12769000000,
      "gross_profit": 738000000,
      "operating_income": null,
      "net_income": 354000000,
      "opex": null,
      "cogs": 12031000000,
      "rd": null,
      "sga": 418000000,
      "fcf": -1478000000,
      "ocf": -1072000000,
      "capex": -406000000,
      "gross_margin": 0.05779622523298614,
      "op_margin": null,
      "fcf_margin": -0.11574907980264704,
      "rev_growth_yoy": -0.03564685446718526,
      "rev_growth_yoy_accel": 0.0965734630404543,
      "fcf_margin_change": -0.06464541236298371
    },
    {
      "date": "2025-09-30T00:00:00",
      "quarter_label": "2025-09 (Q3)",
      "revenue": 22155000000,
      "gross_profit": 1063000000,
      "operating_income": null,
      "net_income": 166000000,
      "opex": null,
      "cogs": 21092000000,
      "rd": null,
      "sga": 678000000,
      "fcf": 385000000,
      "ocf": 854000000,
      "capex": -469000000,
      "gross_margin": 0.047980139923267884,
      "op_margin": null,
      "fcf_margin": 0.017377567140600316,
      "rev_growth_yoy": 0.7163774403470716,
      "rev_growth_yoy_accel": 0.7520242948142569,
      "fcf_margin_change": 0.13312664694324736
    }
  ],
  "signals": [
    {
      "quarter": "2025-09 (Q3)",
      "signal": "FCF TURNED POSITIVE",
      "detail": "FCF margin: -11.6% -> +1.7%",
      "severity": "HIGH"
    },
    {
      "quarter": "2025-09 (Q3)",
      "signal": "YoY REVENUE GROWTH ACCELERATION",
      "detail": "YoY growth: +71.6% vs prior quarter YoY: -3.6% (accel: +75.2%)",
      "severity": "HIGH"
    },
    {
      "quarter": "2025-06 (Q2)",
      "signal": "YoY REVENUE GROWTH ACCELERATION",
      "detail": "YoY growth: -3.6% vs prior quarter YoY: -13.2% (accel: +9.7%)",
      "severity": "MEDIUM"
    },
    {
      "quarter": "2024-09 (Q3)",
      "signal": "FCF TURNED POSITIVE",
      "detail": "FCF margin: -13.4% -> +7.5%",
      "severity": "HIGH"
    },
    {
      "quarter": "2023-09 (Q3)",
      "signal": "FCF TURNED POSITIVE",
      "detail": "FCF margin: -5.5% -> +7.9%",
      "severity": "HIGH"
    },
    {
      "quarter": "2023-06 (Q2)",
      "signal": "YoY REVENUE GROWTH DECELERATION",
      "detail": "YoY growth: -16.1% vs prior quarter YoY: -3.5% (decel: -12.6%)",
      "severity": "WARNING"
    },
    {
      "quarter": "2023-03 (Q1)",
      "signal": "GROSS MARGIN INFLECTION",
      "detail": "GM: +5.3% -> +4.9% -> +7.7% (reversal +2.8%)",
      "severity": "MEDIUM"
    }
  ],
  "data_quality": {
    "n_quarters": 15,
    "coverage": {
      "revenue": [
        15,
        15
      ],
      "gross_profit": [
        15,
        15
      ],
      "op_income": [
        0,
        15
      ],
      "fcf": [
        11,
        15
      ]
    },
    "gaps": [],
    "warnings": [
      "op_income: no data",
      "fcf: 11/15Q"
    ]
  },
  "market_cap": null,
  "source": "SEC EDGAR",
  "last_updated": "2026-02-02T20:16:21.107514"
}