{
  "ticker": "BGC",
  "name": "BGC Group, Inc.",
  "quarters": [
    {
      "date": "2020-12-31T00:00:00",
      "quarter_label": "2020-12 (Q4)",
      "revenue": 479426000,
      "gross_profit": null,
      "operating_income": null,
      "net_income": -2338000,
      "opex": 502343000,
      "cogs": null,
      "rd": null,
      "sga": null,
      "fcf": 160813000,
      "ocf": 163056000,
      "capex": -2243000,
      "gross_margin": null,
      "op_margin": null,
      "fcf_margin": 0.33542819955530156
    },
    {
      "date": "2021-03-31T00:00:00",
      "quarter_label": "2021-03 (Q1)",
      "revenue": 567576000,
      "gross_profit": null,
      "operating_income": null,
      "net_income": 43091000,
      "opex": 500384000,
      "cogs": null,
      "rd": null,
      "sga": null,
      "fcf": 42509000,
      "ocf": 44216000,
      "capex": -1707000,
      "gross_margin": null,
      "op_margin": null,
      "fcf_margin": 0.07489569678774297,
      "op_leverage_ratio": Infinity,
      "fcf_margin_change": -0.26053250276755857
    },
    {
      "date": "2021-06-30T00:00:00",
      "quarter_label": "2021-06 (Q2)",
      "revenue": 512450000,
      "gross_profit": null,
      "operating_income": null,
      "net_income": 18169000,
      "opex": 493955000,
      "cogs": null,
      "rd": null,
      "sga": null,
      "fcf": 149925000,
      "ocf": 154130000,
      "capex": -4205000,
      "gross_margin": null,
      "op_margin": null,
      "fcf_margin": 0.2925651283052005,
      "fcf_margin_change": 0.21766943151745752
    },
    {
      "date": "2021-09-30T00:00:00",
      "quarter_label": "2021-09 (Q3)",
      "revenue": 473747000,
      "gross_profit": null,
      "operating_income": null,
      "net_income": -11402000,
      "opex": 500801000,
      "cogs": null,
      "rd": null,
      "sga": null,
      "fcf": 105641000,
      "ocf": 107775000,
      "capex": -2134000,
      "gross_margin": null,
      "op_margin": null,
      "fcf_margin": 0.22299033028177487,
      "fcf_margin_change": -0.06957479802342562
    },
    {
      "date": "2021-12-31T00:00:00",
      "quarter_label": "2021-12 (Q4)",
      "revenue": 461591000,
      "gross_profit": null,
      "operating_income": null,
      "net_income": 76453000,
      "opex": 679745000,
      "cogs": null,
      "rd": null,
      "sga": null,
      "fcf": 108998000,
      "ocf": 111064000,
      "capex": -2066000,
      "gross_margin": null,
      "op_margin": null,
      "fcf_margin": 0.23613545324757199,
      "rev_growth_yoy": -0.03720073587998982,
      "fcf_margin_change": 0.013145122965797118
    },
    {
      "date": "2022-03-31T00:00:00",
      "quarter_label": "2022-03 (Q1)",
      "revenue": 506464000,
      "gross_profit": null,
      "operating_income": null,
      "net_income": 25972000,
      "opex": 463413000,
      "cogs": null,
      "rd": null,
      "sga": null,
      "fcf": -10913000,
      "ocf": -9883000,
      "capex": -1030000,
      "gross_margin": null,
      "op_margin": null,
      "fcf_margin": -0.021547434763379034,
      "rev_growth_yoy": -0.10767192411236556,
      "rev_growth_yoy_accel": -0.07047118823237575,
      "op_leverage_ratio": Infinity,
      "fcf_margin_change": -0.257682888010951
    },
    {
      "date": "2022-06-30T00:00:00",
      "quarter_label": "2022-06 (Q2)",
      "revenue": 435756000,
      "gross_profit": null,
      "operating_income": null,
      "net_income": 14762000,
      "opex": 408946000,
      "cogs": null,
      "rd": null,
      "sga": null,
      "fcf": 61437000,
      "ocf": 63851000,
      "capex": -2414000,
      "gross_margin": null,
      "op_margin": null,
      "fcf_margin": 0.14098945281304215,
      "rev_growth_yoy": -0.14966143038345203,
      "rev_growth_yoy_accel": -0.04198950627108647,
      "fcf_margin_change": 0.16253688757642118
    },
    {
      "date": "2022-09-30T00:00:00",
      "quarter_label": "2022-09 (Q3)",
      "revenue": 416567000,
      "gross_profit": null,
      "operating_income": null,
      "net_income": 5762000,
      "opex": 406121000,
      "cogs": null,
      "rd": null,
      "sga": null,
      "fcf": 74979000,
      "ocf": 77969000,
      "capex": -2990000,
      "gross_margin": null,
      "op_margin": null,
      "fcf_margin": 0.1799926542428949,
      "rev_growth_yoy": -0.12069733423114025,
      "rev_growth_yoy_accel": 0.028964096152311783,
      "fcf_margin_change": 0.03900320142985275
    },
    {
      "date": "2022-12-31T00:00:00",
      "quarter_label": "2022-12 (Q4)",
      "revenue": 436515000,
      "gross_profit": null,
      "operating_income": null,
      "net_income": 2216000,
      "opex": 438635000,
      "cogs": null,
      "rd": null,
      "sga": null,
      "fcf": 88268000,
      "ocf": 92425000,
      "capex": -4157000,
      "gross_margin": null,
      "op_margin": null,
      "fcf_margin": 0.20221069149971937,
      "rev_growth_yoy": -0.05432514932050235,
      "rev_growth_yoy_accel": 0.0663721849106379,
      "op_leverage_ratio": 0.5981354495669843,
      "fcf_margin_change": 0.022218037256824474
    },
    {
      "date": "2023-03-31T00:00:00",
      "quarter_label": "2023-03 (Q1)",
      "revenue": 532867000,
      "gross_profit": null,
      "operating_income": null,
      "net_income": 18978000,
      "opex": 499963000,
      "cogs": null,
      "rd": null,
      "sga": null,
      "fcf": 22160000,
      "ocf": 24487000,
      "capex": -2327000,
      "gross_margin": null,
      "op_margin": null,
      "fcf_margin": 0.041586362075339625,
      "rev_growth_yoy": 0.05213203702533645,
      "rev_growth_yoy_accel": 0.1064571863458388,
      "op_leverage_ratio": 1.578723385956421,
      "fcf_margin_change": -0.16062432942437976
    },
    {
      "date": "2023-06-30T00:00:00",
      "quarter_label": "2023-06 (Q2)",
      "revenue": 493080000,
      "gross_profit": null,
      "operating_income": null,
      "net_income": -19704000,
      "opex": 525758000,
      "cogs": null,
      "rd": null,
      "sga": null,
      "fcf": -110437000,
      "ocf": -105683000,
      "capex": -4754000,
      "gross_margin": null,
      "op_margin": null,
      "fcf_margin": -0.2239737973553987,
      "rev_growth_yoy": 0.13155068432792663,
      "rev_growth_yoy_accel": 0.07941864730259018,
      "fcf_margin_change": -0.26556015943073835
    },
    {
      "date": "2023-09-30T00:00:00",
      "quarter_label": "2023-09 (Q3)",
      "revenue": 482694000,
      "gross_profit": null,
      "operating_income": null,
      "net_income": 17046000,
      "opex": 464889000,
      "cogs": null,
      "rd": null,
      "sga": null,
      "fcf": 310877000,
      "ocf": 312897000,
      "capex": -2020000,
      "gross_margin": null,
      "op_margin": null,
      "fcf_margin": 0.6440457101186259,
      "rev_growth_yoy": 0.15874277127088798,
      "rev_growth_yoy_accel": 0.027192086942961352,
      "fcf_margin_change": 0.8680195074740246
    },
    {
      "date": "2023-12-31T00:00:00",
      "quarter_label": "2023-12 (Q4)",
      "revenue": 516760000,
      "gross_profit": null,
      "operating_income": null,
      "net_income": 19945000,
      "opex": 502220000,
      "cogs": null,
      "rd": null,
      "sga": null,
      "fcf": 167679000,
      "ocf": 173502000,
      "capex": -5823000,
      "gross_margin": null,
      "op_margin": null,
      "fcf_margin": 0.32448138400805016,
      "rev_growth_yoy": 0.18383102527977274,
      "rev_growth_yoy_accel": 0.02508825400888476,
      "op_leverage_ratio": 0.8788785964809847,
      "fcf_margin_change": -0.3195643261105757
    },
    {
      "date": "2024-03-31T00:00:00",
      "quarter_label": "2024-03 (Q1)",
      "revenue": 578614000,
      "gross_profit": null,
      "operating_income": null,
      "net_income": 49210000,
      "opex": 548068000,
      "cogs": null,
      "rd": null,
      "sga": null,
      "fcf": 24862000,
      "ocf": 28092000,
      "capex": -3230000,
      "gross_margin": null,
      "op_margin": null,
      "fcf_margin": 0.04296819641418977,
      "rev_growth_yoy": 0.08585069069767878,
      "rev_growth_yoy_accel": -0.09798033458209396,
      "op_leverage_ratio": 1.3111503907093889,
      "fcf_margin_change": -0.2815131875938604
    },
    {
      "date": "2024-06-30T00:00:00",
      "quarter_label": "2024-06 (Q2)",
      "revenue": 550761000,
      "gross_profit": null,
      "operating_income": null,
      "net_income": 37828000,
      "opex": 500155000,
      "cogs": null,
      "rd": null,
      "sga": null,
      "fcf": -63472000,
      "ocf": -52950000,
      "capex": -10522000,
      "gross_margin": null,
      "op_margin": null,
      "fcf_margin": -0.11524418032504118,
      "rev_growth_yoy": 0.11698101727914334,
      "rev_growth_yoy_accel": 0.031130326581464557,
      "fcf_margin_change": -0.15821237673923094
    },
    {
      "date": "2024-09-30T00:00:00",
      "quarter_label": "2024-09 (Q3)",
      "revenue": 561111000,
      "gross_profit": null,
      "operating_income": null,
      "net_income": 14747000,
      "opex": 548038000,
      "cogs": null,
      "rd": null,
      "sga": null,
      "fcf": 78760000,
      "ocf": 88320000,
      "capex": -9560000,
      "gross_margin": null,
      "op_margin": null,
      "fcf_margin": 0.14036438423057113,
      "rev_growth_yoy": 0.16245696031025866,
      "rev_growth_yoy_accel": 0.04547594303111532,
      "op_leverage_ratio": 0.1962910203003929,
      "fcf_margin_change": 0.2556085645556123
    },
    {
      "date": "2024-12-31T00:00:00",
      "quarter_label": "2024-12 (Q4)",
      "revenue": 572332000,
      "gross_profit": null,
      "operating_income": null,
      "net_income": 25203000,
      "opex": 586002000,
      "cogs": null,
      "rd": null,
      "sga": null,
      "fcf": 245576000,
      "ocf": 251888000,
      "capex": -6312000,
      "gross_margin": null,
      "op_margin": null,
      "fcf_margin": 0.4290796251126968,
      "rev_growth_yoy": 0.1075392832262559,
      "rev_growth_yoy_accel": -0.05491767708400276,
      "op_leverage_ratio": 0.28868318470321763,
      "fcf_margin_change": 0.2887152408821257
    },
    {
      "date": "2025-03-31T00:00:00",
      "quarter_label": "2025-03 (Q1)",
      "revenue": 664240000,
      "gross_profit": null,
      "operating_income": null,
      "net_income": 55164000,
      "opex": 586522000,
      "cogs": null,
      "rd": null,
      "sga": null,
      "fcf": -4415000,
      "ocf": 839000,
      "capex": -5254000,
      "gross_margin": null,
      "op_margin": null,
      "fcf_margin": -0.006646693966036373,
      "rev_growth_yoy": 0.14798466680723246,
      "rev_growth_yoy_accel": 0.04044538358097656,
      "op_leverage_ratio": Infinity,
      "fcf_margin_change": -0.4357263190787332
    },
    {
      "date": "2025-06-30T00:00:00",
      "quarter_label": "2025-06 (Q2)",
      "revenue": 784004000,
      "gross_profit": null,
      "operating_income": null,
      "net_income": 57545000,
      "opex": 711686000,
      "cogs": null,
      "rd": null,
      "sga": null,
      "fcf": 64970000,
      "ocf": 71239000,
      "capex": -6269000,
      "gross_margin": null,
      "op_margin": null,
      "fcf_margin": 0.082869475155739,
      "rev_growth_yoy": 0.4234922225793039,
      "rev_growth_yoy_accel": 0.2755075557720714,
      "op_leverage_ratio": 0.8449016156369505,
      "fcf_margin_change": 0.08951616912177537
    },
    {
      "date": "2025-09-30T00:00:00",
      "quarter_label": "2025-09 (Q3)",
      "revenue": 736849000,
      "gross_profit": null,
      "operating_income": null,
      "net_income": 27882000,
      "opex": 705608000,
      "cogs": null,
      "rd": null,
      "sga": null,
      "fcf": 137188000,
      "ocf": 141860000,
      "capex": -4672000,
      "gross_margin": null,
      "op_margin": null,
      "fcf_margin": 0.1861819721544034,
      "rev_growth_yoy": 0.3131964976626728,
      "rev_growth_yoy_accel": -0.11029572491663109,
      "fcf_margin_change": 0.1033124969986644
    }
  ],
  "signals": [
    {
      "quarter": "2025-09 (Q3)",
      "signal": "FCF MARGIN EXPANSION",
      "detail": "FCF margin: +8.3% -> +18.6% (+10.3%)",
      "severity": "MEDIUM"
    },
    {
      "quarter": "2025-09 (Q3)",
      "signal": "YoY REVENUE GROWTH DECELERATION",
      "detail": "YoY growth: +31.3% vs prior quarter YoY: +42.3% (decel: -11.0%)",
      "severity": "WARNING"
    },
    {
      "quarter": "2025-06 (Q2)",
      "signal": "FCF TURNED POSITIVE",
      "detail": "FCF margin: -0.7% -> +8.3%",
      "severity": "HIGH"
    },
    {
      "quarter": "2025-06 (Q2)",
      "signal": "YoY REVENUE GROWTH ACCELERATION",
      "detail": "YoY growth: +42.3% vs prior quarter YoY: +14.8% (accel: +27.6%)",
      "severity": "HIGH"
    },
    {
      "quarter": "2025-03 (Q1)",
      "signal": "OPERATING LEVERAGE",
      "detail": "Rev growth +16.1% vs OpEx growth +0.1% (leverage: 181.0x)",
      "severity": "MEDIUM"
    },
    {
      "quarter": "2024-12 (Q4)",
      "signal": "FCF MARGIN EXPANSION",
      "detail": "FCF margin: +14.0% -> +42.9% (+28.9%)",
      "severity": "MEDIUM"
    },
    {
      "quarter": "2024-12 (Q4)",
      "signal": "YoY REVENUE GROWTH DECELERATION",
      "detail": "YoY growth: +10.8% vs prior quarter YoY: +16.2% (decel: -5.5%)",
      "severity": "WARNING"
    },
    {
      "quarter": "2024-09 (Q3)",
      "signal": "FCF TURNED POSITIVE",
      "detail": "FCF margin: -11.5% -> +14.0%",
      "severity": "HIGH"
    },
    {
      "quarter": "2024-03 (Q1)",
      "signal": "YoY REVENUE GROWTH DECELERATION",
      "detail": "YoY growth: +8.6% vs prior quarter YoY: +18.4% (decel: -9.8%)",
      "severity": "WARNING"
    },
    {
      "quarter": "2023-09 (Q3)",
      "signal": "FCF TURNED POSITIVE",
      "detail": "FCF margin: -22.4% -> +64.4%",
      "severity": "HIGH"
    },
    {
      "quarter": "2023-06 (Q2)",
      "signal": "YoY REVENUE GROWTH ACCELERATION",
      "detail": "YoY growth: +13.2% vs prior quarter YoY: +5.2% (accel: +7.9%)",
      "severity": "MEDIUM"
    },
    {
      "quarter": "2023-03 (Q1)",
      "signal": "OPERATING LEVERAGE",
      "detail": "Rev growth +22.1% vs OpEx growth +14.0% (leverage: 1.6x)",
      "severity": "MEDIUM"
    },
    {
      "quarter": "2023-03 (Q1)",
      "signal": "YoY REVENUE GROWTH ACCELERATION",
      "detail": "YoY growth: +5.2% vs prior quarter YoY: -5.4% (accel: +10.6%)",
      "severity": "MEDIUM"
    },
    {
      "quarter": "2022-12 (Q4)",
      "signal": "YoY REVENUE GROWTH ACCELERATION",
      "detail": "YoY growth: -5.4% vs prior quarter YoY: -12.1% (accel: +6.6%)",
      "severity": "MEDIUM"
    },
    {
      "quarter": "2022-06 (Q2)",
      "signal": "FCF TURNED POSITIVE",
      "detail": "FCF margin: -2.2% -> +14.1%",
      "severity": "HIGH"
    },
    {
      "quarter": "2022-03 (Q1)",
      "signal": "YoY REVENUE GROWTH DECELERATION",
      "detail": "YoY growth: -10.8% vs prior quarter YoY: -3.7% (decel: -7.0%)",
      "severity": "WARNING"
    },
    {
      "quarter": "2021-06 (Q2)",
      "signal": "FCF MARGIN EXPANSION",
      "detail": "FCF margin: +7.5% -> +29.3% (+21.8%)",
      "severity": "MEDIUM"
    }
  ],
  "data_quality": {
    "n_quarters": 20,
    "coverage": {
      "revenue": [
        20,
        20
      ],
      "gross_profit": [
        0,
        20
      ],
      "op_income": [
        0,
        20
      ],
      "fcf": [
        20,
        20
      ]
    },
    "gaps": [],
    "warnings": [
      "gross_profit: no data",
      "op_income: no data"
    ]
  },
  "market_cap": null,
  "source": "SEC EDGAR",
  "last_updated": "2026-02-02T21:11:24.093701"
}