{
  "ticker": "BH-A",
  "name": "BIGLARI HOLDINGS INC.",
  "quarters": [
    {
      "date": "2020-12-31T00:00:00",
      "quarter_label": "2020-12 (Q4)",
      "revenue": 99646000,
      "gross_profit": 34578000,
      "operating_income": null,
      "net_income": 36329000,
      "opex": 94392000,
      "cogs": 51918000,
      "rd": null,
      "sga": null,
      "fcf": 3784000,
      "ocf": 11189000,
      "capex": -7405000,
      "gross_margin": 0.3470084097705879,
      "op_margin": null,
      "fcf_margin": 0.03797442948036048
    },
    {
      "date": "2021-03-31T00:00:00",
      "quarter_label": "2021-03 (Q1)",
      "revenue": 94288000,
      "gross_profit": 48672000,
      "operating_income": null,
      "net_income": 71707000,
      "opex": 85412000,
      "cogs": 45616000,
      "rd": null,
      "sga": 15540000,
      "fcf": 157851000,
      "ocf": 165298000,
      "capex": -7447000,
      "gross_margin": 0.5162056677413881,
      "op_margin": null,
      "fcf_margin": 1.6741366875954522,
      "fcf_margin_change": 1.6361622581150916
    },
    {
      "date": "2021-06-30T00:00:00",
      "quarter_label": "2021-06 (Q2)",
      "revenue": 90787000,
      "gross_profit": 48800000,
      "operating_income": null,
      "net_income": -20737000,
      "opex": 82381000,
      "cogs": 41987000,
      "rd": null,
      "sga": 18419000,
      "fcf": 2519000,
      "ocf": 21910000,
      "capex": -19391000,
      "gross_margin": 0.5375218919008228,
      "op_margin": null,
      "fcf_margin": 0.027746263231519932,
      "fcf_margin_change": -1.6463904243639322
    },
    {
      "date": "2021-09-30T00:00:00",
      "quarter_label": "2021-09 (Q3)",
      "revenue": 82083000,
      "gross_profit": 40389000,
      "operating_income": null,
      "net_income": -10669000,
      "opex": 81329000,
      "cogs": 41694000,
      "rd": null,
      "sga": 16889000,
      "fcf": 4389000,
      "ocf": 24037000,
      "capex": -19648000,
      "gross_margin": 0.4920507291400168,
      "op_margin": null,
      "fcf_margin": 0.05347026789956508,
      "fcf_margin_change": 0.025724004668045145
    },
    {
      "date": "2021-12-31T00:00:00",
      "quarter_label": "2021-12 (Q4)",
      "revenue": 98948000,
      "gross_profit": 60754000,
      "operating_income": null,
      "net_income": -4823000,
      "opex": 92071000,
      "cogs": 38194000,
      "rd": null,
      "sga": 25170000,
      "fcf": -541000,
      "ocf": 17522000,
      "capex": -18063000,
      "gross_margin": 0.6139992723450701,
      "op_margin": null,
      "fcf_margin": -0.005467518292436431,
      "rev_growth_yoy": -0.007004796981313851,
      "op_leverage_ratio": 1.5555837903994951,
      "fcf_margin_change": -0.05893778619200151
    },
    {
      "date": "2022-03-31T00:00:00",
      "quarter_label": "2022-03 (Q1)",
      "revenue": 85372000,
      "gross_profit": 50020000,
      "operating_income": null,
      "net_income": -298000,
      "opex": 79405000,
      "cogs": 35352000,
      "rd": null,
      "sga": 16224000,
      "fcf": 11799000,
      "ocf": 21092000,
      "capex": -9293000,
      "gross_margin": 0.5859063861687672,
      "op_margin": null,
      "fcf_margin": 0.13820690624560747,
      "rev_growth_yoy": -0.09456134396741897,
      "rev_growth_yoy_accel": -0.08755654698610511,
      "fcf_margin_change": 0.1436744245380439
    },
    {
      "date": "2022-06-30T00:00:00",
      "quarter_label": "2022-06 (Q2)",
      "revenue": 92367000,
      "gross_profit": 56412000,
      "operating_income": null,
      "net_income": -73780000,
      "opex": 80055000,
      "cogs": 35955000,
      "rd": null,
      "sga": 16582000,
      "fcf": 5992000,
      "ocf": 13112000,
      "capex": -7120000,
      "gross_margin": 0.6107376010912988,
      "op_margin": null,
      "fcf_margin": 0.0648716532960906,
      "rev_growth_yoy": 0.01740337272957582,
      "rev_growth_yoy_accel": 0.11196471669699479,
      "op_leverage_ratio": 10.009370303360138,
      "fcf_margin_change": -0.07333525294951687
    },
    {
      "date": "2022-09-30T00:00:00",
      "quarter_label": "2022-09 (Q3)",
      "revenue": 92034000,
      "gross_profit": 55872000,
      "operating_income": null,
      "net_income": 32005000,
      "opex": 79206000,
      "cogs": 36162000,
      "rd": null,
      "sga": 15469000,
      "fcf": 58526000,
      "ocf": 65550000,
      "capex": -7024000,
      "gross_margin": 0.6070799921768042,
      "op_margin": null,
      "fcf_margin": 0.6359171610491775,
      "rev_growth_yoy": 0.12123094916121487,
      "rev_growth_yoy_accel": 0.10382757643163905,
      "fcf_margin_change": 0.5710455077530869
    },
    {
      "date": "2022-12-31T00:00:00",
      "quarter_label": "2022-12 (Q4)",
      "revenue": 98458000,
      "gross_profit": 65663000,
      "operating_income": null,
      "net_income": 10055000,
      "opex": 93246000,
      "cogs": 32795000,
      "rd": null,
      "sga": 22333000,
      "fcf": 21762000,
      "ocf": 28071000,
      "capex": -6309000,
      "gross_margin": 0.6669138109650815,
      "op_margin": null,
      "fcf_margin": 0.22102825570293932,
      "rev_growth_yoy": -0.004952096050450742,
      "rev_growth_yoy_accel": -0.1261830452116656,
      "op_leverage_ratio": 0.39377506157609166,
      "fcf_margin_change": -0.4148889053462382
    },
    {
      "date": "2023-03-31T00:00:00",
      "quarter_label": "2023-03 (Q1)",
      "revenue": 90176000,
      "gross_profit": 57438000,
      "operating_income": null,
      "net_income": 64886000,
      "opex": 81127000,
      "cogs": 32738000,
      "rd": null,
      "sga": 17263000,
      "fcf": 13994000,
      "ocf": 19923000,
      "capex": -5929000,
      "gross_margin": 0.6369544002838893,
      "op_margin": null,
      "fcf_margin": 0.15518541518807666,
      "rev_growth_yoy": 0.056271377032282244,
      "rev_growth_yoy_accel": 0.06122347308273299,
      "fcf_margin_change": -0.06584284051486267
    },
    {
      "date": "2023-06-30T00:00:00",
      "quarter_label": "2023-06 (Q2)",
      "revenue": 93540000,
      "gross_profit": 58612000,
      "operating_income": null,
      "net_income": 1936000,
      "opex": 83503000,
      "cogs": 34928000,
      "rd": null,
      "sga": 19009000,
      "fcf": 6967000,
      "ocf": 11595000,
      "capex": -4628000,
      "gross_margin": 0.6265982467393628,
      "op_margin": null,
      "fcf_margin": 0.07448150523840068,
      "rev_growth_yoy": 0.0126993406736172,
      "rev_growth_yoy_accel": -0.043572036358665044,
      "op_leverage_ratio": 1.2737494227524833,
      "fcf_margin_change": -0.08070390994967598
    },
    {
      "date": "2023-09-30T00:00:00",
      "quarter_label": "2023-09 (Q3)",
      "revenue": 90937000,
      "gross_profit": 54148000,
      "operating_income": null,
      "net_income": -56514000,
      "opex": 70639000,
      "cogs": 36789000,
      "rd": null,
      "sga": 18315000,
      "fcf": 10805000,
      "ocf": 17158000,
      "capex": -6353000,
      "gross_margin": 0.5954451983241145,
      "op_margin": null,
      "fcf_margin": 0.11881852271352694,
      "rev_growth_yoy": -0.011919508007910121,
      "rev_growth_yoy_accel": -0.02461884868152732,
      "fcf_margin_change": 0.044337017475126264
    },
    {
      "date": "2023-12-31T00:00:00",
      "quarter_label": "2023-12 (Q4)",
      "revenue": 90665000,
      "gross_profit": 57134000,
      "operating_income": null,
      "net_income": 44640000,
      "opex": 86853000,
      "cogs": 33531000,
      "rd": null,
      "sga": 22415000,
      "fcf": 17831000,
      "ocf": 24326000,
      "capex": -6495000,
      "gross_margin": 0.6301659956984503,
      "op_margin": null,
      "fcf_margin": 0.19666905641647825,
      "rev_growth_yoy": -0.07915050072111966,
      "rev_growth_yoy_accel": -0.06723099271320954,
      "fcf_margin_change": 0.07785053370295131
    },
    {
      "date": "2024-03-31T00:00:00",
      "quarter_label": "2024-03 (Q1)",
      "revenue": 89451000,
      "gross_profit": 55030000,
      "operating_income": null,
      "net_income": 22579000,
      "opex": 83754000,
      "cogs": 34421000,
      "rd": null,
      "sga": 18275000,
      "fcf": 14529000,
      "ocf": 19125000,
      "capex": -4596000,
      "gross_margin": 0.6151971470413969,
      "op_margin": null,
      "fcf_margin": 0.1624241204681893,
      "rev_growth_yoy": -0.008039833215046132,
      "rev_growth_yoy_accel": 0.07111066750607353,
      "fcf_margin_change": -0.03424493594828895
    },
    {
      "date": "2024-06-30T00:00:00",
      "quarter_label": "2024-06 (Q2)",
      "revenue": 91141000,
      "gross_profit": 54255000,
      "operating_income": null,
      "net_income": -48190000,
      "opex": 71437000,
      "cogs": 36886000,
      "rd": null,
      "sga": 18653000,
      "fcf": -10048000,
      "ocf": 1785000,
      "capex": -11833000,
      "gross_margin": 0.5952864243315302,
      "op_margin": null,
      "fcf_margin": -0.11024676051392897,
      "rev_growth_yoy": -0.02564678212529399,
      "rev_growth_yoy_accel": -0.01760694891024786,
      "op_leverage_ratio": Infinity,
      "fcf_margin_change": -0.2726708809821183
    },
    {
      "date": "2024-09-30T00:00:00",
      "quarter_label": "2024-09 (Q3)",
      "revenue": 90407000,
      "gross_profit": 54195000,
      "operating_income": null,
      "net_income": 32125000,
      "opex": 87135000,
      "cogs": 36212000,
      "rd": null,
      "sga": 19510000,
      "fcf": 3687000,
      "ocf": 10755000,
      "capex": -7068000,
      "gross_margin": 0.5994557943522072,
      "op_margin": null,
      "fcf_margin": 0.04078224031325008,
      "rev_growth_yoy": -0.005828210739303034,
      "rev_growth_yoy_accel": 0.019818571385990955,
      "fcf_margin_change": 0.15102900082717904
    },
    {
      "date": "2024-12-31T00:00:00",
      "quarter_label": "2024-12 (Q4)",
      "revenue": 91115000,
      "gross_profit": 55185000,
      "operating_income": null,
      "net_income": -10273000,
      "opex": 87219000,
      "cogs": 35930000,
      "rd": null,
      "sga": 19233000,
      "fcf": 10898000,
      "ocf": 17995000,
      "capex": -7097000,
      "gross_margin": 0.6056631729133513,
      "op_margin": null,
      "fcf_margin": 0.119607089941283,
      "rev_growth_yoy": 0.004963326531737716,
      "rev_growth_yoy_accel": 0.01079153727104075,
      "fcf_margin_change": 0.0788248496280329
    },
    {
      "date": "2025-03-31T00:00:00",
      "quarter_label": "2025-03 (Q1)",
      "revenue": 95035000,
      "gross_profit": 57277000,
      "operating_income": null,
      "net_income": -33275000,
      "opex": 85041000,
      "cogs": 37758000,
      "rd": null,
      "sga": 21367000,
      "fcf": 8495000,
      "ocf": 15795000,
      "capex": -7300000,
      "gross_margin": 0.6026937444099543,
      "op_margin": null,
      "fcf_margin": 0.08938812016625454,
      "rev_growth_yoy": 0.06242523839867637,
      "rev_growth_yoy_accel": 0.05746191186693866,
      "op_leverage_ratio": Infinity,
      "fcf_margin_change": -0.030218969775028456
    },
    {
      "date": "2025-06-30T00:00:00",
      "quarter_label": "2025-06 (Q2)",
      "revenue": 100619000,
      "gross_profit": 60580000,
      "operating_income": null,
      "net_income": 50931000,
      "opex": 96946000,
      "cogs": 40039000,
      "rd": null,
      "sga": 22853000,
      "fcf": 39443000,
      "ocf": 42147000,
      "capex": -2704000,
      "gross_margin": 0.6020731670956777,
      "op_margin": null,
      "fcf_margin": 0.39200349834524295,
      "rev_growth_yoy": 0.10399271458509343,
      "rev_growth_yoy_accel": 0.04156747618641706,
      "op_leverage_ratio": 0.41972108730603835,
      "fcf_margin_change": 0.3026153781789884
    },
    {
      "date": "2025-09-30T00:00:00",
      "quarter_label": "2025-09 (Q3)",
      "revenue": 99738000,
      "gross_profit": 57900000,
      "operating_income": null,
      "net_income": -5291000,
      "opex": 92884000,
      "cogs": 41838000,
      "rd": null,
      "sga": 20423000,
      "fcf": 22300000,
      "ocf": 31246000,
      "capex": -8946000,
      "gross_margin": 0.5805209649281117,
      "op_margin": null,
      "fcf_margin": 0.2235857947823297,
      "rev_growth_yoy": 0.10321103454378533,
      "rev_growth_yoy_accel": -0.0007816800413081026,
      "fcf_margin_change": -0.16841770356291325
    }
  ],
  "signals": [
    {
      "quarter": "2025-06 (Q2)",
      "signal": "FCF MARGIN EXPANSION",
      "detail": "FCF margin: +8.9% -> +39.2% (+30.3%)",
      "severity": "MEDIUM"
    },
    {
      "quarter": "2025-03 (Q1)",
      "signal": "YoY REVENUE GROWTH ACCELERATION",
      "detail": "YoY growth: +6.2% vs prior quarter YoY: +0.5% (accel: +5.7%)",
      "severity": "MEDIUM"
    },
    {
      "quarter": "2024-12 (Q4)",
      "signal": "FCF MARGIN EXPANSION",
      "detail": "FCF margin: +4.1% -> +12.0% (+7.9%)",
      "severity": "MEDIUM"
    },
    {
      "quarter": "2024-09 (Q3)",
      "signal": "FCF TURNED POSITIVE",
      "detail": "FCF margin: -11.0% -> +4.1%",
      "severity": "HIGH"
    },
    {
      "quarter": "2024-03 (Q1)",
      "signal": "YoY REVENUE GROWTH ACCELERATION",
      "detail": "YoY growth: -0.8% vs prior quarter YoY: -7.9% (accel: +7.1%)",
      "severity": "MEDIUM"
    },
    {
      "quarter": "2023-12 (Q4)",
      "signal": "FCF MARGIN EXPANSION",
      "detail": "FCF margin: +11.9% -> +19.7% (+7.8%)",
      "severity": "MEDIUM"
    },
    {
      "quarter": "2023-12 (Q4)",
      "signal": "GROSS MARGIN INFLECTION",
      "detail": "GM: +62.7% -> +59.5% -> +63.0% (reversal +3.5%)",
      "severity": "MEDIUM"
    },
    {
      "quarter": "2023-12 (Q4)",
      "signal": "YoY REVENUE GROWTH DECELERATION",
      "detail": "YoY growth: -7.9% vs prior quarter YoY: -1.2% (decel: -6.7%)",
      "severity": "WARNING"
    },
    {
      "quarter": "2023-03 (Q1)",
      "signal": "YoY REVENUE GROWTH ACCELERATION",
      "detail": "YoY growth: +5.6% vs prior quarter YoY: -0.5% (accel: +6.1%)",
      "severity": "MEDIUM"
    },
    {
      "quarter": "2022-12 (Q4)",
      "signal": "GROSS MARGIN INFLECTION",
      "detail": "GM: +61.1% -> +60.7% -> +66.7% (reversal +6.0%)",
      "severity": "HIGH"
    },
    {
      "quarter": "2022-12 (Q4)",
      "signal": "YoY REVENUE GROWTH DECELERATION",
      "detail": "YoY growth: -0.5% vs prior quarter YoY: +12.1% (decel: -12.6%)",
      "severity": "WARNING"
    },
    {
      "quarter": "2022-09 (Q3)",
      "signal": "FCF MARGIN EXPANSION",
      "detail": "FCF margin: +6.5% -> +63.6% (+57.1%)",
      "severity": "MEDIUM"
    },
    {
      "quarter": "2022-09 (Q3)",
      "signal": "YoY REVENUE GROWTH ACCELERATION",
      "detail": "YoY growth: +12.1% vs prior quarter YoY: +1.7% (accel: +10.4%)",
      "severity": "MEDIUM"
    },
    {
      "quarter": "2022-06 (Q2)",
      "signal": "OPERATING LEVERAGE",
      "detail": "Rev growth +8.2% vs OpEx growth +0.8% (leverage: 10.0x)",
      "severity": "MEDIUM"
    },
    {
      "quarter": "2022-06 (Q2)",
      "signal": "GROSS MARGIN INFLECTION",
      "detail": "GM: +61.4% -> +58.6% -> +61.1% (reversal +2.5%)",
      "severity": "MEDIUM"
    },
    {
      "quarter": "2022-06 (Q2)",
      "signal": "YoY REVENUE GROWTH ACCELERATION",
      "detail": "YoY growth: +1.7% vs prior quarter YoY: -9.5% (accel: +11.2%)",
      "severity": "MEDIUM"
    },
    {
      "quarter": "2022-03 (Q1)",
      "signal": "FCF TURNED POSITIVE",
      "detail": "FCF margin: -0.5% -> +13.8%",
      "severity": "HIGH"
    },
    {
      "quarter": "2022-03 (Q1)",
      "signal": "YoY REVENUE GROWTH DECELERATION",
      "detail": "YoY growth: -9.5% vs prior quarter YoY: -0.7% (decel: -8.8%)",
      "severity": "WARNING"
    },
    {
      "quarter": "2021-12 (Q4)",
      "signal": "OPERATING LEVERAGE",
      "detail": "Rev growth +20.5% vs OpEx growth +13.2% (leverage: 1.6x)",
      "severity": "MEDIUM"
    },
    {
      "quarter": "2021-12 (Q4)",
      "signal": "GROSS MARGIN INFLECTION",
      "detail": "GM: +53.8% -> +49.2% -> +61.4% (reversal +12.2%)",
      "severity": "HIGH"
    },
    {
      "quarter": "2021-03 (Q1)",
      "signal": "FCF MARGIN EXPANSION",
      "detail": "FCF margin: +3.8% -> +167.4% (+163.6%)",
      "severity": "MEDIUM"
    }
  ],
  "data_quality": {
    "n_quarters": 20,
    "coverage": {
      "revenue": [
        20,
        20
      ],
      "gross_profit": [
        20,
        20
      ],
      "op_income": [
        0,
        20
      ],
      "fcf": [
        20,
        20
      ]
    },
    "gaps": [],
    "warnings": [
      "op_income: no data"
    ]
  },
  "market_cap": null,
  "source": "SEC EDGAR",
  "last_updated": "2026-02-02T21:54:28.762391"
}