{
  "ticker": "BHB",
  "name": "BAR HARBOR BANKSHARES",
  "quarters": [
    {
      "date": "2018-03-31T00:00:00",
      "quarter_label": "2018-03 (Q1)",
      "revenue": 5186000,
      "gross_profit": null,
      "operating_income": null,
      "net_income": null,
      "opex": null,
      "cogs": null,
      "rd": null,
      "sga": null,
      "fcf": null,
      "ocf": null,
      "capex": null,
      "gross_margin": null,
      "op_margin": null,
      "fcf_margin": null
    },
    {
      "date": "2018-06-30T00:00:00",
      "quarter_label": "2018-06 (Q2)",
      "revenue": 5469000,
      "gross_profit": null,
      "operating_income": null,
      "net_income": null,
      "opex": null,
      "cogs": null,
      "rd": null,
      "sga": null,
      "fcf": null,
      "ocf": null,
      "capex": null,
      "gross_margin": null,
      "op_margin": null,
      "fcf_margin": null
    },
    {
      "date": "2018-09-30T00:00:00",
      "quarter_label": "2018-09 (Q3)",
      "revenue": 5442000,
      "gross_profit": null,
      "operating_income": null,
      "net_income": null,
      "opex": null,
      "cogs": null,
      "rd": null,
      "sga": null,
      "fcf": null,
      "ocf": null,
      "capex": null,
      "gross_margin": null,
      "op_margin": null,
      "fcf_margin": null
    },
    {
      "date": "2018-12-31T00:00:00",
      "quarter_label": "2018-12 (Q4)",
      "revenue": 5426000,
      "gross_profit": null,
      "operating_income": null,
      "net_income": null,
      "opex": null,
      "cogs": null,
      "rd": null,
      "sga": null,
      "fcf": null,
      "ocf": null,
      "capex": null,
      "gross_margin": null,
      "op_margin": null,
      "fcf_margin": null
    },
    {
      "date": "2019-03-31T00:00:00",
      "quarter_label": "2019-03 (Q1)",
      "revenue": 4922000,
      "gross_profit": null,
      "operating_income": null,
      "net_income": null,
      "opex": null,
      "cogs": null,
      "rd": null,
      "sga": null,
      "fcf": null,
      "ocf": null,
      "capex": null,
      "gross_margin": null,
      "op_margin": null,
      "fcf_margin": null,
      "rev_growth_yoy": -0.05090628615503278
    },
    {
      "date": "2019-06-30T00:00:00",
      "quarter_label": "2019-06 (Q2)",
      "revenue": 5684000,
      "gross_profit": null,
      "operating_income": null,
      "net_income": null,
      "opex": null,
      "cogs": null,
      "rd": null,
      "sga": null,
      "fcf": null,
      "ocf": null,
      "capex": null,
      "gross_margin": null,
      "op_margin": null,
      "fcf_margin": null,
      "rev_growth_yoy": 0.03931248857195099,
      "rev_growth_yoy_accel": 0.09021877472698378
    },
    {
      "date": "2019-09-30T00:00:00",
      "quarter_label": "2019-09 (Q3)",
      "revenue": 5566000,
      "gross_profit": null,
      "operating_income": null,
      "net_income": null,
      "opex": null,
      "cogs": null,
      "rd": null,
      "sga": null,
      "fcf": null,
      "ocf": null,
      "capex": null,
      "gross_margin": null,
      "op_margin": null,
      "fcf_margin": null,
      "rev_growth_yoy": 0.02278574053656744,
      "rev_growth_yoy_accel": -0.016526748035383555
    },
    {
      "date": "2019-12-31T00:00:00",
      "quarter_label": "2019-12 (Q4)",
      "revenue": 6018000,
      "gross_profit": null,
      "operating_income": null,
      "net_income": null,
      "opex": null,
      "cogs": null,
      "rd": null,
      "sga": null,
      "fcf": null,
      "ocf": null,
      "capex": null,
      "gross_margin": null,
      "op_margin": null,
      "fcf_margin": null,
      "rev_growth_yoy": 0.10910431256911168,
      "rev_growth_yoy_accel": 0.08631857203254424
    },
    {
      "date": "2020-03-31T00:00:00",
      "quarter_label": "2020-03 (Q1)",
      "revenue": 6481000,
      "gross_profit": null,
      "operating_income": null,
      "net_income": null,
      "opex": null,
      "cogs": null,
      "rd": null,
      "sga": null,
      "fcf": null,
      "ocf": null,
      "capex": null,
      "gross_margin": null,
      "op_margin": null,
      "fcf_margin": null,
      "rev_growth_yoy": 0.31674116212921577,
      "rev_growth_yoy_accel": 0.2076368495601041
    },
    {
      "date": "2020-06-30T00:00:00",
      "quarter_label": "2020-06 (Q2)",
      "revenue": 5598000,
      "gross_profit": null,
      "operating_income": null,
      "net_income": null,
      "opex": null,
      "cogs": null,
      "rd": null,
      "sga": null,
      "fcf": null,
      "ocf": null,
      "capex": null,
      "gross_margin": null,
      "op_margin": null,
      "fcf_margin": null,
      "rev_growth_yoy": -0.015130190007037298,
      "rev_growth_yoy_accel": -0.3318713521362531
    },
    {
      "date": "2020-09-30T00:00:00",
      "quarter_label": "2020-09 (Q3)",
      "revenue": 6418000,
      "gross_profit": null,
      "operating_income": null,
      "net_income": null,
      "opex": null,
      "cogs": null,
      "rd": null,
      "sga": null,
      "fcf": null,
      "ocf": null,
      "capex": null,
      "gross_margin": null,
      "op_margin": null,
      "fcf_margin": null,
      "rev_growth_yoy": 0.15307222421846928,
      "rev_growth_yoy_accel": 0.16820241422550658
    },
    {
      "date": "2020-12-31T00:00:00",
      "quarter_label": "2020-12 (Q4)",
      "revenue": 6208000,
      "gross_profit": null,
      "operating_income": null,
      "net_income": 8640000,
      "opex": null,
      "cogs": null,
      "rd": null,
      "sga": null,
      "fcf": -13630000,
      "ocf": -11303000,
      "capex": -2327000,
      "gross_margin": null,
      "op_margin": null,
      "fcf_margin": -2.1955541237113403,
      "rev_growth_yoy": 0.031571950814223995,
      "rev_growth_yoy_accel": -0.12150027340424528
    },
    {
      "date": "2021-03-31T00:00:00",
      "quarter_label": "2021-03 (Q1)",
      "revenue": 6636000,
      "gross_profit": null,
      "operating_income": null,
      "net_income": 9480000,
      "opex": null,
      "cogs": null,
      "rd": null,
      "sga": null,
      "fcf": 13728000,
      "ocf": 14710000,
      "capex": -982000,
      "gross_margin": null,
      "op_margin": null,
      "fcf_margin": 2.0687160940325495,
      "rev_growth_yoy": 0.02391606233605925,
      "rev_growth_yoy_accel": -0.0076558884781647435,
      "fcf_margin_change": 4.26427021774389
    },
    {
      "date": "2021-06-30T00:00:00",
      "quarter_label": "2021-06 (Q2)",
      "revenue": 7058000,
      "gross_profit": null,
      "operating_income": null,
      "net_income": 9025000,
      "opex": null,
      "cogs": null,
      "rd": null,
      "sga": null,
      "fcf": -1814000,
      "ocf": -1788000,
      "capex": -26000,
      "gross_margin": null,
      "op_margin": null,
      "fcf_margin": -0.25701331822045903,
      "rev_growth_yoy": 0.26080743122543765,
      "rev_growth_yoy_accel": 0.2368913688893784,
      "fcf_margin_change": -2.3257294122530086
    },
    {
      "date": "2021-09-30T00:00:00",
      "quarter_label": "2021-09 (Q3)",
      "revenue": 7383000,
      "gross_profit": null,
      "operating_income": null,
      "net_income": 11028000,
      "opex": null,
      "cogs": null,
      "rd": null,
      "sga": null,
      "fcf": 17633000,
      "ocf": 17841000,
      "capex": -208000,
      "gross_margin": null,
      "op_margin": null,
      "fcf_margin": 2.388324529324123,
      "rev_growth_yoy": 0.1503583670925522,
      "rev_growth_yoy_accel": -0.11044906413288544,
      "fcf_margin_change": 2.645337847544582
    },
    {
      "date": "2021-12-31T00:00:00",
      "quarter_label": "2021-12 (Q4)",
      "revenue": 7314000,
      "gross_profit": null,
      "operating_income": null,
      "net_income": 9766000,
      "opex": null,
      "cogs": null,
      "rd": null,
      "sga": null,
      "fcf": 27905000,
      "ocf": 28405000,
      "capex": -500000,
      "gross_margin": null,
      "op_margin": null,
      "fcf_margin": 3.81528575334974,
      "rev_growth_yoy": 0.17815721649484537,
      "rev_growth_yoy_accel": 0.027798849402293158,
      "fcf_margin_change": 1.426961224025617
    },
    {
      "date": "2022-03-31T00:00:00",
      "quarter_label": "2022-03 (Q1)",
      "revenue": 7370000,
      "gross_profit": null,
      "operating_income": null,
      "net_income": 9112000,
      "opex": null,
      "cogs": null,
      "rd": null,
      "sga": null,
      "fcf": 17476000,
      "ocf": 18614000,
      "capex": -1138000,
      "gross_margin": null,
      "op_margin": null,
      "fcf_margin": 2.37123473541384,
      "rev_growth_yoy": 0.1106088004822182,
      "rev_growth_yoy_accel": -0.06754841601262716,
      "fcf_margin_change": -1.4440510179359003
    },
    {
      "date": "2022-06-30T00:00:00",
      "quarter_label": "2022-06 (Q2)",
      "revenue": 7485000,
      "gross_profit": null,
      "operating_income": null,
      "net_income": 10503000,
      "opex": null,
      "cogs": null,
      "rd": null,
      "sga": null,
      "fcf": 932000,
      "ocf": 932000,
      "capex": null,
      "gross_margin": null,
      "op_margin": null,
      "fcf_margin": 0.12451569806279225,
      "rev_growth_yoy": 0.060498724851232644,
      "rev_growth_yoy_accel": -0.05011007563098556,
      "fcf_margin_change": -2.2467190373510477
    },
    {
      "date": "2022-09-30T00:00:00",
      "quarter_label": "2022-09 (Q3)",
      "revenue": 7384000,
      "gross_profit": null,
      "operating_income": null,
      "net_income": 11430000,
      "opex": null,
      "cogs": null,
      "rd": null,
      "sga": null,
      "fcf": 18838000,
      "ocf": 19542000,
      "capex": -704000,
      "gross_margin": null,
      "op_margin": null,
      "fcf_margin": 2.5511917659804983,
      "rev_growth_yoy": 0.00013544629554381688,
      "rev_growth_yoy_accel": -0.06036327855568883,
      "fcf_margin_change": 2.426676067917706
    },
    {
      "date": "2022-12-31T00:00:00",
      "quarter_label": "2022-12 (Q4)",
      "revenue": 7125000,
      "gross_profit": null,
      "operating_income": null,
      "net_income": 12512000,
      "opex": null,
      "cogs": null,
      "rd": null,
      "sga": null,
      "fcf": 16145000,
      "ocf": 16821000,
      "capex": -676000,
      "gross_margin": null,
      "op_margin": null,
      "fcf_margin": 2.265964912280702,
      "rev_growth_yoy": -0.025840853158326498,
      "rev_growth_yoy_accel": -0.025976299453870314,
      "fcf_margin_change": -0.2852268536997964
    }
  ],
  "signals": [
    {
      "quarter": "2022-09 (Q3)",
      "signal": "FCF MARGIN EXPANSION",
      "detail": "FCF margin: +12.5% -> +255.1% (+242.7%)",
      "severity": "MEDIUM"
    },
    {
      "quarter": "2022-09 (Q3)",
      "signal": "YoY REVENUE GROWTH DECELERATION",
      "detail": "YoY growth: +0.0% vs prior quarter YoY: +6.0% (decel: -6.0%)",
      "severity": "WARNING"
    },
    {
      "quarter": "2022-06 (Q2)",
      "signal": "YoY REVENUE GROWTH DECELERATION",
      "detail": "YoY growth: +6.0% vs prior quarter YoY: +11.1% (decel: -5.0%)",
      "severity": "WARNING"
    },
    {
      "quarter": "2022-03 (Q1)",
      "signal": "YoY REVENUE GROWTH DECELERATION",
      "detail": "YoY growth: +11.1% vs prior quarter YoY: +17.8% (decel: -6.8%)",
      "severity": "WARNING"
    },
    {
      "quarter": "2021-12 (Q4)",
      "signal": "FCF MARGIN EXPANSION",
      "detail": "FCF margin: +238.8% -> +381.5% (+142.7%)",
      "severity": "MEDIUM"
    },
    {
      "quarter": "2021-09 (Q3)",
      "signal": "FCF TURNED POSITIVE",
      "detail": "FCF margin: -25.7% -> +238.8%",
      "severity": "HIGH"
    },
    {
      "quarter": "2021-09 (Q3)",
      "signal": "YoY REVENUE GROWTH DECELERATION",
      "detail": "YoY growth: +15.0% vs prior quarter YoY: +26.1% (decel: -11.0%)",
      "severity": "WARNING"
    },
    {
      "quarter": "2021-06 (Q2)",
      "signal": "YoY REVENUE GROWTH ACCELERATION",
      "detail": "YoY growth: +26.1% vs prior quarter YoY: +2.4% (accel: +23.7%)",
      "severity": "HIGH"
    },
    {
      "quarter": "2021-03 (Q1)",
      "signal": "FCF TURNED POSITIVE",
      "detail": "FCF margin: -219.6% -> +206.9%",
      "severity": "HIGH"
    },
    {
      "quarter": "2020-12 (Q4)",
      "signal": "YoY REVENUE GROWTH DECELERATION",
      "detail": "YoY growth: +3.2% vs prior quarter YoY: +15.3% (decel: -12.2%)",
      "severity": "WARNING"
    },
    {
      "quarter": "2020-09 (Q3)",
      "signal": "YoY REVENUE GROWTH ACCELERATION",
      "detail": "YoY growth: +15.3% vs prior quarter YoY: -1.5% (accel: +16.8%)",
      "severity": "HIGH"
    },
    {
      "quarter": "2020-06 (Q2)",
      "signal": "YoY REVENUE GROWTH DECELERATION",
      "detail": "YoY growth: -1.5% vs prior quarter YoY: +31.7% (decel: -33.2%)",
      "severity": "WARNING"
    },
    {
      "quarter": "2020-03 (Q1)",
      "signal": "YoY REVENUE GROWTH ACCELERATION",
      "detail": "YoY growth: +31.7% vs prior quarter YoY: +10.9% (accel: +20.8%)",
      "severity": "HIGH"
    },
    {
      "quarter": "2019-12 (Q4)",
      "signal": "YoY REVENUE GROWTH ACCELERATION",
      "detail": "YoY growth: +10.9% vs prior quarter YoY: +2.3% (accel: +8.6%)",
      "severity": "MEDIUM"
    },
    {
      "quarter": "2019-06 (Q2)",
      "signal": "YoY REVENUE GROWTH ACCELERATION",
      "detail": "YoY growth: +3.9% vs prior quarter YoY: -5.1% (accel: +9.0%)",
      "severity": "MEDIUM"
    }
  ],
  "data_quality": {
    "n_quarters": 20,
    "coverage": {
      "revenue": [
        20,
        20
      ],
      "gross_profit": [
        0,
        20
      ],
      "op_income": [
        0,
        20
      ],
      "fcf": [
        9,
        20
      ]
    },
    "gaps": [],
    "warnings": [
      "gross_profit: no data",
      "op_income: no data",
      "fcf: 9/20Q"
    ]
  },
  "market_cap": null,
  "source": "SEC EDGAR",
  "last_updated": "2026-02-02T22:21:14.254706"
}