{
  "ticker": "BHC",
  "name": "Bausch Health Companies Inc.",
  "quarters": [
    {
      "date": "2020-12-31T00:00:00",
      "quarter_label": "2020-12 (Q4)",
      "revenue": 2213000000,
      "gross_profit": null,
      "operating_income": -5000000,
      "net_income": -153000000,
      "opex": 2218000000,
      "cogs": null,
      "rd": null,
      "sga": 636000000,
      "fcf": 314000000,
      "ocf": 394000000,
      "capex": -80000000,
      "gross_margin": null,
      "op_margin": -0.0022593764121102574,
      "fcf_margin": 0.14188883868052418
    },
    {
      "date": "2021-03-31T00:00:00",
      "quarter_label": "2021-03 (Q1)",
      "revenue": 2027000000,
      "gross_profit": null,
      "operating_income": -221000000,
      "net_income": -610000000,
      "opex": 2248000000,
      "cogs": null,
      "rd": null,
      "sga": 606000000,
      "fcf": 377000000,
      "ocf": 443000000,
      "capex": -66000000,
      "gross_margin": null,
      "op_margin": -0.10902812037493834,
      "fcf_margin": 0.1859891465219536,
      "fcf_margin_change": 0.04410030784142943
    },
    {
      "date": "2021-06-30T00:00:00",
      "quarter_label": "2021-06 (Q2)",
      "revenue": 2100000000,
      "gross_profit": null,
      "operating_income": -270000000,
      "net_income": -595000000,
      "opex": 2370000000,
      "cogs": null,
      "rd": null,
      "sga": 685000000,
      "fcf": 333000000,
      "ocf": 395000000,
      "capex": -62000000,
      "gross_margin": null,
      "op_margin": -0.12857142857142856,
      "fcf_margin": 0.15857142857142856,
      "op_leverage_ratio": 0.6635987933391024,
      "fcf_margin_change": -0.027417717950525056
    },
    {
      "date": "2021-09-30T00:00:00",
      "quarter_label": "2021-09 (Q3)",
      "revenue": 2111000000,
      "gross_profit": null,
      "operating_income": 574000000,
      "net_income": 188000000,
      "opex": 1537000000,
      "cogs": null,
      "rd": null,
      "sga": 653000000,
      "fcf": 501000000,
      "ocf": 564000000,
      "capex": -63000000,
      "gross_margin": null,
      "op_margin": 0.2719090478446234,
      "fcf_margin": 0.23732828043581242,
      "fcf_margin_change": 0.07875685186438386
    },
    {
      "date": "2021-12-31T00:00:00",
      "quarter_label": "2021-12 (Q4)",
      "revenue": 2196000000,
      "gross_profit": null,
      "operating_income": 367000000,
      "net_income": 69000000,
      "opex": 1829000000,
      "cogs": null,
      "rd": null,
      "sga": 680000000,
      "fcf": -54000000,
      "ocf": 24000000,
      "capex": -78000000,
      "gross_margin": null,
      "op_margin": 0.16712204007285975,
      "fcf_margin": -0.02459016393442623,
      "incr_op_margin_yoy": -21.88235294117647,
      "rev_growth_yoy": -0.0076818798011748755,
      "op_leverage_ratio": 0.21194428401783222,
      "fcf_margin_change": -0.26191844437023865
    },
    {
      "date": "2022-03-31T00:00:00",
      "quarter_label": "2022-03 (Q1)",
      "revenue": 1918000000,
      "gross_profit": null,
      "operating_income": 285000000,
      "net_income": -69000000,
      "opex": 1633000000,
      "cogs": null,
      "rd": null,
      "sga": 622000000,
      "fcf": -109000000,
      "ocf": -63000000,
      "capex": -46000000,
      "gross_margin": null,
      "op_margin": 0.14859228362878,
      "fcf_margin": -0.05683003128258603,
      "incr_op_margin_yoy": -4.6422018348623855,
      "rev_growth_yoy": -0.053774050320670945,
      "rev_growth_yoy_accel": -0.04609217051949607,
      "fcf_margin_change": -0.0322398673481598
    },
    {
      "date": "2022-06-30T00:00:00",
      "quarter_label": "2022-06 (Q2)",
      "revenue": 1967000000,
      "gross_profit": null,
      "operating_income": 161000000,
      "net_income": -145000000,
      "opex": 1806000000,
      "cogs": null,
      "rd": null,
      "sga": 676000000,
      "fcf": 71000000,
      "ocf": 123000000,
      "capex": -52000000,
      "gross_margin": null,
      "op_margin": 0.08185053380782918,
      "fcf_margin": 0.03609557702084393,
      "incr_op_margin_yoy": -3.2406015037593985,
      "rev_growth_yoy": -0.06333333333333334,
      "rev_growth_yoy_accel": -0.009559283012662394,
      "op_leverage_ratio": 0.24115016244040335,
      "fcf_margin_change": 0.09292560830342995
    },
    {
      "date": "2022-09-30T00:00:00",
      "quarter_label": "2022-09 (Q3)",
      "revenue": 2046000000,
      "gross_profit": null,
      "operating_income": 244000000,
      "net_income": 399000000,
      "opex": 1802000000,
      "cogs": null,
      "rd": null,
      "sga": 661000000,
      "fcf": -1317000000,
      "ocf": -1263000000,
      "capex": -54000000,
      "gross_margin": null,
      "op_margin": 0.11925708699902249,
      "fcf_margin": -0.6436950146627566,
      "incr_op_margin_yoy": 5.076923076923077,
      "rev_growth_yoy": -0.030791094268119375,
      "rev_growth_yoy_accel": 0.03254223906521396,
      "op_leverage_ratio": Infinity,
      "fcf_margin_change": -0.6797905916836005
    },
    {
      "date": "2022-12-31T00:00:00",
      "quarter_label": "2022-12 (Q4)",
      "revenue": 2193000000,
      "gross_profit": null,
      "operating_income": -236000000,
      "net_income": -410000000,
      "opex": 2429000000,
      "cogs": null,
      "rd": null,
      "sga": 666000000,
      "fcf": 409000000,
      "ocf": 475000000,
      "capex": -66000000,
      "gross_margin": null,
      "op_margin": -0.10761513907888737,
      "fcf_margin": 0.18650250797993617,
      "incr_op_margin_yoy": 201.0,
      "rev_growth_yoy": -0.001366120218579235,
      "rev_growth_yoy_accel": 0.02942497404954014,
      "op_leverage_ratio": 0.20648996524903301,
      "fcf_margin_change": 0.8301975226426928
    },
    {
      "date": "2023-03-31T00:00:00",
      "quarter_label": "2023-03 (Q1)",
      "revenue": 1944000000,
      "gross_profit": null,
      "operating_income": 175000000,
      "net_income": -201000000,
      "opex": 1769000000,
      "cogs": null,
      "rd": null,
      "sga": 725000000,
      "fcf": 107000000,
      "ocf": 154000000,
      "capex": -47000000,
      "gross_margin": null,
      "op_margin": 0.09002057613168725,
      "fcf_margin": 0.055041152263374485,
      "incr_op_margin_yoy": -4.230769230769231,
      "rev_growth_yoy": 0.013555787278415016,
      "rev_growth_yoy_accel": 0.014921907496994251,
      "fcf_margin_change": -0.1314613557165617
    },
    {
      "date": "2023-06-30T00:00:00",
      "quarter_label": "2023-06 (Q2)",
      "revenue": 2167000000,
      "gross_profit": null,
      "operating_income": 412000000,
      "net_income": 26000000,
      "opex": 1755000000,
      "cogs": null,
      "rd": null,
      "sga": 711000000,
      "fcf": 178000000,
      "ocf": 206000000,
      "capex": -28000000,
      "gross_margin": null,
      "op_margin": 0.19012459621596678,
      "fcf_margin": 0.08214120904476234,
      "incr_op_margin_yoy": 1.255,
      "rev_growth_yoy": 0.10167768174885612,
      "rev_growth_yoy_accel": 0.08812189447044111,
      "op_leverage_ratio": Infinity,
      "fcf_margin_change": 0.027100056781387855
    },
    {
      "date": "2023-09-30T00:00:00",
      "quarter_label": "2023-09 (Q3)",
      "revenue": 2238000000,
      "gross_profit": null,
      "operating_income": 14000000,
      "net_income": -378000000,
      "opex": 2224000000,
      "cogs": null,
      "rd": null,
      "sga": 715000000,
      "fcf": 240000000,
      "ocf": 282000000,
      "capex": -42000000,
      "gross_margin": null,
      "op_margin": 0.006255585344057194,
      "fcf_margin": 0.10723860589812333,
      "incr_op_margin_yoy": -1.1979166666666667,
      "rev_growth_yoy": 0.093841642228739,
      "rev_growth_yoy_accel": -0.007836039520117119,
      "op_leverage_ratio": 0.12260373916559991,
      "fcf_margin_change": 0.025097396853360987
    },
    {
      "date": "2023-12-31T00:00:00",
      "quarter_label": "2023-12 (Q4)",
      "revenue": 2408000000,
      "gross_profit": null,
      "operating_income": 362000000,
      "net_income": -39000000,
      "opex": 2046000000,
      "cogs": null,
      "rd": null,
      "sga": 766000000,
      "fcf": 292000000,
      "ocf": 390000000,
      "capex": -98000000,
      "gross_margin": null,
      "op_margin": 0.15033222591362128,
      "fcf_margin": 0.1212624584717608,
      "incr_op_margin_yoy": 2.781395348837209,
      "rev_growth_yoy": 0.09803921568627451,
      "rev_growth_yoy_accel": 0.004197573457535506,
      "op_leverage_ratio": Infinity,
      "fcf_margin_change": 0.014023852573637474
    },
    {
      "date": "2024-03-31T00:00:00",
      "quarter_label": "2024-03 (Q1)",
      "revenue": 2153000000,
      "gross_profit": null,
      "operating_income": 281000000,
      "net_income": -64000000,
      "opex": 1872000000,
      "cogs": null,
      "rd": null,
      "sga": 794000000,
      "fcf": 129000000,
      "ocf": 211000000,
      "capex": -82000000,
      "gross_margin": null,
      "op_margin": 0.13051555968416165,
      "fcf_margin": 0.05991639572689271,
      "incr_op_margin_yoy": 0.507177033492823,
      "rev_growth_yoy": 0.10751028806584362,
      "rev_growth_yoy_accel": 0.00947107237956911,
      "fcf_margin_change": -0.06134606274486809
    },
    {
      "date": "2024-06-30T00:00:00",
      "quarter_label": "2024-06 (Q2)",
      "revenue": 2403000000,
      "gross_profit": null,
      "operating_income": 389000000,
      "net_income": 10000000,
      "opex": 2014000000,
      "cogs": null,
      "rd": null,
      "sga": 832000000,
      "fcf": 302000000,
      "ocf": 380000000,
      "capex": -78000000,
      "gross_margin": null,
      "op_margin": 0.1618809821057012,
      "fcf_margin": 0.1256762380357886,
      "incr_op_margin_yoy": -0.09745762711864407,
      "rev_growth_yoy": 0.10890632210429164,
      "rev_growth_yoy_accel": 0.0013960340384480269,
      "op_leverage_ratio": 1.530782465344786,
      "fcf_margin_change": 0.06575984230889588
    },
    {
      "date": "2024-09-30T00:00:00",
      "quarter_label": "2024-09 (Q3)",
      "revenue": 2510000000,
      "gross_profit": null,
      "operating_income": 318000000,
      "net_income": -85000000,
      "opex": 2192000000,
      "cogs": null,
      "rd": null,
      "sga": 850000000,
      "fcf": 334000000,
      "ocf": 405000000,
      "capex": -71000000,
      "gross_margin": null,
      "op_margin": 0.12669322709163347,
      "fcf_margin": 0.13306772908366535,
      "incr_op_margin_yoy": 1.1176470588235294,
      "rev_growth_yoy": 0.12153708668453976,
      "rev_growth_yoy_accel": 0.012630764580248116,
      "op_leverage_ratio": 0.5038131174982583,
      "fcf_margin_change": 0.007391491047876758
    },
    {
      "date": "2024-12-31T00:00:00",
      "quarter_label": "2024-12 (Q4)",
      "revenue": 2559000000,
      "gross_profit": null,
      "operating_income": 558000000,
      "net_income": 93000000,
      "opex": 2001000000,
      "cogs": null,
      "rd": null,
      "sga": 820000000,
      "fcf": 495000000,
      "ocf": 601000000,
      "capex": -106000000,
      "gross_margin": null,
      "op_margin": 0.21805392731535755,
      "fcf_margin": 0.19343493552168817,
      "incr_op_margin_yoy": 1.2980132450331126,
      "rev_growth_yoy": 0.06270764119601328,
      "rev_growth_yoy_accel": -0.05882944548852648,
      "op_leverage_ratio": Infinity,
      "fcf_margin_change": 0.06036720643802282
    },
    {
      "date": "2025-03-31T00:00:00",
      "quarter_label": "2025-03 (Q1)",
      "revenue": 2259000000,
      "gross_profit": null,
      "operating_income": 276000000,
      "net_income": -58000000,
      "opex": 1983000000,
      "cogs": null,
      "rd": null,
      "sga": 867000000,
      "fcf": 96000000,
      "ocf": 211000000,
      "capex": -115000000,
      "gross_margin": null,
      "op_margin": 0.12217795484727756,
      "fcf_margin": 0.04249667994687915,
      "incr_op_margin_yoy": -0.04716981132075472,
      "rev_growth_yoy": 0.04923362749651649,
      "rev_growth_yoy_accel": -0.013474013699496794,
      "fcf_margin_change": -0.15093825557480903
    },
    {
      "date": "2025-06-30T00:00:00",
      "quarter_label": "2025-06 (Q2)",
      "revenue": 2530000000,
      "gross_profit": null,
      "operating_income": 444000000,
      "net_income": 148000000,
      "opex": 2086000000,
      "cogs": null,
      "rd": null,
      "sga": 894000000,
      "fcf": 190000000,
      "ocf": 289000000,
      "capex": -99000000,
      "gross_margin": null,
      "op_margin": 0.17549407114624507,
      "fcf_margin": 0.07509881422924901,
      "incr_op_margin_yoy": 0.4330708661417323,
      "rev_growth_yoy": 0.052850603412401165,
      "rev_growth_yoy_accel": 0.003616975915884675,
      "op_leverage_ratio": 2.3096094586057063,
      "fcf_margin_change": 0.03260213428236986
    },
    {
      "date": "2025-09-30T00:00:00",
      "quarter_label": "2025-09 (Q3)",
      "revenue": 2681000000,
      "gross_profit": null,
      "operating_income": 619000000,
      "net_income": 179000000,
      "opex": 2062000000,
      "cogs": null,
      "rd": null,
      "sga": 795000000,
      "fcf": 314000000,
      "ocf": 405000000,
      "capex": -91000000,
      "gross_margin": null,
      "op_margin": 0.23088399850801938,
      "fcf_margin": 0.11712047743379336,
      "incr_op_margin_yoy": 1.760233918128655,
      "rev_growth_yoy": 0.06812749003984064,
      "rev_growth_yoy_accel": 0.015276886627439479,
      "op_leverage_ratio": Infinity,
      "fcf_margin_change": 0.042021663204544354
    }
  ],
  "signals": [
    {
      "quarter": "2025-09 (Q3)",
      "signal": "INCREMENTAL MARGIN (YoY)",
      "detail": "YoY Incr OPM: +176.0% vs year-ago OPM: +12.7%",
      "severity": "HIGH"
    },
    {
      "quarter": "2025-06 (Q2)",
      "signal": "OPERATING LEVERAGE",
      "detail": "Rev growth +12.0% vs OpEx growth +5.2% (leverage: 2.3x)",
      "severity": "MEDIUM"
    },
    {
      "quarter": "2025-06 (Q2)",
      "signal": "INCREMENTAL MARGIN (YoY)",
      "detail": "YoY Incr OPM: +43.3% vs year-ago OPM: +16.2%",
      "severity": "HIGH"
    },
    {
      "quarter": "2024-12 (Q4)",
      "signal": "FCF MARGIN EXPANSION",
      "detail": "FCF margin: +13.3% -> +19.3% (+6.0%)",
      "severity": "MEDIUM"
    },
    {
      "quarter": "2024-12 (Q4)",
      "signal": "YoY REVENUE GROWTH DECELERATION",
      "detail": "YoY growth: +6.3% vs prior quarter YoY: +12.2% (decel: -5.9%)",
      "severity": "WARNING"
    },
    {
      "quarter": "2024-12 (Q4)",
      "signal": "INCREMENTAL MARGIN (YoY)",
      "detail": "YoY Incr OPM: +129.8% vs year-ago OPM: +15.0%",
      "severity": "HIGH"
    },
    {
      "quarter": "2024-09 (Q3)",
      "signal": "INCREMENTAL MARGIN (YoY)",
      "detail": "YoY Incr OPM: +111.8% vs year-ago OPM: +0.6%",
      "severity": "HIGH"
    },
    {
      "quarter": "2024-06 (Q2)",
      "signal": "FCF MARGIN EXPANSION",
      "detail": "FCF margin: +6.0% -> +12.6% (+6.6%)",
      "severity": "MEDIUM"
    },
    {
      "quarter": "2024-06 (Q2)",
      "signal": "OPERATING LEVERAGE",
      "detail": "Rev growth +11.6% vs OpEx growth +7.6% (leverage: 1.5x)",
      "severity": "MEDIUM"
    },
    {
      "quarter": "2024-03 (Q1)",
      "signal": "INCREMENTAL MARGIN (YoY)",
      "detail": "YoY Incr OPM: +50.7% vs year-ago OPM: +9.0%",
      "severity": "HIGH"
    },
    {
      "quarter": "2023-12 (Q4)",
      "signal": "OP MARGIN TURNED POSITIVE (YoY)",
      "detail": "Op margin: -10.8% (year-ago) -> +15.0%",
      "severity": "HIGH"
    },
    {
      "quarter": "2023-06 (Q2)",
      "signal": "YoY REVENUE GROWTH ACCELERATION",
      "detail": "YoY growth: +10.2% vs prior quarter YoY: +1.4% (accel: +8.8%)",
      "severity": "MEDIUM"
    },
    {
      "quarter": "2023-06 (Q2)",
      "signal": "INCREMENTAL MARGIN (YoY)",
      "detail": "YoY Incr OPM: +125.5% vs year-ago OPM: +8.2%",
      "severity": "HIGH"
    },
    {
      "quarter": "2023-03 (Q1)",
      "signal": "OP MARGIN TURNED POSITIVE (QoQ)",
      "detail": "Op margin: -10.8% -> +9.0%",
      "severity": "HIGH"
    },
    {
      "quarter": "2022-12 (Q4)",
      "signal": "FCF TURNED POSITIVE",
      "detail": "FCF margin: -64.4% -> +18.7%",
      "severity": "HIGH"
    },
    {
      "quarter": "2022-09 (Q3)",
      "signal": "INCREMENTAL MARGIN (YoY)",
      "detail": "YoY Incr OPM: +507.7% vs year-ago OPM: +27.2%",
      "severity": "HIGH"
    },
    {
      "quarter": "2022-06 (Q2)",
      "signal": "FCF TURNED POSITIVE",
      "detail": "FCF margin: -5.7% -> +3.6%",
      "severity": "HIGH"
    },
    {
      "quarter": "2022-06 (Q2)",
      "signal": "OP MARGIN TURNED POSITIVE (YoY)",
      "detail": "Op margin: -12.9% (year-ago) -> +8.2%",
      "severity": "HIGH"
    },
    {
      "quarter": "2022-03 (Q1)",
      "signal": "OP MARGIN TURNED POSITIVE (YoY)",
      "detail": "Op margin: -10.9% (year-ago) -> +14.9%",
      "severity": "HIGH"
    },
    {
      "quarter": "2021-12 (Q4)",
      "signal": "OP MARGIN TURNED POSITIVE (YoY)",
      "detail": "Op margin: -0.2% (year-ago) -> +16.7%",
      "severity": "HIGH"
    },
    {
      "quarter": "2021-09 (Q3)",
      "signal": "FCF MARGIN EXPANSION",
      "detail": "FCF margin: +15.9% -> +23.7% (+7.9%)",
      "severity": "MEDIUM"
    },
    {
      "quarter": "2021-09 (Q3)",
      "signal": "OP MARGIN TURNED POSITIVE (QoQ)",
      "detail": "Op margin: -12.9% -> +27.2%",
      "severity": "HIGH"
    }
  ],
  "data_quality": {
    "n_quarters": 20,
    "coverage": {
      "revenue": [
        20,
        20
      ],
      "gross_profit": [
        0,
        20
      ],
      "op_income": [
        20,
        20
      ],
      "fcf": [
        20,
        20
      ]
    },
    "gaps": [],
    "warnings": [
      "gross_profit: no data"
    ]
  },
  "market_cap": null,
  "source": "SEC EDGAR",
  "last_updated": "2026-02-02T21:34:31.713150"
}