{
  "ticker": "BHFAN",
  "name": "Brighthouse Financial, Inc.",
  "quarters": [
    {
      "date": "2020-12-31T00:00:00",
      "quarter_label": "2020-12 (Q4)",
      "revenue": 131000000,
      "gross_profit": null,
      "operating_income": null,
      "net_income": -1032000000,
      "opex": 679000000,
      "cogs": null,
      "rd": null,
      "sga": null,
      "fcf": 373000000,
      "ocf": 373000000,
      "capex": null,
      "gross_margin": null,
      "op_margin": null,
      "fcf_margin": 2.8473282442748094
    },
    {
      "date": "2021-03-31T00:00:00",
      "quarter_label": "2021-03 (Q1)",
      "revenue": 938000000,
      "gross_profit": null,
      "operating_income": null,
      "net_income": -585000000,
      "opex": 562000000,
      "cogs": null,
      "rd": null,
      "sga": null,
      "fcf": -104000000,
      "ocf": -104000000,
      "capex": null,
      "gross_margin": null,
      "op_margin": null,
      "fcf_margin": -0.11087420042643924,
      "op_leverage_ratio": Infinity,
      "fcf_margin_change": -2.9582024447012487
    },
    {
      "date": "2021-06-30T00:00:00",
      "quarter_label": "2021-06 (Q2)",
      "revenue": 1676000000,
      "gross_profit": null,
      "operating_income": null,
      "net_income": 31000000,
      "opex": 608000000,
      "cogs": null,
      "rd": null,
      "sga": null,
      "fcf": 173000000,
      "ocf": 173000000,
      "capex": null,
      "gross_margin": null,
      "op_margin": null,
      "fcf_margin": 0.1032219570405728,
      "op_leverage_ratio": 9.612403819412254,
      "fcf_margin_change": 0.21409615746701205
    },
    {
      "date": "2021-09-30T00:00:00",
      "quarter_label": "2021-09 (Q3)",
      "revenue": 2512000000,
      "gross_profit": null,
      "operating_income": null,
      "net_income": 383000000,
      "opex": 579000000,
      "cogs": null,
      "rd": null,
      "sga": null,
      "fcf": 575000000,
      "ocf": 575000000,
      "capex": null,
      "gross_margin": null,
      "op_margin": null,
      "fcf_margin": 0.2289012738853503,
      "op_leverage_ratio": Infinity,
      "fcf_margin_change": 0.1256793168447775
    },
    {
      "date": "2021-12-31T00:00:00",
      "quarter_label": "2021-12 (Q4)",
      "revenue": 2016000000,
      "gross_profit": null,
      "operating_income": null,
      "net_income": 63000000,
      "opex": 702000000,
      "cogs": null,
      "rd": null,
      "sga": null,
      "fcf": -3000000,
      "ocf": -3000000,
      "capex": null,
      "gross_margin": null,
      "op_margin": null,
      "fcf_margin": -0.001488095238095238,
      "rev_growth_yoy": 14.389312977099237,
      "fcf_margin_change": -0.23038936912344554
    },
    {
      "date": "2022-03-31T00:00:00",
      "quarter_label": "2022-03 (Q1)",
      "revenue": 2740000000,
      "gross_profit": null,
      "operating_income": null,
      "net_income": 640000000,
      "opex": 510000000,
      "cogs": null,
      "rd": null,
      "sga": null,
      "fcf": -199000000,
      "ocf": -199000000,
      "capex": null,
      "gross_margin": null,
      "op_margin": null,
      "fcf_margin": -0.07262773722627737,
      "rev_growth_yoy": 1.9211087420042643,
      "rev_growth_yoy_accel": -12.468204235094973,
      "op_leverage_ratio": Infinity,
      "fcf_margin_change": -0.07113964198818214
    },
    {
      "date": "2022-06-30T00:00:00",
      "quarter_label": "2022-06 (Q2)",
      "revenue": 3797000000,
      "gross_profit": null,
      "operating_income": null,
      "net_income": 983000000,
      "opex": 591000000,
      "cogs": null,
      "rd": null,
      "sga": null,
      "fcf": 159000000,
      "ocf": 159000000,
      "capex": null,
      "gross_margin": null,
      "op_margin": null,
      "fcf_margin": 0.04187516460363445,
      "rev_growth_yoy": 1.2655131264916468,
      "rev_growth_yoy_accel": -0.6555956155126175,
      "op_leverage_ratio": 2.4288997026223305,
      "fcf_margin_change": 0.11450290182991182
    },
    {
      "date": "2022-09-30T00:00:00",
      "quarter_label": "2022-09 (Q3)",
      "revenue": 1482000000,
      "gross_profit": null,
      "operating_income": null,
      "net_income": -677000000,
      "opex": 495000000,
      "cogs": null,
      "rd": null,
      "sga": null,
      "fcf": -962000000,
      "ocf": -962000000,
      "capex": null,
      "gross_margin": null,
      "op_margin": null,
      "fcf_margin": -0.6491228070175439,
      "rev_growth_yoy": -0.41003184713375795,
      "rev_growth_yoy_accel": -1.6755449736254047,
      "fcf_margin_change": -0.6909979716211784
    },
    {
      "date": "2022-12-31T00:00:00",
      "quarter_label": "2022-12 (Q4)",
      "revenue": -127000000,
      "gross_profit": null,
      "operating_income": null,
      "net_income": 136000000,
      "opex": 489000000,
      "cogs": null,
      "rd": null,
      "sga": null,
      "fcf": -226000000,
      "ocf": -226000000,
      "capex": null,
      "gross_margin": null,
      "op_margin": null,
      "fcf_margin": 1.779527559055118,
      "rev_growth_yoy": -1.0629960317460319,
      "rev_growth_yoy_accel": -0.6529641846122739,
      "fcf_margin_change": 2.428650366072662
    },
    {
      "date": "2023-03-31T00:00:00",
      "quarter_label": "2023-03 (Q1)",
      "revenue": 1284000000,
      "gross_profit": null,
      "operating_income": null,
      "net_income": -499000000,
      "opex": 478000000,
      "cogs": null,
      "rd": null,
      "sga": null,
      "fcf": -500000000,
      "ocf": -500000000,
      "capex": null,
      "gross_margin": null,
      "op_margin": null,
      "fcf_margin": -0.3894080996884735,
      "rev_growth_yoy": -0.5313868613138686,
      "rev_growth_yoy_accel": 0.5316091704321633,
      "fcf_margin_change": -2.1689356587435915
    },
    {
      "date": "2023-06-30T00:00:00",
      "quarter_label": "2023-06 (Q2)",
      "revenue": 263000000,
      "gross_profit": null,
      "operating_income": null,
      "net_income": -175000000,
      "opex": 502000000,
      "cogs": null,
      "rd": null,
      "sga": null,
      "fcf": -128000000,
      "ocf": -128000000,
      "capex": null,
      "gross_margin": null,
      "op_margin": null,
      "fcf_margin": -0.4866920152091255,
      "rev_growth_yoy": -0.930734790624177,
      "rev_growth_yoy_accel": -0.3993479293103084,
      "fcf_margin_change": -0.09728391552065196
    },
    {
      "date": "2023-09-30T00:00:00",
      "quarter_label": "2023-09 (Q3)",
      "revenue": 1170000000,
      "gross_profit": null,
      "operating_income": null,
      "net_income": 479000000,
      "opex": 473000000,
      "cogs": null,
      "rd": null,
      "sga": null,
      "fcf": 339000000,
      "ocf": 339000000,
      "capex": null,
      "gross_margin": null,
      "op_margin": null,
      "fcf_margin": 0.28974358974358977,
      "rev_growth_yoy": -0.21052631578947367,
      "rev_growth_yoy_accel": 0.7202084748347033,
      "op_leverage_ratio": Infinity,
      "fcf_margin_change": 0.7764356049527152
    },
    {
      "date": "2023-12-31T00:00:00",
      "quarter_label": "2023-12 (Q4)",
      "revenue": 1400000000,
      "gross_profit": null,
      "operating_income": null,
      "net_income": -917000000,
      "opex": 524000000,
      "cogs": null,
      "rd": null,
      "sga": null,
      "fcf": 152000000,
      "ocf": 152000000,
      "capex": null,
      "gross_margin": null,
      "op_margin": null,
      "fcf_margin": 0.10857142857142857,
      "op_leverage_ratio": 1.8231942349589407,
      "fcf_margin_change": -0.1811721611721612
    },
    {
      "date": "2024-03-31T00:00:00",
      "quarter_label": "2024-03 (Q1)",
      "revenue": 74000000,
      "gross_profit": null,
      "operating_income": null,
      "net_income": -493000000,
      "opex": 507000000,
      "cogs": null,
      "rd": null,
      "sga": null,
      "fcf": -530000000,
      "ocf": -530000000,
      "capex": null,
      "gross_margin": null,
      "op_margin": null,
      "fcf_margin": -7.162162162162162,
      "rev_growth_yoy": -0.942367601246106,
      "fcf_margin_change": -7.270733590733591
    },
    {
      "date": "2024-06-30T00:00:00",
      "quarter_label": "2024-06 (Q2)",
      "revenue": 1427000000,
      "gross_profit": null,
      "operating_income": null,
      "net_income": 34000000,
      "opex": 468000000,
      "cogs": null,
      "rd": null,
      "sga": null,
      "fcf": 334000000,
      "ocf": 334000000,
      "capex": null,
      "gross_margin": null,
      "op_margin": null,
      "fcf_margin": 0.23405746320953047,
      "rev_growth_yoy": 4.425855513307985,
      "rev_growth_yoy_accel": 5.368223114554091,
      "op_leverage_ratio": Infinity,
      "fcf_margin_change": 7.3962196253716925
    },
    {
      "date": "2024-09-30T00:00:00",
      "quarter_label": "2024-09 (Q3)",
      "revenue": 2018000000,
      "gross_profit": null,
      "operating_income": null,
      "net_income": 176000000,
      "opex": 492000000,
      "cogs": null,
      "rd": null,
      "sga": null,
      "fcf": 24000000,
      "ocf": 24000000,
      "capex": null,
      "gross_margin": null,
      "op_margin": null,
      "fcf_margin": 0.011892963330029732,
      "rev_growth_yoy": 0.7247863247863248,
      "rev_growth_yoy_accel": -3.70106918852166,
      "op_leverage_ratio": 8.076033637000702,
      "fcf_margin_change": -0.22216449987950074
    },
    {
      "date": "2024-12-31T00:00:00",
      "quarter_label": "2024-12 (Q4)",
      "revenue": 1205000000,
      "gross_profit": null,
      "operating_income": null,
      "net_income": 671000000,
      "opex": 479000000,
      "cogs": null,
      "rd": null,
      "sga": null,
      "fcf": -118000000,
      "ocf": -118000000,
      "capex": null,
      "gross_margin": null,
      "op_margin": null,
      "fcf_margin": -0.0979253112033195,
      "rev_growth_yoy": -0.1392857142857143,
      "rev_growth_yoy_accel": -0.8640720390720391,
      "fcf_margin_change": -0.10981827453334923
    },
    {
      "date": "2025-03-31T00:00:00",
      "quarter_label": "2025-03 (Q1)",
      "revenue": 2390000000,
      "gross_profit": null,
      "operating_income": null,
      "net_income": -268000000,
      "opex": 493000000,
      "cogs": null,
      "rd": null,
      "sga": null,
      "fcf": 146000000,
      "ocf": 146000000,
      "capex": null,
      "gross_margin": null,
      "op_margin": null,
      "fcf_margin": 0.06108786610878661,
      "rev_growth_yoy": 31.2972972972973,
      "rev_growth_yoy_accel": 31.436583011583014,
      "op_leverage_ratio": 33.646413752222884,
      "fcf_margin_change": 0.15901317731210612
    },
    {
      "date": "2025-06-30T00:00:00",
      "quarter_label": "2025-06 (Q2)",
      "revenue": 871000000,
      "gross_profit": null,
      "operating_income": null,
      "net_income": 85000000,
      "opex": 482000000,
      "cogs": null,
      "rd": null,
      "sga": null,
      "fcf": -1000000,
      "ocf": -1000000,
      "capex": null,
      "gross_margin": null,
      "op_margin": null,
      "fcf_margin": -0.001148105625717566,
      "rev_growth_yoy": -0.38962859145059564,
      "rev_growth_yoy_accel": -31.686925888747894,
      "fcf_margin_change": -0.062235971734504174
    },
    {
      "date": "2025-09-30T00:00:00",
      "quarter_label": "2025-09 (Q3)",
      "revenue": 1816000000,
      "gross_profit": null,
      "operating_income": null,
      "net_income": 479000000,
      "opex": 480000000,
      "cogs": null,
      "rd": null,
      "sga": null,
      "fcf": 117000000,
      "ocf": 117000000,
      "capex": null,
      "gross_margin": null,
      "op_margin": null,
      "fcf_margin": 0.0644273127753304,
      "rev_growth_yoy": -0.10009910802775025,
      "rev_growth_yoy_accel": 0.2895294834228454,
      "op_leverage_ratio": Infinity,
      "fcf_margin_change": 0.06557541840104797
    }
  ],
  "signals": [
    {
      "quarter": "2025-09 (Q3)",
      "signal": "FCF TURNED POSITIVE",
      "detail": "FCF margin: -0.1% -> +6.4%",
      "severity": "HIGH"
    },
    {
      "quarter": "2025-09 (Q3)",
      "signal": "YoY REVENUE GROWTH ACCELERATION",
      "detail": "YoY growth: -10.0% vs prior quarter YoY: -39.0% (accel: +29.0%)",
      "severity": "HIGH"
    },
    {
      "quarter": "2025-06 (Q2)",
      "signal": "YoY REVENUE GROWTH DECELERATION",
      "detail": "YoY growth: -39.0% vs prior quarter YoY: +3129.7% (decel: -3168.7%)",
      "severity": "WARNING"
    },
    {
      "quarter": "2025-03 (Q1)",
      "signal": "FCF TURNED POSITIVE",
      "detail": "FCF margin: -9.8% -> +6.1%",
      "severity": "HIGH"
    },
    {
      "quarter": "2025-03 (Q1)",
      "signal": "OPERATING LEVERAGE",
      "detail": "Rev growth +98.3% vs OpEx growth +2.9% (leverage: 33.6x)",
      "severity": "MEDIUM"
    },
    {
      "quarter": "2025-03 (Q1)",
      "signal": "YoY REVENUE GROWTH ACCELERATION",
      "detail": "YoY growth: +3129.7% vs prior quarter YoY: -13.9% (accel: +3143.7%)",
      "severity": "HIGH"
    },
    {
      "quarter": "2024-12 (Q4)",
      "signal": "YoY REVENUE GROWTH DECELERATION",
      "detail": "YoY growth: -13.9% vs prior quarter YoY: +72.5% (decel: -86.4%)",
      "severity": "WARNING"
    },
    {
      "quarter": "2024-09 (Q3)",
      "signal": "OPERATING LEVERAGE",
      "detail": "Rev growth +41.4% vs OpEx growth +5.1% (leverage: 8.1x)",
      "severity": "MEDIUM"
    },
    {
      "quarter": "2024-09 (Q3)",
      "signal": "YoY REVENUE GROWTH DECELERATION",
      "detail": "YoY growth: +72.5% vs prior quarter YoY: +442.6% (decel: -370.1%)",
      "severity": "WARNING"
    },
    {
      "quarter": "2024-06 (Q2)",
      "signal": "FCF TURNED POSITIVE",
      "detail": "FCF margin: -716.2% -> +23.4%",
      "severity": "HIGH"
    },
    {
      "quarter": "2024-06 (Q2)",
      "signal": "YoY REVENUE GROWTH ACCELERATION",
      "detail": "YoY growth: +442.6% vs prior quarter YoY: -94.2% (accel: +536.8%)",
      "severity": "HIGH"
    },
    {
      "quarter": "2023-12 (Q4)",
      "signal": "OPERATING LEVERAGE",
      "detail": "Rev growth +19.7% vs OpEx growth +10.8% (leverage: 1.8x)",
      "severity": "MEDIUM"
    },
    {
      "quarter": "2023-09 (Q3)",
      "signal": "FCF TURNED POSITIVE",
      "detail": "FCF margin: -48.7% -> +29.0%",
      "severity": "HIGH"
    },
    {
      "quarter": "2023-09 (Q3)",
      "signal": "YoY REVENUE GROWTH ACCELERATION",
      "detail": "YoY growth: -21.1% vs prior quarter YoY: -93.1% (accel: +72.0%)",
      "severity": "HIGH"
    },
    {
      "quarter": "2023-06 (Q2)",
      "signal": "YoY REVENUE GROWTH DECELERATION",
      "detail": "YoY growth: -93.1% vs prior quarter YoY: -53.1% (decel: -39.9%)",
      "severity": "WARNING"
    },
    {
      "quarter": "2023-03 (Q1)",
      "signal": "YoY REVENUE GROWTH ACCELERATION",
      "detail": "YoY growth: -53.1% vs prior quarter YoY: -106.3% (accel: +53.2%)",
      "severity": "HIGH"
    },
    {
      "quarter": "2022-12 (Q4)",
      "signal": "FCF TURNED POSITIVE",
      "detail": "FCF margin: -64.9% -> +178.0%",
      "severity": "HIGH"
    },
    {
      "quarter": "2022-12 (Q4)",
      "signal": "YoY REVENUE GROWTH DECELERATION",
      "detail": "YoY growth: -106.3% vs prior quarter YoY: -41.0% (decel: -65.3%)",
      "severity": "WARNING"
    },
    {
      "quarter": "2022-09 (Q3)",
      "signal": "YoY REVENUE GROWTH DECELERATION",
      "detail": "YoY growth: -41.0% vs prior quarter YoY: +126.6% (decel: -167.6%)",
      "severity": "WARNING"
    },
    {
      "quarter": "2022-06 (Q2)",
      "signal": "FCF TURNED POSITIVE",
      "detail": "FCF margin: -7.3% -> +4.2%",
      "severity": "HIGH"
    },
    {
      "quarter": "2022-06 (Q2)",
      "signal": "OPERATING LEVERAGE",
      "detail": "Rev growth +38.6% vs OpEx growth +15.9% (leverage: 2.4x)",
      "severity": "MEDIUM"
    },
    {
      "quarter": "2022-06 (Q2)",
      "signal": "YoY REVENUE GROWTH DECELERATION",
      "detail": "YoY growth: +126.6% vs prior quarter YoY: +192.1% (decel: -65.6%)",
      "severity": "WARNING"
    },
    {
      "quarter": "2022-03 (Q1)",
      "signal": "YoY REVENUE GROWTH DECELERATION",
      "detail": "YoY growth: +192.1% vs prior quarter YoY: +1438.9% (decel: -1246.8%)",
      "severity": "WARNING"
    },
    {
      "quarter": "2021-09 (Q3)",
      "signal": "FCF MARGIN EXPANSION",
      "detail": "FCF margin: +10.3% -> +22.9% (+12.6%)",
      "severity": "MEDIUM"
    },
    {
      "quarter": "2021-06 (Q2)",
      "signal": "FCF TURNED POSITIVE",
      "detail": "FCF margin: -11.1% -> +10.3%",
      "severity": "HIGH"
    },
    {
      "quarter": "2021-06 (Q2)",
      "signal": "OPERATING LEVERAGE",
      "detail": "Rev growth +78.7% vs OpEx growth +8.2% (leverage: 9.6x)",
      "severity": "MEDIUM"
    }
  ],
  "data_quality": {
    "n_quarters": 20,
    "coverage": {
      "revenue": [
        20,
        20
      ],
      "gross_profit": [
        0,
        20
      ],
      "op_income": [
        0,
        20
      ],
      "fcf": [
        20,
        20
      ]
    },
    "gaps": [],
    "warnings": [
      "gross_profit: no data",
      "op_income: no data"
    ]
  },
  "market_cap": null,
  "source": "SEC EDGAR",
  "last_updated": "2026-02-03T01:12:08.075694"
}