{
  "ticker": "BHM",
  "name": "BLUEROCK HOMES TRUST,\u00a0INC.",
  "quarters": [
    {
      "date": "2021-09-30T00:00:00",
      "quarter_label": "2021-09 (Q3)",
      "revenue": 3831000,
      "gross_profit": null,
      "operating_income": 154000,
      "net_income": 40792000,
      "opex": 3677000,
      "cogs": null,
      "rd": null,
      "sga": null,
      "fcf": null,
      "ocf": null,
      "capex": null,
      "gross_margin": null,
      "op_margin": 0.04019838162359697,
      "fcf_margin": null
    },
    {
      "date": "2021-12-31T00:00:00",
      "quarter_label": "2021-12 (Q4)",
      "revenue": 5777000,
      "gross_profit": null,
      "operating_income": -553000,
      "net_income": -65336000,
      "opex": 6330000,
      "cogs": null,
      "rd": null,
      "sga": null,
      "fcf": 5159000,
      "ocf": 5159000,
      "capex": null,
      "gross_margin": null,
      "op_margin": -0.09572442444175178,
      "fcf_margin": 0.8930240609312792,
      "op_leverage_ratio": 0.7040233506824275
    },
    {
      "date": "2022-03-31T00:00:00",
      "quarter_label": "2022-03 (Q1)",
      "revenue": 7737000,
      "gross_profit": null,
      "operating_income": -1794000,
      "net_income": -157000,
      "opex": 9531000,
      "cogs": null,
      "rd": null,
      "sga": null,
      "fcf": 4441000,
      "ocf": 4441000,
      "capex": null,
      "gross_margin": null,
      "op_margin": -0.23187281892206282,
      "fcf_margin": 0.5739950885356081,
      "op_leverage_ratio": 0.6709215469871396,
      "fcf_margin_change": -0.3190289723956711
    },
    {
      "date": "2022-06-30T00:00:00",
      "quarter_label": "2022-06 (Q2)",
      "revenue": 8007000,
      "gross_profit": null,
      "operating_income": -2296000,
      "net_income": -120000,
      "opex": 10303000,
      "cogs": null,
      "rd": null,
      "sga": null,
      "fcf": -583000,
      "ocf": -583000,
      "capex": null,
      "gross_margin": null,
      "op_margin": -0.2867490945422755,
      "fcf_margin": -0.072811290121144,
      "op_leverage_ratio": 0.43083634858673187,
      "fcf_margin_change": -0.6468063786567521
    },
    {
      "date": "2022-09-30T00:00:00",
      "quarter_label": "2022-09 (Q3)",
      "revenue": 8677000,
      "gross_profit": null,
      "operating_income": -2322000,
      "net_income": 841000,
      "opex": 10999000,
      "cogs": null,
      "rd": null,
      "sga": null,
      "fcf": 6657000,
      "ocf": 6657000,
      "capex": null,
      "gross_margin": null,
      "op_margin": -0.26760401060274286,
      "fcf_margin": 0.7672006453843494,
      "incr_op_margin_yoy": -0.5109368551382584,
      "rev_growth_yoy": 1.2649438788827982,
      "op_leverage_ratio": 1.238680881240409,
      "fcf_margin_change": 0.8400119355054934
    },
    {
      "date": "2022-12-31T00:00:00",
      "quarter_label": "2022-12 (Q4)",
      "revenue": 9723000,
      "gross_profit": null,
      "operating_income": -3537000,
      "net_income": -1031000,
      "opex": 13260000,
      "cogs": null,
      "rd": null,
      "sga": null,
      "fcf": -7017000,
      "ocf": -7017000,
      "capex": null,
      "gross_margin": null,
      "op_margin": -0.36377661215674173,
      "fcf_margin": -0.7216908361616785,
      "incr_op_margin_yoy": -0.7562088190572732,
      "rev_growth_yoy": 0.6830534879695344,
      "rev_growth_yoy_accel": -0.5818903909132639,
      "op_leverage_ratio": 0.5864280385185622,
      "fcf_margin_change": -1.488891481546028
    },
    {
      "date": "2023-03-31T00:00:00",
      "quarter_label": "2023-03 (Q1)",
      "revenue": 10138000,
      "gross_profit": null,
      "operating_income": -4839000,
      "net_income": -1540000,
      "opex": 14977000,
      "cogs": null,
      "rd": null,
      "sga": null,
      "fcf": -2196000,
      "ocf": -2196000,
      "capex": null,
      "gross_margin": null,
      "op_margin": -0.4773130795028605,
      "fcf_margin": -0.2166107713552969,
      "incr_op_margin_yoy": -1.2682215743440233,
      "rev_growth_yoy": 0.3103270001292491,
      "rev_growth_yoy_accel": -0.3727264878402853,
      "op_leverage_ratio": 0.32962568086490845,
      "fcf_margin_change": 0.5050800648063816
    },
    {
      "date": "2023-06-30T00:00:00",
      "quarter_label": "2023-06 (Q2)",
      "revenue": 10270000,
      "gross_profit": null,
      "operating_income": -3513000,
      "net_income": -335000,
      "opex": 13783000,
      "cogs": null,
      "rd": null,
      "sga": null,
      "fcf": 4302000,
      "ocf": 4302000,
      "capex": null,
      "gross_margin": null,
      "op_margin": -0.342064264849075,
      "fcf_margin": 0.418889970788705,
      "incr_op_margin_yoy": -0.5377817057003977,
      "rev_growth_yoy": 0.2826277007618334,
      "rev_growth_yoy_accel": -0.027699299367415664,
      "op_leverage_ratio": Infinity,
      "fcf_margin_change": 0.6355007421440019
    },
    {
      "date": "2023-09-30T00:00:00",
      "quarter_label": "2023-09 (Q3)",
      "revenue": 10183000,
      "gross_profit": null,
      "operating_income": -3799000,
      "net_income": null,
      "opex": 13982000,
      "cogs": null,
      "rd": null,
      "sga": null,
      "fcf": 4683000,
      "ocf": 4683000,
      "capex": null,
      "gross_margin": null,
      "op_margin": -0.3730727683393892,
      "fcf_margin": 0.45988412059314543,
      "incr_op_margin_yoy": -0.9807436918990704,
      "rev_growth_yoy": 0.17356229111444046,
      "rev_growth_yoy_accel": -0.10906540964739295,
      "fcf_margin_change": 0.04099414980444044
    },
    {
      "date": "2023-12-31T00:00:00",
      "quarter_label": "2023-12 (Q4)",
      "revenue": 10502000,
      "gross_profit": null,
      "operating_income": null,
      "net_income": null,
      "opex": 14745000,
      "cogs": null,
      "rd": null,
      "sga": null,
      "fcf": 7091000,
      "ocf": 7091000,
      "capex": null,
      "gross_margin": null,
      "op_margin": null,
      "fcf_margin": 0.675204722909922,
      "rev_growth_yoy": 0.08011930474133498,
      "rev_growth_yoy_accel": -0.09344298637310548,
      "op_leverage_ratio": 0.5740631888601117,
      "fcf_margin_change": 0.21532060231677652
    },
    {
      "date": "2024-03-31T00:00:00",
      "quarter_label": "2024-03 (Q1)",
      "revenue": 11176000,
      "gross_profit": null,
      "operating_income": null,
      "net_income": null,
      "opex": 15088000,
      "cogs": null,
      "rd": null,
      "sga": null,
      "fcf": 1107000,
      "ocf": 1107000,
      "capex": null,
      "gross_margin": null,
      "op_margin": null,
      "fcf_margin": 0.09905153901216893,
      "rev_growth_yoy": 0.10238705859143815,
      "rev_growth_yoy_accel": 0.02226775385010317,
      "op_leverage_ratio": 2.7589163913246018,
      "fcf_margin_change": -0.576153183897753
    },
    {
      "date": "2024-06-30T00:00:00",
      "quarter_label": "2024-06 (Q2)",
      "revenue": 12523000,
      "gross_profit": null,
      "operating_income": null,
      "net_income": null,
      "opex": 16542000,
      "cogs": null,
      "rd": null,
      "sga": null,
      "fcf": 1263000,
      "ocf": 1263000,
      "capex": null,
      "gross_margin": null,
      "op_margin": null,
      "fcf_margin": 0.10085442785275094,
      "rev_growth_yoy": 0.21937682570593964,
      "rev_growth_yoy_accel": 0.11698976711450149,
      "op_leverage_ratio": 1.250686527132714,
      "fcf_margin_change": 0.0018028888405820093
    },
    {
      "date": "2024-09-30T00:00:00",
      "quarter_label": "2024-09 (Q3)",
      "revenue": 12706000,
      "gross_profit": null,
      "operating_income": null,
      "net_income": null,
      "opex": 17521000,
      "cogs": null,
      "rd": null,
      "sga": null,
      "fcf": 1684000,
      "ocf": 1684000,
      "capex": null,
      "gross_margin": null,
      "op_margin": null,
      "fcf_margin": 0.13253580985361246,
      "rev_growth_yoy": 0.24776588431699892,
      "rev_growth_yoy_accel": 0.02838905861105928,
      "op_leverage_ratio": 0.2469153183066549,
      "fcf_margin_change": 0.03168138200086153
    },
    {
      "date": "2024-12-31T00:00:00",
      "quarter_label": "2024-12 (Q4)",
      "revenue": 13809000,
      "gross_profit": null,
      "operating_income": null,
      "net_income": null,
      "opex": 19776000,
      "cogs": null,
      "rd": null,
      "sga": null,
      "fcf": 5004000,
      "ocf": 5004000,
      "capex": null,
      "gross_margin": null,
      "op_margin": null,
      "fcf_margin": 0.36237236584835975,
      "rev_growth_yoy": 0.3148924014473434,
      "rev_growth_yoy_accel": 0.06712651713034445,
      "op_leverage_ratio": 0.6744954196962659,
      "fcf_margin_change": 0.22983655599474728
    },
    {
      "date": "2025-03-31T00:00:00",
      "quarter_label": "2025-03 (Q1)",
      "revenue": 16413000,
      "gross_profit": null,
      "operating_income": null,
      "net_income": null,
      "opex": 22142000,
      "cogs": null,
      "rd": null,
      "sga": null,
      "fcf": 951000,
      "ocf": 951000,
      "capex": null,
      "gross_margin": null,
      "op_margin": null,
      "fcf_margin": 0.05794187534271614,
      "rev_growth_yoy": 0.4685934144595562,
      "rev_growth_yoy_accel": 0.15370101301221284,
      "op_leverage_ratio": 1.5761678452565668,
      "fcf_margin_change": -0.30443049050564364
    },
    {
      "date": "2025-06-30T00:00:00",
      "quarter_label": "2025-06 (Q2)",
      "revenue": 16802000,
      "gross_profit": null,
      "operating_income": null,
      "net_income": null,
      "opex": 22153000,
      "cogs": null,
      "rd": null,
      "sga": null,
      "fcf": 13862000,
      "ocf": 13862000,
      "capex": null,
      "gross_margin": null,
      "op_margin": null,
      "fcf_margin": 0.8250208308534698,
      "rev_growth_yoy": 0.34169128803002474,
      "rev_growth_yoy_accel": -0.12690212642953147,
      "op_leverage_ratio": Infinity,
      "fcf_margin_change": 0.7670789555107537
    },
    {
      "date": "2025-09-30T00:00:00",
      "quarter_label": "2025-09 (Q3)",
      "revenue": 16610000,
      "gross_profit": null,
      "operating_income": null,
      "net_income": null,
      "opex": 22280000,
      "cogs": null,
      "rd": null,
      "sga": null,
      "fcf": 13441000,
      "ocf": 13441000,
      "capex": null,
      "gross_margin": null,
      "op_margin": null,
      "fcf_margin": 0.8092113184828417,
      "rev_growth_yoy": 0.30725641429246026,
      "rev_growth_yoy_accel": -0.034434873737564486,
      "fcf_margin_change": -0.01580951237062811
    }
  ],
  "signals": [
    {
      "quarter": "2025-06 (Q2)",
      "signal": "FCF MARGIN EXPANSION",
      "detail": "FCF margin: +5.8% -> +82.5% (+76.7%)",
      "severity": "MEDIUM"
    },
    {
      "quarter": "2025-06 (Q2)",
      "signal": "OPERATING LEVERAGE",
      "detail": "Rev growth +2.4% vs OpEx growth +0.0% (leverage: 47.7x)",
      "severity": "MEDIUM"
    },
    {
      "quarter": "2025-06 (Q2)",
      "signal": "YoY REVENUE GROWTH DECELERATION",
      "detail": "YoY growth: +34.2% vs prior quarter YoY: +46.9% (decel: -12.7%)",
      "severity": "WARNING"
    },
    {
      "quarter": "2025-03 (Q1)",
      "signal": "OPERATING LEVERAGE",
      "detail": "Rev growth +18.9% vs OpEx growth +12.0% (leverage: 1.6x)",
      "severity": "MEDIUM"
    },
    {
      "quarter": "2025-03 (Q1)",
      "signal": "YoY REVENUE GROWTH ACCELERATION",
      "detail": "YoY growth: +46.9% vs prior quarter YoY: +31.5% (accel: +15.4%)",
      "severity": "HIGH"
    },
    {
      "quarter": "2024-12 (Q4)",
      "signal": "FCF MARGIN EXPANSION",
      "detail": "FCF margin: +13.3% -> +36.2% (+23.0%)",
      "severity": "MEDIUM"
    },
    {
      "quarter": "2024-12 (Q4)",
      "signal": "YoY REVENUE GROWTH ACCELERATION",
      "detail": "YoY growth: +31.5% vs prior quarter YoY: +24.8% (accel: +6.7%)",
      "severity": "MEDIUM"
    },
    {
      "quarter": "2024-06 (Q2)",
      "signal": "YoY REVENUE GROWTH ACCELERATION",
      "detail": "YoY growth: +21.9% vs prior quarter YoY: +10.2% (accel: +11.7%)",
      "severity": "MEDIUM"
    },
    {
      "quarter": "2024-03 (Q1)",
      "signal": "OPERATING LEVERAGE",
      "detail": "Rev growth +6.4% vs OpEx growth +2.3% (leverage: 2.8x)",
      "severity": "MEDIUM"
    },
    {
      "quarter": "2023-12 (Q4)",
      "signal": "FCF MARGIN EXPANSION",
      "detail": "FCF margin: +46.0% -> +67.5% (+21.5%)",
      "severity": "MEDIUM"
    },
    {
      "quarter": "2023-12 (Q4)",
      "signal": "YoY REVENUE GROWTH DECELERATION",
      "detail": "YoY growth: +8.0% vs prior quarter YoY: +17.4% (decel: -9.3%)",
      "severity": "WARNING"
    },
    {
      "quarter": "2023-09 (Q3)",
      "signal": "YoY REVENUE GROWTH DECELERATION",
      "detail": "YoY growth: +17.4% vs prior quarter YoY: +28.3% (decel: -10.9%)",
      "severity": "WARNING"
    },
    {
      "quarter": "2023-06 (Q2)",
      "signal": "FCF TURNED POSITIVE",
      "detail": "FCF margin: -21.7% -> +41.9%",
      "severity": "HIGH"
    },
    {
      "quarter": "2023-03 (Q1)",
      "signal": "FCF MARGIN EXPANSION",
      "detail": "FCF margin: -72.2% -> -21.7% (+50.5%)",
      "severity": "MEDIUM"
    },
    {
      "quarter": "2023-03 (Q1)",
      "signal": "YoY REVENUE GROWTH DECELERATION",
      "detail": "YoY growth: +31.0% vs prior quarter YoY: +68.3% (decel: -37.3%)",
      "severity": "WARNING"
    },
    {
      "quarter": "2022-12 (Q4)",
      "signal": "YoY REVENUE GROWTH DECELERATION",
      "detail": "YoY growth: +68.3% vs prior quarter YoY: +126.5% (decel: -58.2%)",
      "severity": "WARNING"
    },
    {
      "quarter": "2022-09 (Q3)",
      "signal": "FCF TURNED POSITIVE",
      "detail": "FCF margin: -7.3% -> +76.7%",
      "severity": "HIGH"
    }
  ],
  "data_quality": {
    "n_quarters": 17,
    "coverage": {
      "revenue": [
        17,
        17
      ],
      "gross_profit": [
        0,
        17
      ],
      "op_income": [
        9,
        17
      ],
      "fcf": [
        16,
        17
      ]
    },
    "gaps": [],
    "warnings": [
      "gross_profit: no data",
      "op_income: 9/17Q"
    ]
  },
  "market_cap": null,
  "source": "SEC EDGAR",
  "last_updated": "2026-02-02T23:47:40.002763"
}