{
  "ticker": "BIIB",
  "name": "BIOGEN INC.",
  "sector": "Healthcare",
  "industry": "Drug Manufacturers - General",
  "quarters": [
    {
      "date": "2021-03-31T00:00:00",
      "quarter_label": "2021-03 (Q1)",
      "revenue": 2694000000,
      "gross_profit": 2215900000,
      "operating_income": 973900000,
      "net_income": 410200000,
      "opex": 1720100000,
      "cogs": 478100000,
      "rd": null,
      "sga": 595000000,
      "fcf": 676400000,
      "ocf": 769000000,
      "capex": -92600000,
      "gross_margin": 0.8225315515961396,
      "op_margin": 0.36150705270972533,
      "fcf_margin": 0.25107646622123236
    },
    {
      "date": "2021-06-30T00:00:00",
      "quarter_label": "2021-06 (Q2)",
      "revenue": 2775000000,
      "gross_profit": 2315300000,
      "operating_income": 485700000,
      "net_income": 448500000,
      "opex": 2289300000,
      "cogs": 459700000,
      "rd": null,
      "sga": 637300000,
      "fcf": 1155400000,
      "ocf": 1227300000,
      "capex": -71900000,
      "gross_margin": 0.8343423423423424,
      "op_margin": 0.17502702702702702,
      "fcf_margin": 0.41636036036036034,
      "op_leverage_ratio": 0.09086073213371794,
      "fcf_margin_change": 0.16528389413912797
    },
    {
      "date": "2021-09-30T00:00:00",
      "quarter_label": "2021-09 (Q3)",
      "revenue": 2778900000,
      "gross_profit": 2267100000,
      "operating_income": 794000000,
      "net_income": 329200000,
      "opex": 1984900000,
      "cogs": 511800000,
      "rd": null,
      "sga": 654100000,
      "fcf": 763300000,
      "ocf": 805300000,
      "capex": -42000000,
      "gross_margin": 0.8158264061319227,
      "op_margin": 0.285724567274821,
      "fcf_margin": 0.2746770304796862,
      "fcf_margin_change": -0.1416833298806741
    },
    {
      "date": "2021-12-31T00:00:00",
      "quarter_label": "2021-12 (Q4)",
      "revenue": 2733800000,
      "gross_profit": 2073700000,
      "operating_income": 587100000,
      "net_income": 368200000,
      "opex": 2146700000,
      "cogs": 660100000,
      "rd": null,
      "sga": 787900000,
      "fcf": 786700000,
      "ocf": 838300000,
      "capex": -51600000,
      "gross_margin": 0.758541224668959,
      "op_margin": 0.21475601726534493,
      "fcf_margin": 0.2877679420586729,
      "fcf_margin_change": 0.013090911578986675
    },
    {
      "date": "2022-03-31T00:00:00",
      "quarter_label": "2022-03 (Q1)",
      "revenue": 2531800000,
      "gross_profit": 1777900000,
      "operating_income": 610700000,
      "net_income": 303800000,
      "opex": 1921100000,
      "cogs": 753900000,
      "rd": null,
      "sga": 634900000,
      "fcf": 103900000,
      "ocf": 161800000,
      "capex": -57900000,
      "gross_margin": 0.7022276641124892,
      "op_margin": 0.24121178608104907,
      "fcf_margin": 0.041037996682202385,
      "incr_op_margin_yoy": 2.23921085080148,
      "rev_growth_yoy": -0.060207869339272455,
      "fcf_margin_change": -0.24672994537647053
    },
    {
      "date": "2022-06-30T00:00:00",
      "quarter_label": "2022-06 (Q2)",
      "revenue": 2589100000,
      "gross_profit": 2105100000,
      "operating_income": null,
      "net_income": 1058000000,
      "opex": 1319600000,
      "cogs": 484000000,
      "rd": null,
      "sga": 572600000,
      "fcf": 699600000,
      "ocf": 736500000,
      "capex": -36900000,
      "gross_margin": 0.8130624541346414,
      "op_margin": null,
      "fcf_margin": 0.2702097253872002,
      "rev_growth_yoy": -0.066990990990991,
      "rev_growth_yoy_accel": -0.006783121651718543,
      "op_leverage_ratio": null,
      "fcf_margin_change": 0.2291717287049978
    },
    {
      "date": "2022-09-30T00:00:00",
      "quarter_label": "2022-09 (Q3)",
      "revenue": 2508500000,
      "gross_profit": 2039000000,
      "operating_income": null,
      "net_income": 1134700000,
      "opex": 1137400000,
      "cogs": 469500000,
      "rd": null,
      "sga": 563300000,
      "fcf": 601900000,
      "ocf": 661000000,
      "capex": -59100000,
      "gross_margin": 0.8128363563882799,
      "op_margin": null,
      "fcf_margin": 0.23994418975483356,
      "rev_growth_yoy": -0.0973046889056821,
      "rev_growth_yoy_accel": -0.0303136979146911,
      "fcf_margin_change": -0.030265535632366614
    },
    {
      "date": "2022-12-31T00:00:00",
      "quarter_label": "2022-12 (Q4)",
      "revenue": 2544000000,
      "gross_profit": 1973100000,
      "operating_income": null,
      "net_income": 550400000,
      "opex": 1940200000,
      "cogs": 570900000,
      "rd": null,
      "sga": 632800000,
      "fcf": -261400000,
      "ocf": -175000000,
      "capex": -86400000,
      "gross_margin": 0.7755896226415094,
      "op_margin": null,
      "fcf_margin": -0.10275157232704403,
      "rev_growth_yoy": -0.06942717097080986,
      "rev_growth_yoy_accel": 0.02787751793487224,
      "op_leverage_ratio": 0.020050264576275244,
      "fcf_margin_change": -0.3426957620818776
    },
    {
      "date": "2023-03-31T00:00:00",
      "quarter_label": "2023-03 (Q1)",
      "revenue": 2463000000,
      "gross_profit": 1800200000,
      "operating_income": null,
      "net_income": 387900000,
      "opex": 2024700000,
      "cogs": 662800000,
      "rd": null,
      "sga": 605000000,
      "fcf": 388700000,
      "ocf": 455300000,
      "capex": -66600000,
      "gross_margin": 0.7308972797401543,
      "op_margin": null,
      "fcf_margin": 0.1578156719447828,
      "rev_growth_yoy": -0.027174342365115726,
      "rev_growth_yoy_accel": 0.04225282860569413,
      "fcf_margin_change": 0.2605672442718268
    },
    {
      "date": "2023-06-30T00:00:00",
      "quarter_label": "2023-06 (Q2)",
      "revenue": 2456000000,
      "gross_profit": 1863300000,
      "operating_income": null,
      "net_income": 591600000,
      "opex": 1747900000,
      "cogs": 592700000,
      "rd": null,
      "sga": 548000000,
      "fcf": 416000000,
      "ocf": 487000000,
      "capex": -71000000,
      "gross_margin": 0.7586726384364821,
      "op_margin": null,
      "fcf_margin": 0.16938110749185667,
      "rev_growth_yoy": -0.05140782511297362,
      "rev_growth_yoy_accel": -0.024233482747857894,
      "fcf_margin_change": 0.011565435547073871
    },
    {
      "date": "2023-09-30T00:00:00",
      "quarter_label": "2023-09 (Q3)",
      "revenue": 2530300000,
      "gross_profit": 1870700000,
      "operating_income": null,
      "net_income": -68100000,
      "opex": 2671500000,
      "cogs": 659600000,
      "rd": null,
      "sga": 788200000,
      "fcf": 518200000,
      "ocf": 592400000,
      "capex": -74200000,
      "gross_margin": 0.7393194482867644,
      "op_margin": null,
      "fcf_margin": 0.20479785005730547,
      "rev_growth_yoy": 0.008690452461630456,
      "rev_growth_yoy_accel": 0.06009827757460408,
      "op_leverage_ratio": 0.057252322557391204,
      "fcf_margin_change": 0.0354167425654488
    },
    {
      "date": "2023-12-31T00:00:00",
      "quarter_label": "2023-12 (Q4)",
      "revenue": 2386300000,
      "gross_profit": 1768000000,
      "operating_income": null,
      "net_income": 249700000,
      "opex": 2094700000,
      "cogs": 618300000,
      "rd": null,
      "sga": 608500000,
      "fcf": -52700000,
      "ocf": 12500000,
      "capex": -65200000,
      "gross_margin": 0.7408959477014625,
      "op_margin": null,
      "fcf_margin": -0.022084398441101286,
      "rev_growth_yoy": -0.061988993710691824,
      "rev_growth_yoy_accel": -0.07067944617232227,
      "fcf_margin_change": -0.22688224849840677
    },
    {
      "date": "2024-03-31T00:00:00",
      "quarter_label": "2024-03 (Q1)",
      "revenue": 2290500000,
      "gross_profit": 1748300000,
      "operating_income": null,
      "net_income": 393400000,
      "opex": 1825700000,
      "cogs": 542200000,
      "rd": null,
      "sga": 581500000,
      "fcf": 507300000,
      "ocf": 553200000,
      "capex": -45900000,
      "gross_margin": 0.7632831259550317,
      "op_margin": null,
      "fcf_margin": 0.2214800261951539,
      "rev_growth_yoy": -0.07003654080389768,
      "rev_growth_yoy_accel": -0.008047547093205855,
      "fcf_margin_change": 0.24356442463625516
    },
    {
      "date": "2024-06-30T00:00:00",
      "quarter_label": "2024-06 (Q2)",
      "revenue": 2464900000,
      "gross_profit": 1918900000,
      "operating_income": null,
      "net_income": 583600000,
      "opex": 1766200000,
      "cogs": 546000000,
      "rd": null,
      "sga": 553800000,
      "fcf": 592300000,
      "ocf": 625800000,
      "capex": -33500000,
      "gross_margin": 0.778489999594304,
      "op_margin": null,
      "fcf_margin": 0.24029372388332185,
      "rev_growth_yoy": 0.0036237785016286646,
      "rev_growth_yoy_accel": 0.07366031930552634,
      "op_leverage_ratio": null,
      "fcf_margin_change": 0.018813697688167957
    },
    {
      "date": "2024-09-30T00:00:00",
      "quarter_label": "2024-09 (Q3)",
      "revenue": 2465800000,
      "gross_profit": 1827100000,
      "operating_income": null,
      "net_income": 388500000,
      "opex": 2014800000,
      "cogs": 638700000,
      "rd": null,
      "sga": 588400000,
      "fcf": 900600000,
      "ocf": 935600000,
      "capex": -35000000,
      "gross_margin": 0.7409765593316571,
      "op_margin": null,
      "fcf_margin": 0.3652364344229053,
      "rev_growth_yoy": -0.025491048492273644,
      "rev_growth_yoy_accel": -0.029114826993902308,
      "fcf_margin_change": 0.12494271053958347
    },
    {
      "date": "2024-12-31T00:00:00",
      "quarter_label": "2024-12 (Q4)",
      "revenue": 2454700000,
      "gross_profit": 1871200000,
      "operating_income": null,
      "net_income": 266700000,
      "opex": 2163200000,
      "cogs": 583500000,
      "rd": null,
      "sga": 680000000,
      "fcf": 721600000,
      "ocf": 760900000,
      "capex": -39300000,
      "gross_margin": 0.7622927445308999,
      "op_margin": null,
      "fcf_margin": 0.293966676172241,
      "rev_growth_yoy": 0.028663621506097307,
      "rev_growth_yoy_accel": 0.05415466999837095,
      "fcf_margin_change": -0.07126975825066434
    },
    {
      "date": "2025-03-31T00:00:00",
      "quarter_label": "2025-03 (Q1)",
      "revenue": 2431000000,
      "gross_profit": 1801700000,
      "operating_income": null,
      "net_income": 240500000,
      "opex": 2119800000,
      "cogs": 629300000,
      "rd": null,
      "sga": 572500000,
      "fcf": 222200000,
      "ocf": 259300000,
      "capex": -37100000,
      "gross_margin": 0.7411353352529824,
      "op_margin": null,
      "fcf_margin": 0.09140271493212669,
      "rev_growth_yoy": 0.06134031870770574,
      "rev_growth_yoy_accel": 0.03267669720160843,
      "fcf_margin_change": -0.20256396124011428
    },
    {
      "date": "2025-06-30T00:00:00",
      "quarter_label": "2025-06 (Q2)",
      "revenue": 2645500000,
      "gross_profit": 2040500000,
      "operating_income": null,
      "net_income": 634800000,
      "opex": 1901500000,
      "cogs": 605000000,
      "rd": null,
      "sga": 583800000,
      "fcf": 134300000,
      "ocf": 160900000,
      "capex": -26600000,
      "gross_margin": 0.7713097713097713,
      "op_margin": null,
      "fcf_margin": 0.05076545076545077,
      "rev_growth_yoy": 0.07326869244188405,
      "rev_growth_yoy_accel": 0.011928373734178314,
      "op_leverage_ratio": null,
      "fcf_margin_change": -0.04063726416667592
    },
    {
      "date": "2025-09-30T00:00:00",
      "quarter_label": "2025-09 (Q3)",
      "revenue": 2534700000,
      "gross_profit": 1860300000,
      "operating_income": null,
      "net_income": 466500000,
      "opex": 1977400000,
      "cogs": 674400000,
      "rd": null,
      "sga": 594800000,
      "fcf": 1226300000,
      "ocf": 1272500000,
      "capex": -46200000,
      "gross_margin": 0.7339330098236477,
      "op_margin": null,
      "fcf_margin": 0.4838047895214424,
      "rev_growth_yoy": 0.027942249979722604,
      "rev_growth_yoy_accel": -0.04532644246216145,
      "fcf_margin_change": 0.43303933875599165
    },
    {
      "date": "2025-12-31T00:00:00",
      "quarter_label": "2025-12 (Q4)",
      "revenue": 2279400000,
      "gross_profit": 1783900000,
      "operating_income": null,
      "net_income": -48900000,
      "opex": 2335400000,
      "cogs": 495500000,
      "rd": null,
      "sga": 682500000,
      "fcf": 468000000,
      "ocf": 511900000,
      "capex": -43900000,
      "gross_margin": 0.7826182328682987,
      "op_margin": null,
      "fcf_margin": 0.20531718873387733,
      "rev_growth_yoy": -0.07141402208009125,
      "rev_growth_yoy_accel": -0.09935627205981384,
      "fcf_margin_change": -0.27848760078756507
    }
  ],
  "signals": [
    {
      "quarter": "2025-12 (Q4)",
      "signal": "GROSS MARGIN INFLECTION",
      "detail": "GM: +77.1% -> +73.4% -> +78.3% (reversal +4.9%)",
      "severity": "MEDIUM"
    },
    {
      "quarter": "2025-12 (Q4)",
      "signal": "YoY REVENUE GROWTH DECELERATION",
      "detail": "YoY growth: -7.1% vs prior quarter YoY: +2.8% (decel: -9.9%)",
      "severity": "WARNING"
    },
    {
      "quarter": "2025-09 (Q3)",
      "signal": "FCF MARGIN EXPANSION",
      "detail": "FCF margin: +5.1% -> +48.4% (+43.3%)",
      "severity": "MEDIUM"
    },
    {
      "quarter": "2025-06 (Q2)",
      "signal": "GROSS MARGIN INFLECTION",
      "detail": "GM: +76.2% -> +74.1% -> +77.1% (reversal +3.0%)",
      "severity": "MEDIUM"
    },
    {
      "quarter": "2024-12 (Q4)",
      "signal": "GROSS MARGIN INFLECTION",
      "detail": "GM: +77.8% -> +74.1% -> +76.2% (reversal +2.1%)",
      "severity": "MEDIUM"
    },
    {
      "quarter": "2024-12 (Q4)",
      "signal": "YoY REVENUE GROWTH ACCELERATION",
      "detail": "YoY growth: +2.9% vs prior quarter YoY: -2.5% (accel: +5.4%)",
      "severity": "MEDIUM"
    },
    {
      "quarter": "2024-09 (Q3)",
      "signal": "FCF MARGIN EXPANSION",
      "detail": "FCF margin: +24.0% -> +36.5% (+12.5%)",
      "severity": "MEDIUM"
    },
    {
      "quarter": "2024-06 (Q2)",
      "signal": "YoY REVENUE GROWTH ACCELERATION",
      "detail": "YoY growth: +0.4% vs prior quarter YoY: -7.0% (accel: +7.4%)",
      "severity": "MEDIUM"
    },
    {
      "quarter": "2024-03 (Q1)",
      "signal": "FCF TURNED POSITIVE",
      "detail": "FCF margin: -2.2% -> +22.1%",
      "severity": "HIGH"
    },
    {
      "quarter": "2023-12 (Q4)",
      "signal": "YoY REVENUE GROWTH DECELERATION",
      "detail": "YoY growth: -6.2% vs prior quarter YoY: +0.9% (decel: -7.1%)",
      "severity": "WARNING"
    },
    {
      "quarter": "2023-09 (Q3)",
      "signal": "YoY REVENUE GROWTH ACCELERATION",
      "detail": "YoY growth: +0.9% vs prior quarter YoY: -5.1% (accel: +6.0%)",
      "severity": "MEDIUM"
    },
    {
      "quarter": "2023-06 (Q2)",
      "signal": "GROSS MARGIN INFLECTION",
      "detail": "GM: +77.6% -> +73.1% -> +75.9% (reversal +2.8%)",
      "severity": "MEDIUM"
    },
    {
      "quarter": "2023-03 (Q1)",
      "signal": "FCF TURNED POSITIVE",
      "detail": "FCF margin: -10.3% -> +15.8%",
      "severity": "HIGH"
    },
    {
      "quarter": "2022-06 (Q2)",
      "signal": "FCF MARGIN EXPANSION",
      "detail": "FCF margin: +4.1% -> +27.0% (+22.9%)",
      "severity": "MEDIUM"
    },
    {
      "quarter": "2022-06 (Q2)",
      "signal": "GROSS MARGIN INFLECTION",
      "detail": "GM: +75.9% -> +70.2% -> +81.3% (reversal +11.1%)",
      "severity": "HIGH"
    },
    {
      "quarter": "2022-03 (Q1)",
      "signal": "INCREMENTAL MARGIN (YoY)",
      "detail": "YoY Incr OPM: +223.9% vs year-ago OPM: +36.2%",
      "severity": "HIGH"
    },
    {
      "quarter": "2021-06 (Q2)",
      "signal": "FCF MARGIN EXPANSION",
      "detail": "FCF margin: +25.1% -> +41.6% (+16.5%)",
      "severity": "MEDIUM"
    }
  ],
  "data_quality": {
    "n_quarters": 20,
    "coverage": {
      "revenue": [
        20,
        20
      ],
      "gross_profit": [
        20,
        20
      ],
      "op_income": [
        5,
        20
      ],
      "fcf": [
        20,
        20
      ]
    },
    "gaps": [],
    "warnings": [
      "op_income: 5/20Q"
    ]
  },
  "market_cap": null,
  "source": "SEC EDGAR",
  "last_updated": "2026-02-09T19:07:13.740946"
}