{
  "ticker": "BKD",
  "name": "Brookdale Senior Living Inc.",
  "quarters": [
    {
      "date": "2020-12-31T00:00:00",
      "quarter_label": "2020-12 (Q4)",
      "revenue": 852167000,
      "gross_profit": 189168000,
      "operating_income": 2502000,
      "net_income": -44120000,
      "opex": 849665000,
      "cogs": null,
      "rd": null,
      "sga": null,
      "fcf": 28318000,
      "ocf": 73499000,
      "capex": -45181000,
      "gross_margin": 0.22198465793676592,
      "op_margin": 0.0029360442260730583,
      "fcf_margin": 0.03323057569701714
    },
    {
      "date": "2021-03-31T00:00:00",
      "quarter_label": "2021-03 (Q1)",
      "revenue": 749445000,
      "gross_profit": 127339000,
      "operating_income": -61590000,
      "net_income": -108285000,
      "opex": 811035000,
      "cogs": null,
      "rd": null,
      "sga": null,
      "fcf": -64218000,
      "ocf": -23857000,
      "capex": -40361000,
      "gross_margin": 0.16991106752330057,
      "op_margin": -0.08218081380221363,
      "fcf_margin": -0.085687408682425,
      "fcf_margin_change": -0.11891798437944213
    },
    {
      "date": "2021-06-30T00:00:00",
      "quarter_label": "2021-06 (Q2)",
      "revenue": 723292000,
      "gross_profit": 129438000,
      "operating_income": -52495000,
      "net_income": -83585000,
      "opex": 775787000,
      "cogs": null,
      "rd": null,
      "sga": null,
      "fcf": -35767000,
      "ocf": 3410000,
      "capex": -39177000,
      "gross_margin": 0.17895676987993783,
      "op_margin": -0.07257788002632408,
      "fcf_margin": -0.04945029116871195,
      "fcf_margin_change": 0.03623711751371305
    },
    {
      "date": "2021-09-30T00:00:00",
      "quarter_label": "2021-09 (Q3)",
      "revenue": 641654000,
      "gross_profit": 123382000,
      "operating_income": -48855000,
      "net_income": 174282000,
      "opex": 690509000,
      "cogs": null,
      "rd": null,
      "sga": null,
      "fcf": -39079000,
      "ocf": 7200000,
      "capex": -46279000,
      "gross_margin": 0.19228743216749214,
      "op_margin": -0.07613916534456265,
      "fcf_margin": -0.06090353991403467,
      "fcf_margin_change": -0.01145324874532272
    },
    {
      "date": "2021-12-31T00:00:00",
      "quarter_label": "2021-12 (Q4)",
      "revenue": 643868000,
      "gross_profit": 120792000,
      "operating_income": -53996000,
      "net_income": -81702000,
      "opex": 697864000,
      "cogs": null,
      "rd": null,
      "sga": null,
      "fcf": -132227000,
      "ocf": -81387000,
      "capex": -50840000,
      "gross_margin": 0.18760367031751848,
      "op_margin": -0.083861909583952,
      "fcf_margin": -0.20536352171563116,
      "incr_op_margin_yoy": 0.27123509954440495,
      "rev_growth_yoy": -0.2444344829123869,
      "fcf_margin_change": -0.1444599818015965
    },
    {
      "date": "2022-03-31T00:00:00",
      "quarter_label": "2022-03 (Q1)",
      "revenue": 677820000,
      "gross_profit": 127915000,
      "operating_income": -53534000,
      "net_income": -100013000,
      "opex": 731354000,
      "cogs": null,
      "rd": null,
      "sga": null,
      "fcf": -63211000,
      "ocf": -23255000,
      "capex": -39956000,
      "gross_margin": 0.1887152931456729,
      "op_margin": -0.07897967011891062,
      "fcf_margin": -0.09325632173733439,
      "incr_op_margin_yoy": -0.11247469458987784,
      "rev_growth_yoy": -0.09557072233452756,
      "rev_growth_yoy_accel": 0.14886376057785933,
      "op_leverage_ratio": 1.0988139610090875,
      "fcf_margin_change": 0.11210719997829677
    },
    {
      "date": "2022-06-30T00:00:00",
      "quarter_label": "2022-06 (Q2)",
      "revenue": 689516000,
      "gross_profit": 138464000,
      "operating_income": -34048000,
      "net_income": -84418000,
      "opex": 723564000,
      "cogs": null,
      "rd": null,
      "sga": null,
      "fcf": -45318000,
      "ocf": 11577000,
      "capex": -56895000,
      "gross_margin": 0.2008133241288092,
      "op_margin": -0.04937956479617587,
      "fcf_margin": -0.06572436317648901,
      "incr_op_margin_yoy": -0.5461570345807674,
      "rev_growth_yoy": -0.04669759930982231,
      "rev_growth_yoy_accel": 0.04887312302470524,
      "op_leverage_ratio": Infinity,
      "fcf_margin_change": 0.02753195856084538
    },
    {
      "date": "2022-09-30T00:00:00",
      "quarter_label": "2022-09 (Q3)",
      "revenue": 757458000,
      "gross_profit": 194464000,
      "operating_income": 19206000,
      "net_income": -28359000,
      "opex": 738252000,
      "cogs": null,
      "rd": null,
      "sga": null,
      "fcf": 9800000,
      "ocf": 63521000,
      "capex": -53721000,
      "gross_margin": 0.2567323864821548,
      "op_margin": 0.025355861315082818,
      "fcf_margin": 0.012938011084442966,
      "incr_op_margin_yoy": 0.5877258125798763,
      "rev_growth_yoy": 0.18047732890311602,
      "rev_growth_yoy_accel": 0.22717492821293833,
      "op_leverage_ratio": 4.854094934053771,
      "fcf_margin_change": 0.07866237426093198
    },
    {
      "date": "2022-12-31T00:00:00",
      "quarter_label": "2022-12 (Q4)",
      "revenue": 700585000,
      "gross_profit": 133570000,
      "operating_income": 25689000,
      "net_income": -25637000,
      "opex": 107881000,
      "cogs": null,
      "rd": null,
      "sga": null,
      "fcf": -94914000,
      "ocf": -48562000,
      "capex": -46352000,
      "gross_margin": 0.19065495264671667,
      "op_margin": 0.03666792751771734,
      "fcf_margin": -0.1354782074980195,
      "incr_op_margin_yoy": 1.4049579491157853,
      "rev_growth_yoy": 0.08808793106661614,
      "rev_growth_yoy_accel": -0.09238939783649988,
      "fcf_margin_change": -0.14841621858246246
    },
    {
      "date": "2023-03-31T00:00:00",
      "quarter_label": "2023-03 (Q1)",
      "revenue": 753263000,
      "gross_profit": 187502000,
      "operating_income": 7822000,
      "net_income": -44549000,
      "opex": 179680000,
      "cogs": null,
      "rd": null,
      "sga": null,
      "fcf": -25658000,
      "ocf": 24042000,
      "capex": -49700000,
      "gross_margin": 0.24891970002509084,
      "op_margin": 0.010384155334856484,
      "fcf_margin": -0.03406247220426332,
      "incr_op_margin_yoy": 0.8132762482934136,
      "rev_growth_yoy": 0.11130241066949928,
      "rev_growth_yoy_accel": 0.023214479602883142,
      "op_leverage_ratio": 0.11297829370528038,
      "fcf_margin_change": 0.10141573529375619
    },
    {
      "date": "2023-06-30T00:00:00",
      "quarter_label": "2023-06 (Q2)",
      "revenue": 750792000,
      "gross_profit": 185675000,
      "operating_income": 41165000,
      "net_income": -4510000,
      "opex": 144510000,
      "cogs": null,
      "rd": null,
      "sga": null,
      "fcf": 3699000,
      "ocf": 63824000,
      "capex": -60125000,
      "gross_margin": 0.24730551204594614,
      "op_margin": 0.05482876748819913,
      "fcf_margin": 0.004926797302049036,
      "incr_op_margin_yoy": 1.2274463085057772,
      "rev_growth_yoy": 0.08886813358935833,
      "rev_growth_yoy_accel": -0.022434277080140952,
      "fcf_margin_change": 0.03898926950631235
    },
    {
      "date": "2023-09-30T00:00:00",
      "quarter_label": "2023-09 (Q3)",
      "revenue": 757291000,
      "gross_profit": 184901000,
      "operating_income": -6338000,
      "net_income": -48796000,
      "opex": 191239000,
      "cogs": null,
      "rd": null,
      "sga": null,
      "fcf": -19112000,
      "ocf": 45763000,
      "capex": -64875000,
      "gross_margin": 0.24416109527249102,
      "op_margin": -0.008369305854684659,
      "fcf_margin": -0.025237326206174377,
      "rev_growth_yoy": -0.00022047427052060973,
      "rev_growth_yoy_accel": -0.08908860785987893,
      "fcf_margin_change": -0.030164123508223412
    },
    {
      "date": "2023-12-31T00:00:00",
      "quarter_label": "2023-12 (Q4)",
      "revenue": 754483000,
      "gross_profit": 188626000,
      "operating_income": -24237000,
      "net_income": -91156000,
      "opex": 212863000,
      "cogs": null,
      "rd": null,
      "sga": null,
      "fcf": -29211000,
      "ocf": 29294000,
      "capex": -58505000,
      "gross_margin": 0.2500069584072802,
      "op_margin": -0.03212398423821345,
      "fcf_margin": -0.03871657810712766,
      "incr_op_margin_yoy": -0.9263052432372259,
      "rev_growth_yoy": 0.07693284897621273,
      "rev_growth_yoy_accel": 0.07715332324673334,
      "fcf_margin_change": -0.013479251900953285
    },
    {
      "date": "2024-03-31T00:00:00",
      "quarter_label": "2024-03 (Q1)",
      "revenue": 782831000,
      "gross_profit": 204309000,
      "operating_income": 19246000,
      "net_income": -29566000,
      "opex": 185063000,
      "cogs": null,
      "rd": null,
      "sga": null,
      "fcf": -45545000,
      "ocf": -1146000,
      "capex": -44399000,
      "gross_margin": 0.26098736508901665,
      "op_margin": 0.024585127569041083,
      "fcf_margin": -0.058179862575702804,
      "incr_op_margin_yoy": 0.38636363636363635,
      "rev_growth_yoy": 0.03925322231411871,
      "rev_growth_yoy_accel": -0.037679626662094026,
      "op_leverage_ratio": Infinity,
      "fcf_margin_change": -0.01946328446857514
    },
    {
      "date": "2024-06-30T00:00:00",
      "quarter_label": "2024-06 (Q2)",
      "revenue": 777541000,
      "gross_profit": 204818000,
      "operating_income": 19162000,
      "net_income": -37727000,
      "opex": 185656000,
      "cogs": null,
      "rd": null,
      "sga": null,
      "fcf": 4096000,
      "ocf": 55670000,
      "capex": -51574000,
      "gross_margin": 0.26341762042130257,
      "op_margin": 0.02464435959004091,
      "fcf_margin": 0.005267889410333346,
      "incr_op_margin_yoy": -0.8225728064600546,
      "rev_growth_yoy": 0.03562771047107588,
      "rev_growth_yoy_accel": -0.003625511843042828,
      "fcf_margin_change": 0.06344775198603615
    },
    {
      "date": "2024-09-30T00:00:00",
      "quarter_label": "2024-09 (Q3)",
      "revenue": 784167000,
      "gross_profit": 198123000,
      "operating_income": 10259000,
      "net_income": -50720000,
      "opex": 187864000,
      "cogs": null,
      "rd": null,
      "sga": null,
      "fcf": 11490000,
      "ocf": 66455000,
      "capex": -54965000,
      "gross_margin": 0.25265409026393615,
      "op_margin": 0.01308267244094689,
      "fcf_margin": 0.014652491114775297,
      "incr_op_margin_yoy": 0.6175398124720941,
      "rev_growth_yoy": 0.03548965985334568,
      "rev_growth_yoy_accel": -0.000138050617730201,
      "fcf_margin_change": 0.009384601704441952
    },
    {
      "date": "2024-12-31T00:00:00",
      "quarter_label": "2024-12 (Q4)",
      "revenue": 780948000,
      "gross_profit": 192060000,
      "operating_income": -2139000,
      "net_income": -83922000,
      "opex": 194199000,
      "cogs": null,
      "rd": null,
      "sga": null,
      "fcf": -5114000,
      "ocf": 45198000,
      "capex": -50312000,
      "gross_margin": 0.2459318674226709,
      "op_margin": -0.0027389787796370563,
      "fcf_margin": -0.00654845136936134,
      "incr_op_margin_yoy": 0.8349896089174381,
      "rev_growth_yoy": 0.03507699974684651,
      "rev_growth_yoy_accel": -0.00041266010649916585,
      "fcf_margin_change": -0.021200942484136637
    },
    {
      "date": "2025-03-31T00:00:00",
      "quarter_label": "2025-03 (Q1)",
      "revenue": 813864000,
      "gross_profit": 223087000,
      "operating_income": 29576000,
      "net_income": -64979000,
      "opex": 193511000,
      "cogs": null,
      "rd": null,
      "sga": null,
      "fcf": -18415000,
      "ocf": 23402000,
      "capex": -41817000,
      "gross_margin": 0.27410845055193495,
      "op_margin": 0.03634022391947549,
      "fcf_margin": -0.022626630493546834,
      "incr_op_margin_yoy": 0.332871459414172,
      "rev_growth_yoy": 0.0396420172425466,
      "rev_growth_yoy_accel": 0.00456501749570009,
      "op_leverage_ratio": Infinity,
      "fcf_margin_change": -0.016078179124185493
    },
    {
      "date": "2025-06-30T00:00:00",
      "quarter_label": "2025-06 (Q2)",
      "revenue": 812944000,
      "gross_profit": 215920000,
      "operating_income": 14907000,
      "net_income": -43024000,
      "opex": 201013000,
      "cogs": null,
      "rd": null,
      "sga": null,
      "fcf": 29098000,
      "ocf": 83564000,
      "capex": -54466000,
      "gross_margin": 0.2656025507292015,
      "op_margin": 0.018337056427010962,
      "fcf_margin": 0.03579336338050346,
      "incr_op_margin_yoy": -0.12018755472700053,
      "rev_growth_yoy": 0.045532004100105335,
      "rev_growth_yoy_accel": 0.005889986857558732,
      "fcf_margin_change": 0.058419993874050294
    },
    {
      "date": "2025-09-30T00:00:00",
      "quarter_label": "2025-09 (Q3)",
      "revenue": 813165000,
      "gross_profit": 210853000,
      "operating_income": -53835000,
      "net_income": -114726000,
      "opex": 264688000,
      "cogs": null,
      "rd": null,
      "sga": null,
      "fcf": 34936000,
      "ocf": 76525000,
      "capex": -41589000,
      "gross_margin": 0.25929915822742,
      "op_margin": -0.066204275884968,
      "fcf_margin": 0.042962990291023344,
      "incr_op_margin_yoy": -2.2102903648527485,
      "rev_growth_yoy": 0.03697936791525275,
      "rev_growth_yoy_accel": -0.008552636184852587,
      "fcf_margin_change": 0.007169626910519887
    }
  ],
  "signals": [
    {
      "quarter": "2025-06 (Q2)",
      "signal": "FCF TURNED POSITIVE",
      "detail": "FCF margin: -2.3% -> +3.6%",
      "severity": "HIGH"
    },
    {
      "quarter": "2025-03 (Q1)",
      "signal": "GROSS MARGIN INFLECTION",
      "detail": "GM: +25.3% -> +24.6% -> +27.4% (reversal +2.8%)",
      "severity": "MEDIUM"
    },
    {
      "quarter": "2025-03 (Q1)",
      "signal": "INCREMENTAL MARGIN (YoY)",
      "detail": "YoY Incr OPM: +33.3% vs year-ago OPM: +2.5%",
      "severity": "HIGH"
    },
    {
      "quarter": "2025-03 (Q1)",
      "signal": "OP MARGIN TURNED POSITIVE (QoQ)",
      "detail": "Op margin: -0.3% -> +3.6%",
      "severity": "HIGH"
    },
    {
      "quarter": "2024-09 (Q3)",
      "signal": "OP MARGIN TURNED POSITIVE (YoY)",
      "detail": "Op margin: -0.8% (year-ago) -> +1.3%",
      "severity": "HIGH"
    },
    {
      "quarter": "2024-06 (Q2)",
      "signal": "FCF TURNED POSITIVE",
      "detail": "FCF margin: -5.8% -> +0.5%",
      "severity": "HIGH"
    },
    {
      "quarter": "2024-03 (Q1)",
      "signal": "INCREMENTAL MARGIN (YoY)",
      "detail": "YoY Incr OPM: +38.6% vs year-ago OPM: +1.0%",
      "severity": "HIGH"
    },
    {
      "quarter": "2024-03 (Q1)",
      "signal": "OP MARGIN TURNED POSITIVE (QoQ)",
      "detail": "Op margin: -3.2% -> +2.5%",
      "severity": "HIGH"
    },
    {
      "quarter": "2023-12 (Q4)",
      "signal": "YoY REVENUE GROWTH ACCELERATION",
      "detail": "YoY growth: +7.7% vs prior quarter YoY: -0.0% (accel: +7.7%)",
      "severity": "MEDIUM"
    },
    {
      "quarter": "2023-09 (Q3)",
      "signal": "YoY REVENUE GROWTH DECELERATION",
      "detail": "YoY growth: -0.0% vs prior quarter YoY: +8.9% (decel: -8.9%)",
      "severity": "WARNING"
    },
    {
      "quarter": "2023-06 (Q2)",
      "signal": "FCF TURNED POSITIVE",
      "detail": "FCF margin: -3.4% -> +0.5%",
      "severity": "HIGH"
    },
    {
      "quarter": "2023-06 (Q2)",
      "signal": "OP MARGIN TURNED POSITIVE (YoY)",
      "detail": "Op margin: -4.9% (year-ago) -> +5.5%",
      "severity": "HIGH"
    },
    {
      "quarter": "2023-03 (Q1)",
      "signal": "FCF MARGIN EXPANSION",
      "detail": "FCF margin: -13.5% -> -3.4% (+10.1%)",
      "severity": "MEDIUM"
    },
    {
      "quarter": "2023-03 (Q1)",
      "signal": "GROSS MARGIN INFLECTION",
      "detail": "GM: +25.7% -> +19.1% -> +24.9% (reversal +5.8%)",
      "severity": "HIGH"
    },
    {
      "quarter": "2023-03 (Q1)",
      "signal": "OP MARGIN TURNED POSITIVE (YoY)",
      "detail": "Op margin: -7.9% (year-ago) -> +1.0%",
      "severity": "HIGH"
    },
    {
      "quarter": "2022-12 (Q4)",
      "signal": "YoY REVENUE GROWTH DECELERATION",
      "detail": "YoY growth: +8.8% vs prior quarter YoY: +18.0% (decel: -9.2%)",
      "severity": "WARNING"
    },
    {
      "quarter": "2022-12 (Q4)",
      "signal": "OP MARGIN TURNED POSITIVE (YoY)",
      "detail": "Op margin: -8.4% (year-ago) -> +3.7%",
      "severity": "HIGH"
    },
    {
      "quarter": "2022-09 (Q3)",
      "signal": "FCF TURNED POSITIVE",
      "detail": "FCF margin: -6.6% -> +1.3%",
      "severity": "HIGH"
    },
    {
      "quarter": "2022-09 (Q3)",
      "signal": "OPERATING LEVERAGE",
      "detail": "Rev growth +9.9% vs OpEx growth +2.0% (leverage: 4.9x)",
      "severity": "MEDIUM"
    },
    {
      "quarter": "2022-09 (Q3)",
      "signal": "YoY REVENUE GROWTH ACCELERATION",
      "detail": "YoY growth: +18.0% vs prior quarter YoY: -4.7% (accel: +22.7%)",
      "severity": "HIGH"
    },
    {
      "quarter": "2022-09 (Q3)",
      "signal": "OP MARGIN TURNED POSITIVE (YoY)",
      "detail": "Op margin: -7.6% (year-ago) -> +2.5%",
      "severity": "HIGH"
    },
    {
      "quarter": "2022-09 (Q3)",
      "signal": "OP MARGIN TURNED POSITIVE (QoQ)",
      "detail": "Op margin: -4.9% -> +2.5%",
      "severity": "HIGH"
    },
    {
      "quarter": "2022-03 (Q1)",
      "signal": "FCF MARGIN EXPANSION",
      "detail": "FCF margin: -20.5% -> -9.3% (+11.2%)",
      "severity": "MEDIUM"
    },
    {
      "quarter": "2022-03 (Q1)",
      "signal": "YoY REVENUE GROWTH ACCELERATION",
      "detail": "YoY growth: -9.6% vs prior quarter YoY: -24.4% (accel: +14.9%)",
      "severity": "MEDIUM"
    }
  ],
  "data_quality": {
    "n_quarters": 20,
    "coverage": {
      "revenue": [
        20,
        20
      ],
      "gross_profit": [
        20,
        20
      ],
      "op_income": [
        20,
        20
      ],
      "fcf": [
        20,
        20
      ]
    },
    "gaps": [],
    "warnings": []
  },
  "market_cap": null,
  "source": "SEC EDGAR",
  "last_updated": "2026-02-02T21:21:53.970405",
  "sector": "Healthcare",
  "industry": "Medical Care Facilities"
}