{
  "ticker": "BKH",
  "name": "Black Hills Corporation",
  "quarters": [
    {
      "date": "2020-12-31T00:00:00",
      "quarter_label": "2020-12 (Q4)",
      "revenue": 486387000,
      "gross_profit": null,
      "operating_income": 125951000,
      "net_income": 77185000,
      "opex": 360436000,
      "cogs": null,
      "rd": null,
      "sga": null,
      "fcf": -109007000,
      "ocf": 122404000,
      "capex": -231411000,
      "gross_margin": null,
      "op_margin": 0.25895223350953045,
      "fcf_margin": -0.2241157761206611
    },
    {
      "date": "2021-03-31T00:00:00",
      "quarter_label": "2021-03 (Q1)",
      "revenue": 633432000,
      "gross_profit": null,
      "operating_income": 138315000,
      "net_income": 96316000,
      "opex": 495117000,
      "cogs": null,
      "rd": null,
      "sga": null,
      "fcf": -532388000,
      "ocf": -386086000,
      "capex": -146302000,
      "gross_margin": null,
      "op_margin": 0.21835808737165158,
      "fcf_margin": -0.8404816933782947,
      "op_leverage_ratio": 0.8090775151921288,
      "fcf_margin_change": -0.6163659172576336
    },
    {
      "date": "2021-06-30T00:00:00",
      "quarter_label": "2021-06 (Q2)",
      "revenue": 372572000,
      "gross_profit": null,
      "operating_income": 67266000,
      "net_income": 25161000,
      "opex": 305306000,
      "cogs": null,
      "rd": null,
      "sga": null,
      "fcf": -37261000,
      "ocf": 135913000,
      "capex": -173174000,
      "gross_margin": null,
      "op_margin": 0.18054496848931215,
      "fcf_margin": -0.10001019937085986,
      "fcf_margin_change": 0.7404714940074348
    },
    {
      "date": "2021-09-30T00:00:00",
      "quarter_label": "2021-09 (Q3)",
      "revenue": 380590000,
      "gross_profit": null,
      "operating_income": 89873000,
      "net_income": 44112000,
      "opex": 290717000,
      "cogs": null,
      "rd": null,
      "sga": null,
      "fcf": -72960000,
      "ocf": 105413000,
      "capex": -178373000,
      "gross_margin": null,
      "op_margin": 0.23614125436821776,
      "fcf_margin": -0.1917023568669697,
      "op_leverage_ratio": Infinity,
      "fcf_margin_change": -0.09169215749610984
    },
    {
      "date": "2021-12-31T00:00:00",
      "quarter_label": "2021-12 (Q4)",
      "revenue": 562508000,
      "gross_profit": null,
      "operating_income": 113975000,
      "net_income": 71155000,
      "opex": 448533000,
      "cogs": null,
      "rd": null,
      "sga": null,
      "fcf": -99491000,
      "ocf": 80160000,
      "capex": -179651000,
      "gross_margin": null,
      "op_margin": 0.20261934052493474,
      "fcf_margin": -0.1768703733991339,
      "incr_op_margin_yoy": -0.15732846389301244,
      "rev_growth_yoy": 0.1565029492975758,
      "op_leverage_ratio": 0.8805169012510934,
      "fcf_margin_change": 0.014831983467835819
    },
    {
      "date": "2022-03-31T00:00:00",
      "quarter_label": "2022-03 (Q1)",
      "revenue": 823570000,
      "gross_profit": null,
      "operating_income": 173353000,
      "net_income": 117526000,
      "opex": 650217000,
      "cogs": null,
      "rd": null,
      "sga": null,
      "fcf": 127342000,
      "ocf": 264121000,
      "capex": -136779000,
      "gross_margin": null,
      "op_margin": 0.21048969729349054,
      "fcf_margin": 0.1546219507752832,
      "incr_op_margin_yoy": 0.18427668325111235,
      "rev_growth_yoy": 0.3001711312342919,
      "rev_growth_yoy_accel": 0.1436681819367161,
      "op_leverage_ratio": 1.032138343764897,
      "fcf_margin_change": 0.3314923241744171
    },
    {
      "date": "2022-06-30T00:00:00",
      "quarter_label": "2022-06 (Q2)",
      "revenue": 474195000,
      "gross_profit": null,
      "operating_income": 72389000,
      "net_income": 33415000,
      "opex": 401806000,
      "cogs": null,
      "rd": null,
      "sga": null,
      "fcf": 20885000,
      "ocf": 177909000,
      "capex": -157024000,
      "gross_margin": null,
      "op_margin": 0.1526566075137865,
      "fcf_margin": 0.04404306245321018,
      "incr_op_margin_yoy": 0.05041181622270549,
      "rev_growth_yoy": 0.272760701287268,
      "rev_growth_yoy_accel": -0.027410429947023918,
      "fcf_margin_change": -0.11057888832207302
    },
    {
      "date": "2022-09-30T00:00:00",
      "quarter_label": "2022-09 (Q3)",
      "revenue": 462612000,
      "gross_profit": null,
      "operating_income": 79479000,
      "net_income": 34973000,
      "opex": 383133000,
      "cogs": null,
      "rd": null,
      "sga": null,
      "fcf": -120242000,
      "ocf": 52257000,
      "capex": -172499000,
      "gross_margin": null,
      "op_margin": 0.17180488184482892,
      "fcf_margin": -0.2599197599716393,
      "incr_op_margin_yoy": -0.12672209894906244,
      "rev_growth_yoy": 0.21551275650962978,
      "rev_growth_yoy_accel": -0.0572479447776382,
      "fcf_margin_change": -0.30396282242484945
    },
    {
      "date": "2022-12-31T00:00:00",
      "quarter_label": "2022-12 (Q4)",
      "revenue": 791439000,
      "gross_profit": null,
      "operating_income": 130023000,
      "net_income": 72473000,
      "opex": 661416000,
      "cogs": null,
      "rd": null,
      "sga": null,
      "fcf": -47585000,
      "ocf": 90513000,
      "capex": -138098000,
      "gross_margin": null,
      "op_margin": 0.16428682437938993,
      "fcf_margin": -0.060124659007200806,
      "incr_op_margin_yoy": 0.07009972437109871,
      "rev_growth_yoy": 0.40698265624666674,
      "rev_growth_yoy_accel": 0.19146989973703696,
      "op_leverage_ratio": 0.9786185865382018,
      "fcf_margin_change": 0.19979510096443848
    },
    {
      "date": "2023-03-31T00:00:00",
      "quarter_label": "2023-03 (Q1)",
      "revenue": 921159000,
      "gross_profit": null,
      "operating_income": 174883000,
      "net_income": 114084000,
      "opex": 746276000,
      "cogs": null,
      "rd": null,
      "sga": null,
      "fcf": 209600000,
      "ocf": 328700000,
      "capex": -119100000,
      "gross_margin": null,
      "op_margin": 0.1898510463448764,
      "fcf_margin": 0.2275394367313352,
      "incr_op_margin_yoy": 0.015677996495506667,
      "rev_growth_yoy": 0.11849508845635465,
      "rev_growth_yoy_accel": -0.2884875677903121,
      "op_leverage_ratio": 1.2775007440667634,
      "fcf_margin_change": 0.287664095738536
    },
    {
      "date": "2023-06-30T00:00:00",
      "quarter_label": "2023-06 (Q2)",
      "revenue": 411283000,
      "gross_profit": null,
      "operating_income": 63516000,
      "net_income": 23053000,
      "opex": 347767000,
      "cogs": null,
      "rd": null,
      "sga": null,
      "fcf": 133800000,
      "ocf": 276400000,
      "capex": -142600000,
      "gross_margin": null,
      "op_margin": 0.15443380835094084,
      "fcf_margin": 0.32532343909181755,
      "incr_op_margin_yoy": 0.14103827568667346,
      "rev_growth_yoy": -0.1326711584896509,
      "rev_growth_yoy_accel": -0.25116624694600553,
      "fcf_margin_change": 0.09778400236048235
    },
    {
      "date": "2023-09-30T00:00:00",
      "quarter_label": "2023-09 (Q3)",
      "revenue": 407126000,
      "gross_profit": null,
      "operating_income": 97771000,
      "net_income": 45383000,
      "opex": 309355000,
      "cogs": null,
      "rd": null,
      "sga": null,
      "fcf": -9200000,
      "ocf": 150900000,
      "capex": -160100000,
      "gross_margin": null,
      "op_margin": 0.2401492412668314,
      "fcf_margin": -0.022597426840830603,
      "incr_op_margin_yoy": -0.32966874526907686,
      "rev_growth_yoy": -0.1199406846342075,
      "rev_growth_yoy_accel": 0.012730473855443389,
      "fcf_margin_change": -0.34792086593264815
    },
    {
      "date": "2023-12-31T00:00:00",
      "quarter_label": "2023-12 (Q4)",
      "revenue": 591732000,
      "gross_profit": null,
      "operating_income": 136530000,
      "net_income": 79680000,
      "opex": 455202000,
      "cogs": null,
      "rd": null,
      "sga": null,
      "fcf": 54600000,
      "ocf": 188400000,
      "capex": -133800000,
      "gross_margin": null,
      "op_margin": 0.230729451846444,
      "fcf_margin": 0.09227150128774513,
      "incr_op_margin_yoy": -0.032582733704877645,
      "rev_growth_yoy": -0.2523340396417159,
      "rev_growth_yoy_accel": -0.13239335500750843,
      "op_leverage_ratio": 0.9617819301507424,
      "fcf_margin_change": 0.11486892812857573
    },
    {
      "date": "2024-03-31T00:00:00",
      "quarter_label": "2024-03 (Q1)",
      "revenue": 726400000,
      "gross_profit": null,
      "operating_income": 193300000,
      "net_income": 127900000,
      "opex": 533100000,
      "cogs": null,
      "rd": null,
      "sga": null,
      "fcf": 57200000,
      "ocf": 233400000,
      "capex": -176200000,
      "gross_margin": null,
      "op_margin": 0.2661068281938326,
      "fcf_margin": 0.07874449339207049,
      "incr_op_margin_yoy": -0.09456302404510189,
      "rev_growth_yoy": -0.21142821163338793,
      "rev_growth_yoy_accel": 0.04090582800832798,
      "op_leverage_ratio": 1.3298945567118936,
      "fcf_margin_change": -0.01352700789567464
    },
    {
      "date": "2024-06-30T00:00:00",
      "quarter_label": "2024-06 (Q2)",
      "revenue": 402600000,
      "gross_profit": null,
      "operating_income": 70600000,
      "net_income": 22800000,
      "opex": 332000000,
      "cogs": null,
      "rd": null,
      "sga": null,
      "fcf": 64400000,
      "ocf": 230600000,
      "capex": -166200000,
      "gross_margin": null,
      "op_margin": 0.17536015896671633,
      "fcf_margin": 0.15996025832091407,
      "incr_op_margin_yoy": -0.8158470574686169,
      "rev_growth_yoy": -0.02111198371923955,
      "rev_growth_yoy_accel": 0.19031622791414837,
      "fcf_margin_change": 0.08121576492884358
    },
    {
      "date": "2024-09-30T00:00:00",
      "quarter_label": "2024-09 (Q3)",
      "revenue": 401600000,
      "gross_profit": null,
      "operating_income": 75800000,
      "net_income": 24400000,
      "opex": 325800000,
      "cogs": null,
      "rd": null,
      "sga": null,
      "fcf": -86000000,
      "ocf": 102100000,
      "capex": -188100000,
      "gross_margin": null,
      "op_margin": 0.18874501992031872,
      "fcf_margin": -0.21414342629482072,
      "incr_op_margin_yoy": 3.975931958016649,
      "rev_growth_yoy": -0.01357319355678586,
      "rev_growth_yoy_accel": 0.007538790162453691,
      "fcf_margin_change": -0.3741036846157348
    },
    {
      "date": "2024-12-31T00:00:00",
      "quarter_label": "2024-12 (Q4)",
      "revenue": 597100000,
      "gross_profit": null,
      "operating_income": 163300000,
      "net_income": 98100000,
      "opex": 433800000,
      "cogs": null,
      "rd": null,
      "sga": null,
      "fcf": -60500000,
      "ocf": 153200000,
      "capex": -213700000,
      "gross_margin": null,
      "op_margin": 0.2734885278847764,
      "fcf_margin": -0.10132306146374141,
      "incr_op_margin_yoy": 4.986959761549925,
      "rev_growth_yoy": 0.009071674339058899,
      "rev_growth_yoy_accel": 0.02264486789584476,
      "op_leverage_ratio": 1.4685217463479416,
      "fcf_margin_change": 0.11282036483107931
    },
    {
      "date": "2025-03-31T00:00:00",
      "quarter_label": "2025-03 (Q1)",
      "revenue": 805200000,
      "gross_profit": null,
      "operating_income": 205000000,
      "net_income": 134300000,
      "opex": 600200000,
      "cogs": null,
      "rd": null,
      "sga": null,
      "fcf": 74900000,
      "ocf": 227800000,
      "capex": -152900000,
      "gross_margin": null,
      "op_margin": 0.25459513164431197,
      "fcf_margin": 0.09302036761053155,
      "incr_op_margin_yoy": 0.1484771573604061,
      "rev_growth_yoy": 0.10848017621145374,
      "rev_growth_yoy_accel": 0.09940850187239485,
      "op_leverage_ratio": 0.9085759455960217,
      "fcf_margin_change": 0.19434342907427296
    },
    {
      "date": "2025-06-30T00:00:00",
      "quarter_label": "2025-06 (Q2)",
      "revenue": 439000000,
      "gross_profit": null,
      "operating_income": 82500000,
      "net_income": 27500000,
      "opex": 356500000,
      "cogs": null,
      "rd": null,
      "sga": null,
      "fcf": -30300000,
      "ocf": 188600000,
      "capex": -218900000,
      "gross_margin": null,
      "op_margin": 0.18792710706150342,
      "fcf_margin": -0.06902050113895217,
      "incr_op_margin_yoy": 0.3269230769230769,
      "rev_growth_yoy": 0.09041231992051664,
      "rev_growth_yoy_accel": -0.0180678562909371,
      "fcf_margin_change": -0.1620408687494837
    },
    {
      "date": "2025-09-30T00:00:00",
      "quarter_label": "2025-09 (Q3)",
      "revenue": 430200000,
      "gross_profit": null,
      "operating_income": 78700000,
      "net_income": 24900000,
      "opex": 351500000,
      "cogs": null,
      "rd": null,
      "sga": null,
      "fcf": -89500000,
      "ocf": 88900000,
      "capex": -178400000,
      "gross_margin": null,
      "op_margin": 0.18293816829381682,
      "fcf_margin": -0.20804277080427708,
      "incr_op_margin_yoy": 0.10139860139860139,
      "rev_growth_yoy": 0.07121513944223108,
      "rev_growth_yoy_accel": -0.019197180478285558,
      "fcf_margin_change": -0.1390222696653249
    }
  ],
  "signals": [
    {
      "quarter": "2025-06 (Q2)",
      "signal": "INCREMENTAL MARGIN (YoY)",
      "detail": "YoY Incr OPM: +32.7% vs year-ago OPM: +17.5%",
      "severity": "MEDIUM"
    },
    {
      "quarter": "2025-03 (Q1)",
      "signal": "FCF TURNED POSITIVE",
      "detail": "FCF margin: -10.1% -> +9.3%",
      "severity": "HIGH"
    },
    {
      "quarter": "2025-03 (Q1)",
      "signal": "YoY REVENUE GROWTH ACCELERATION",
      "detail": "YoY growth: +10.8% vs prior quarter YoY: +0.9% (accel: +9.9%)",
      "severity": "MEDIUM"
    },
    {
      "quarter": "2024-12 (Q4)",
      "signal": "FCF MARGIN EXPANSION",
      "detail": "FCF margin: -21.4% -> -10.1% (+11.3%)",
      "severity": "MEDIUM"
    },
    {
      "quarter": "2024-12 (Q4)",
      "signal": "INCREMENTAL MARGIN (YoY)",
      "detail": "YoY Incr OPM: +498.7% vs year-ago OPM: +23.1%",
      "severity": "HIGH"
    },
    {
      "quarter": "2024-09 (Q3)",
      "signal": "INCREMENTAL MARGIN (YoY)",
      "detail": "YoY Incr OPM: +397.6% vs year-ago OPM: +24.0%",
      "severity": "HIGH"
    },
    {
      "quarter": "2024-06 (Q2)",
      "signal": "FCF MARGIN EXPANSION",
      "detail": "FCF margin: +7.9% -> +16.0% (+8.1%)",
      "severity": "MEDIUM"
    },
    {
      "quarter": "2024-06 (Q2)",
      "signal": "YoY REVENUE GROWTH ACCELERATION",
      "detail": "YoY growth: -2.1% vs prior quarter YoY: -21.1% (accel: +19.0%)",
      "severity": "HIGH"
    },
    {
      "quarter": "2023-12 (Q4)",
      "signal": "FCF TURNED POSITIVE",
      "detail": "FCF margin: -2.3% -> +9.2%",
      "severity": "HIGH"
    },
    {
      "quarter": "2023-12 (Q4)",
      "signal": "YoY REVENUE GROWTH DECELERATION",
      "detail": "YoY growth: -25.2% vs prior quarter YoY: -12.0% (decel: -13.2%)",
      "severity": "WARNING"
    },
    {
      "quarter": "2023-06 (Q2)",
      "signal": "FCF MARGIN EXPANSION",
      "detail": "FCF margin: +22.8% -> +32.5% (+9.8%)",
      "severity": "MEDIUM"
    },
    {
      "quarter": "2023-06 (Q2)",
      "signal": "YoY REVENUE GROWTH DECELERATION",
      "detail": "YoY growth: -13.3% vs prior quarter YoY: +11.8% (decel: -25.1%)",
      "severity": "WARNING"
    },
    {
      "quarter": "2023-03 (Q1)",
      "signal": "FCF TURNED POSITIVE",
      "detail": "FCF margin: -6.0% -> +22.8%",
      "severity": "HIGH"
    },
    {
      "quarter": "2023-03 (Q1)",
      "signal": "YoY REVENUE GROWTH DECELERATION",
      "detail": "YoY growth: +11.8% vs prior quarter YoY: +40.7% (decel: -28.8%)",
      "severity": "WARNING"
    },
    {
      "quarter": "2022-12 (Q4)",
      "signal": "FCF MARGIN EXPANSION",
      "detail": "FCF margin: -26.0% -> -6.0% (+20.0%)",
      "severity": "MEDIUM"
    },
    {
      "quarter": "2022-12 (Q4)",
      "signal": "YoY REVENUE GROWTH ACCELERATION",
      "detail": "YoY growth: +40.7% vs prior quarter YoY: +21.6% (accel: +19.1%)",
      "severity": "HIGH"
    },
    {
      "quarter": "2022-09 (Q3)",
      "signal": "YoY REVENUE GROWTH DECELERATION",
      "detail": "YoY growth: +21.6% vs prior quarter YoY: +27.3% (decel: -5.7%)",
      "severity": "WARNING"
    },
    {
      "quarter": "2022-03 (Q1)",
      "signal": "FCF TURNED POSITIVE",
      "detail": "FCF margin: -17.7% -> +15.5%",
      "severity": "HIGH"
    },
    {
      "quarter": "2022-03 (Q1)",
      "signal": "YoY REVENUE GROWTH ACCELERATION",
      "detail": "YoY growth: +30.0% vs prior quarter YoY: +15.7% (accel: +14.4%)",
      "severity": "MEDIUM"
    },
    {
      "quarter": "2021-06 (Q2)",
      "signal": "FCF MARGIN EXPANSION",
      "detail": "FCF margin: -84.0% -> -10.0% (+74.0%)",
      "severity": "MEDIUM"
    }
  ],
  "data_quality": {
    "n_quarters": 20,
    "coverage": {
      "revenue": [
        20,
        20
      ],
      "gross_profit": [
        0,
        20
      ],
      "op_income": [
        20,
        20
      ],
      "fcf": [
        20,
        20
      ]
    },
    "gaps": [],
    "warnings": [
      "gross_profit: no data"
    ]
  },
  "market_cap": null,
  "source": "SEC EDGAR",
  "last_updated": "2026-02-02T20:59:22.502692",
  "sector": "Utilities",
  "industry": "Utilities - Regulated Gas"
}