{
  "ticker": "BKKT-WT",
  "name": "Bakkt Holdings, Inc.",
  "quarters": [
    {
      "date": "2021-03-31T00:00:00",
      "quarter_label": "2021-03 (Q1)",
      "revenue": 8145000,
      "gross_profit": null,
      "operating_income": -2393428,
      "net_income": -33671616,
      "opex": 2393428,
      "cogs": null,
      "rd": null,
      "sga": null,
      "fcf": -974000,
      "ocf": -974000,
      "capex": null,
      "gross_margin": null,
      "op_margin": -0.2938524248004911,
      "fcf_margin": -0.11958256599140576
    },
    {
      "date": "2021-06-30T00:00:00",
      "quarter_label": "2021-06 (Q2)",
      "revenue": 8486000,
      "gross_profit": null,
      "operating_income": -1187371,
      "net_income": 21269658,
      "opex": 39811000,
      "cogs": null,
      "rd": null,
      "sga": null,
      "fcf": -17688000,
      "ocf": -17688000,
      "capex": null,
      "gross_margin": null,
      "op_margin": -0.13992116427056328,
      "fcf_margin": -2.0843742634928115,
      "op_leverage_ratio": 0.0026779844736309314,
      "fcf_margin_change": -1.9647916975014057
    },
    {
      "date": "2021-09-30T00:00:00",
      "quarter_label": "2021-09 (Q3)",
      "revenue": 9142000,
      "gross_profit": null,
      "operating_income": -2241776,
      "net_income": -483148,
      "opex": 39004000,
      "cogs": null,
      "rd": null,
      "sga": null,
      "fcf": -25115000,
      "ocf": -25115000,
      "capex": null,
      "gross_margin": null,
      "op_margin": -0.24521723911616713,
      "fcf_margin": -2.747210676000875,
      "op_leverage_ratio": Infinity,
      "fcf_margin_change": -0.6628364125080637
    },
    {
      "date": "2021-12-31T00:00:00",
      "quarter_label": "2021-12 (Q4)",
      "revenue": 11481000,
      "gross_profit": null,
      "operating_income": -74546000,
      "net_income": -43995000,
      "opex": 86027000,
      "cogs": null,
      "rd": null,
      "sga": null,
      "fcf": -83387000,
      "ocf": -83387000,
      "capex": null,
      "gross_margin": null,
      "op_margin": -6.492988415643237,
      "fcf_margin": -7.263043288912115,
      "op_leverage_ratio": 0.2122207375693997,
      "fcf_margin_change": -4.51583261291124
    },
    {
      "date": "2022-03-31T00:00:00",
      "quarter_label": "2022-03 (Q1)",
      "revenue": 12532000,
      "gross_profit": null,
      "operating_income": -48486000,
      "net_income": -7128000,
      "opex": 61018000,
      "cogs": null,
      "rd": null,
      "sga": null,
      "fcf": -33156000,
      "ocf": -33156000,
      "capex": null,
      "gross_margin": null,
      "op_margin": -3.8689754229173317,
      "fcf_margin": -2.6457069901053303,
      "incr_op_margin_yoy": -10.506626852062913,
      "rev_growth_yoy": 0.5386126457949663,
      "op_leverage_ratio": Infinity,
      "fcf_margin_change": 4.617336298806785
    },
    {
      "date": "2022-06-30T00:00:00",
      "quarter_label": "2022-06 (Q2)",
      "revenue": 13572000,
      "gross_profit": null,
      "operating_income": -43551000,
      "net_income": -3897000,
      "opex": 57123000,
      "cogs": null,
      "rd": null,
      "sga": null,
      "fcf": -27274000,
      "ocf": -27274000,
      "capex": null,
      "gross_margin": null,
      "op_margin": -3.2088859416445623,
      "fcf_margin": -2.0095785440613025,
      "incr_op_margin_yoy": -8.329459103421156,
      "rev_growth_yoy": 0.5993400895592741,
      "rev_growth_yoy_accel": 0.06072744376430783,
      "op_leverage_ratio": Infinity,
      "fcf_margin_change": 0.6361284460440277
    },
    {
      "date": "2022-09-30T00:00:00",
      "quarter_label": "2022-09 (Q3)",
      "revenue": 12860000,
      "gross_profit": null,
      "operating_income": -1594901000,
      "net_income": -468132000,
      "opex": 1607761000,
      "cogs": null,
      "rd": null,
      "sga": null,
      "fcf": -33475000,
      "ocf": -33475000,
      "capex": null,
      "gross_margin": null,
      "op_margin": -124.02029548989114,
      "fcf_margin": -2.60303265940902,
      "incr_op_margin_yoy": -428.3645034965035,
      "rev_growth_yoy": 0.4066943775978998,
      "rev_growth_yoy_accel": -0.1926457119613743,
      "fcf_margin_change": -0.5934541153477175
    },
    {
      "date": "2022-12-31T00:00:00",
      "quarter_label": "2022-12 (Q4)",
      "revenue": 15603000,
      "gross_profit": null,
      "operating_income": -331976000,
      "net_income": -98948000,
      "opex": 347579000,
      "cogs": null,
      "rd": null,
      "sga": null,
      "fcf": -23692000,
      "ocf": -23692000,
      "capex": null,
      "gross_margin": null,
      "op_margin": -21.27642120105108,
      "fcf_margin": -1.5184259437287702,
      "incr_op_margin_yoy": -62.45269286754003,
      "rev_growth_yoy": 0.35902795923700026,
      "rev_growth_yoy_accel": -0.04766641836089952,
      "op_leverage_ratio": Infinity,
      "fcf_margin_change": 1.08460671568025
    },
    {
      "date": "2023-03-31T00:00:00",
      "quarter_label": "2023-03 (Q1)",
      "revenue": 12986000,
      "gross_profit": null,
      "operating_income": -45448000,
      "net_income": -13976000,
      "opex": 58434000,
      "cogs": null,
      "rd": null,
      "sga": null,
      "fcf": -47241000,
      "ocf": -47241000,
      "capex": null,
      "gross_margin": null,
      "op_margin": -3.4997689819805946,
      "fcf_margin": -3.637840751578623,
      "rev_growth_yoy": 0.03622725821895947,
      "rev_growth_yoy_accel": -0.3228007010180408,
      "fcf_margin_change": -2.1194148078498527
    },
    {
      "date": "2023-06-30T00:00:00",
      "quarter_label": "2023-06 (Q2)",
      "revenue": 347629000,
      "gross_profit": null,
      "operating_income": -51088000,
      "net_income": -16848000,
      "opex": 398717000,
      "cogs": null,
      "rd": null,
      "sga": null,
      "fcf": -31245000,
      "ocf": -31245000,
      "capex": null,
      "gross_margin": null,
      "op_margin": -0.14696127193070774,
      "fcf_margin": -0.08988030342692928,
      "incr_op_margin_yoy": -0.022562017859227616,
      "rev_growth_yoy": 24.613689949896848,
      "rev_growth_yoy_accel": 24.577462691677887,
      "op_leverage_ratio": 4.425187833176891,
      "fcf_margin_change": 3.5479604481516938
    },
    {
      "date": "2023-09-30T00:00:00",
      "quarter_label": "2023-09 (Q3)",
      "revenue": 204774000,
      "gross_profit": null,
      "operating_income": -52860000,
      "net_income": -17331000,
      "opex": 257634000,
      "cogs": null,
      "rd": null,
      "sga": null,
      "fcf": 24595000,
      "ocf": 24595000,
      "capex": null,
      "gross_margin": null,
      "op_margin": -0.2581382402062762,
      "fcf_margin": 0.12010802152617031,
      "incr_op_margin_yoy": 8.03506258011401,
      "rev_growth_yoy": 14.923328149300156,
      "rev_growth_yoy_accel": -9.690361800596692,
      "fcf_margin_change": 0.2099883249530996
    },
    {
      "date": "2023-12-31T00:00:00",
      "quarter_label": "2023-12 (Q4)",
      "revenue": 214514000,
      "gross_profit": null,
      "operating_income": -78494000,
      "net_income": -26699000,
      "opex": 293008000,
      "cogs": null,
      "rd": null,
      "sga": null,
      "fcf": -6806000,
      "ocf": -6806000,
      "capex": null,
      "gross_margin": null,
      "op_margin": -0.3659155113419171,
      "fcf_margin": -0.03172753293491334,
      "incr_op_margin_yoy": 1.274348829375952,
      "rev_growth_yoy": 12.748253540985708,
      "rev_growth_yoy_accel": -2.175074608314448,
      "op_leverage_ratio": 0.3464201520780553,
      "fcf_margin_change": -0.15183555446108365
    },
    {
      "date": "2024-03-31T00:00:00",
      "quarter_label": "2024-03 (Q1)",
      "revenue": 854582000,
      "gross_profit": null,
      "operating_income": -31837000,
      "net_income": -8165000,
      "opex": 886419000,
      "cogs": null,
      "rd": null,
      "sga": null,
      "fcf": 38353000,
      "ocf": 38353000,
      "capex": null,
      "gross_margin": null,
      "op_margin": -0.03725447060668256,
      "fcf_margin": 0.04487925090863135,
      "incr_op_margin_yoy": 0.01617284302682047,
      "rev_growth_yoy": 64.80794701986756,
      "rev_growth_yoy_accel": 52.05969347888185,
      "op_leverage_ratio": 1.4733107568171102,
      "fcf_margin_change": 0.07660678384354469
    },
    {
      "date": "2024-06-30T00:00:00",
      "quarter_label": "2024-06 (Q2)",
      "revenue": 509898000,
      "gross_profit": null,
      "operating_income": -22017000,
      "net_income": -16424000,
      "opex": 531915000,
      "cogs": null,
      "rd": null,
      "sga": null,
      "fcf": -65893000,
      "ocf": -65893000,
      "capex": null,
      "gross_margin": null,
      "op_margin": -0.04317922408011014,
      "fcf_margin": -0.12922780634558284,
      "incr_op_margin_yoy": 0.17915313460981458,
      "rev_growth_yoy": 0.46678786867608857,
      "rev_growth_yoy_accel": -64.34115915119146,
      "fcf_margin_change": -0.1741070572542142
    },
    {
      "date": "2024-09-30T00:00:00",
      "quarter_label": "2024-09 (Q3)",
      "revenue": 328419000,
      "gross_profit": null,
      "operating_income": -27383000,
      "net_income": -2893000,
      "opex": 355802000,
      "cogs": null,
      "rd": null,
      "sga": null,
      "fcf": -25065000,
      "ocf": -25065000,
      "capex": null,
      "gross_margin": null,
      "op_margin": -0.08337824547300857,
      "fcf_margin": -0.07632018853963991,
      "incr_op_margin_yoy": 0.2060495774192244,
      "rev_growth_yoy": 0.6038120073837498,
      "rev_growth_yoy_accel": 0.13702413870766128,
      "fcf_margin_change": 0.05290761780594293
    },
    {
      "date": "2024-12-31T00:00:00",
      "quarter_label": "2024-12 (Q4)",
      "revenue": 1797321000,
      "gross_profit": null,
      "operating_income": -11679000,
      "net_income": -19179000,
      "opex": 1809000000,
      "cogs": null,
      "rd": null,
      "sga": null,
      "fcf": 31402000,
      "ocf": 31402000,
      "capex": null,
      "gross_margin": null,
      "op_margin": -0.006498004530075596,
      "fcf_margin": 0.017471559059288797,
      "incr_op_margin_yoy": 0.042212979851618045,
      "rev_growth_yoy": 7.378572027932909,
      "rev_growth_yoy_accel": 6.7747600205491585,
      "op_leverage_ratio": 1.0950857842715125,
      "fcf_margin_change": 0.09379174759892871
    },
    {
      "date": "2025-03-31T00:00:00",
      "quarter_label": "2025-03 (Q1)",
      "revenue": 1074910000,
      "gross_profit": null,
      "operating_income": -18520000,
      "net_income": 7710000,
      "opex": 1093430000,
      "cogs": null,
      "rd": null,
      "sga": null,
      "fcf": -101281000,
      "ocf": -101281000,
      "capex": null,
      "gross_margin": null,
      "op_margin": -0.017229349433906093,
      "fcf_margin": -0.0942227721390628,
      "incr_op_margin_yoy": 0.060441705094223155,
      "rev_growth_yoy": 0.2578196123952997,
      "rev_growth_yoy_accel": -7.120752415537609,
      "fcf_margin_change": -0.11169433119835159
    },
    {
      "date": "2025-06-30T00:00:00",
      "quarter_label": "2025-06 (Q2)",
      "revenue": 577882000,
      "gross_profit": null,
      "operating_income": -18489000,
      "net_income": -14734000,
      "opex": 596371000,
      "cogs": null,
      "rd": null,
      "sga": null,
      "fcf": 5352000,
      "ocf": 5352000,
      "capex": null,
      "gross_margin": null,
      "op_margin": -0.03199442100636462,
      "fcf_margin": 0.00926140630786216,
      "incr_op_margin_yoy": 0.051894563426688634,
      "rev_growth_yoy": 0.13332862650961566,
      "rev_growth_yoy_accel": -0.12449098588568405,
      "fcf_margin_change": 0.10348417844692495
    }
  ],
  "signals": [
    {
      "quarter": "2025-06 (Q2)",
      "signal": "FCF TURNED POSITIVE",
      "detail": "FCF margin: -9.4% -> +0.9%",
      "severity": "HIGH"
    },
    {
      "quarter": "2025-06 (Q2)",
      "signal": "YoY REVENUE GROWTH DECELERATION",
      "detail": "YoY growth: +13.3% vs prior quarter YoY: +25.8% (decel: -12.4%)",
      "severity": "WARNING"
    },
    {
      "quarter": "2025-03 (Q1)",
      "signal": "YoY REVENUE GROWTH DECELERATION",
      "detail": "YoY growth: +25.8% vs prior quarter YoY: +737.9% (decel: -712.1%)",
      "severity": "WARNING"
    },
    {
      "quarter": "2024-12 (Q4)",
      "signal": "FCF TURNED POSITIVE",
      "detail": "FCF margin: -7.6% -> +1.7%",
      "severity": "HIGH"
    },
    {
      "quarter": "2024-12 (Q4)",
      "signal": "YoY REVENUE GROWTH ACCELERATION",
      "detail": "YoY growth: +737.9% vs prior quarter YoY: +60.4% (accel: +677.5%)",
      "severity": "HIGH"
    },
    {
      "quarter": "2024-09 (Q3)",
      "signal": "FCF MARGIN EXPANSION",
      "detail": "FCF margin: -12.9% -> -7.6% (+5.3%)",
      "severity": "MEDIUM"
    },
    {
      "quarter": "2024-09 (Q3)",
      "signal": "YoY REVENUE GROWTH ACCELERATION",
      "detail": "YoY growth: +60.4% vs prior quarter YoY: +46.7% (accel: +13.7%)",
      "severity": "MEDIUM"
    },
    {
      "quarter": "2024-06 (Q2)",
      "signal": "YoY REVENUE GROWTH DECELERATION",
      "detail": "YoY growth: +46.7% vs prior quarter YoY: +6480.8% (decel: -6434.1%)",
      "severity": "WARNING"
    },
    {
      "quarter": "2024-03 (Q1)",
      "signal": "FCF TURNED POSITIVE",
      "detail": "FCF margin: -3.2% -> +4.5%",
      "severity": "HIGH"
    },
    {
      "quarter": "2024-03 (Q1)",
      "signal": "YoY REVENUE GROWTH ACCELERATION",
      "detail": "YoY growth: +6480.8% vs prior quarter YoY: +1274.8% (accel: +5206.0%)",
      "severity": "HIGH"
    },
    {
      "quarter": "2023-12 (Q4)",
      "signal": "YoY REVENUE GROWTH DECELERATION",
      "detail": "YoY growth: +1274.8% vs prior quarter YoY: +1492.3% (decel: -217.5%)",
      "severity": "WARNING"
    },
    {
      "quarter": "2023-09 (Q3)",
      "signal": "FCF TURNED POSITIVE",
      "detail": "FCF margin: -9.0% -> +12.0%",
      "severity": "HIGH"
    },
    {
      "quarter": "2023-09 (Q3)",
      "signal": "YoY REVENUE GROWTH DECELERATION",
      "detail": "YoY growth: +1492.3% vs prior quarter YoY: +2461.4% (decel: -969.0%)",
      "severity": "WARNING"
    },
    {
      "quarter": "2023-06 (Q2)",
      "signal": "FCF MARGIN EXPANSION",
      "detail": "FCF margin: -363.8% -> -9.0% (+354.8%)",
      "severity": "MEDIUM"
    },
    {
      "quarter": "2023-06 (Q2)",
      "signal": "OPERATING LEVERAGE",
      "detail": "Rev growth +2577.0% vs OpEx growth +582.3% (leverage: 4.4x)",
      "severity": "MEDIUM"
    },
    {
      "quarter": "2023-06 (Q2)",
      "signal": "YoY REVENUE GROWTH ACCELERATION",
      "detail": "YoY growth: +2461.4% vs prior quarter YoY: +3.6% (accel: +2457.7%)",
      "severity": "HIGH"
    },
    {
      "quarter": "2023-03 (Q1)",
      "signal": "YoY REVENUE GROWTH DECELERATION",
      "detail": "YoY growth: +3.6% vs prior quarter YoY: +35.9% (decel: -32.3%)",
      "severity": "WARNING"
    },
    {
      "quarter": "2022-12 (Q4)",
      "signal": "FCF MARGIN EXPANSION",
      "detail": "FCF margin: -260.3% -> -151.8% (+108.5%)",
      "severity": "MEDIUM"
    },
    {
      "quarter": "2022-09 (Q3)",
      "signal": "YoY REVENUE GROWTH DECELERATION",
      "detail": "YoY growth: +40.7% vs prior quarter YoY: +59.9% (decel: -19.3%)",
      "severity": "WARNING"
    },
    {
      "quarter": "2022-06 (Q2)",
      "signal": "FCF MARGIN EXPANSION",
      "detail": "FCF margin: -264.6% -> -201.0% (+63.6%)",
      "severity": "MEDIUM"
    },
    {
      "quarter": "2022-06 (Q2)",
      "signal": "YoY REVENUE GROWTH ACCELERATION",
      "detail": "YoY growth: +59.9% vs prior quarter YoY: +53.9% (accel: +6.1%)",
      "severity": "MEDIUM"
    },
    {
      "quarter": "2022-03 (Q1)",
      "signal": "FCF MARGIN EXPANSION",
      "detail": "FCF margin: -726.3% -> -264.6% (+461.7%)",
      "severity": "MEDIUM"
    }
  ],
  "data_quality": {
    "n_quarters": 18,
    "coverage": {
      "revenue": [
        18,
        18
      ],
      "gross_profit": [
        0,
        18
      ],
      "op_income": [
        18,
        18
      ],
      "fcf": [
        18,
        18
      ]
    },
    "gaps": [],
    "warnings": [
      "gross_profit: no data"
    ]
  },
  "market_cap": null,
  "source": "SEC EDGAR",
  "last_updated": "2026-02-03T01:11:41.134358"
}