{
  "ticker": "BKNG",
  "name": "Booking Holdings Inc.",
  "quarters": [
    {
      "date": "2020-12-31T00:00:00",
      "quarter_label": "2020-12 (Q4)",
      "revenue": 1238000000,
      "gross_profit": null,
      "operating_income": -153000000,
      "net_income": null,
      "opex": 1391000000,
      "cogs": null,
      "rd": null,
      "sga": null,
      "fcf": -641000000,
      "ocf": -577000000,
      "capex": -64000000,
      "gross_margin": null,
      "op_margin": -0.12358642972536349,
      "fcf_margin": -0.5177705977382876
    },
    {
      "date": "2021-03-31T00:00:00",
      "quarter_label": "2021-03 (Q1)",
      "revenue": 1141000000,
      "gross_profit": null,
      "operating_income": -311000000,
      "net_income": null,
      "opex": 1452000000,
      "cogs": null,
      "rd": null,
      "sga": null,
      "fcf": -272000000,
      "ocf": -207000000,
      "capex": -65000000,
      "gross_margin": null,
      "op_margin": -0.27256792287467135,
      "fcf_margin": -0.23838737949167396,
      "fcf_margin_change": 0.2793832182466136
    },
    {
      "date": "2021-06-30T00:00:00",
      "quarter_label": "2021-06 (Q2)",
      "revenue": 2160000000,
      "gross_profit": null,
      "operating_income": -56000000,
      "net_income": null,
      "opex": 2216000000,
      "cogs": null,
      "rd": null,
      "sga": null,
      "fcf": 1093000000,
      "ocf": 1152000000,
      "capex": -59000000,
      "gross_margin": null,
      "op_margin": -0.025925925925925925,
      "fcf_margin": 0.5060185185185185,
      "op_leverage_ratio": 1.6973124521064007,
      "fcf_margin_change": 0.7444058980101925
    },
    {
      "date": "2021-09-30T00:00:00",
      "quarter_label": "2021-09 (Q3)",
      "revenue": 4676000000,
      "gross_profit": null,
      "operating_income": 2015000000,
      "net_income": null,
      "opex": 2661000000,
      "cogs": null,
      "rd": null,
      "sga": null,
      "fcf": 1517000000,
      "ocf": 1596000000,
      "capex": -79000000,
      "gross_margin": null,
      "op_margin": 0.43092386655260906,
      "fcf_margin": 0.3244225834046193,
      "op_leverage_ratio": 5.800516021639617,
      "fcf_margin_change": -0.1815959351138992
    },
    {
      "date": "2021-12-31T00:00:00",
      "quarter_label": "2021-12 (Q4)",
      "revenue": 2981000000,
      "gross_profit": null,
      "operating_income": 848000000,
      "net_income": null,
      "opex": 2133000000,
      "cogs": null,
      "rd": null,
      "sga": null,
      "fcf": 178000000,
      "ocf": 279000000,
      "capex": -101000000,
      "gross_margin": null,
      "op_margin": 0.28446829922844685,
      "fcf_margin": 0.05971150620597115,
      "incr_op_margin_yoy": 0.5742971887550201,
      "rev_growth_yoy": 1.4079159935379644,
      "fcf_margin_change": -0.26471107719864817
    },
    {
      "date": "2022-03-31T00:00:00",
      "quarter_label": "2022-03 (Q1)",
      "revenue": 2695000000,
      "gross_profit": null,
      "operating_income": 174000000,
      "net_income": null,
      "opex": 2521000000,
      "cogs": null,
      "rd": null,
      "sga": null,
      "fcf": 1586000000,
      "ocf": 1695000000,
      "capex": -109000000,
      "gross_margin": null,
      "op_margin": 0.06456400742115027,
      "fcf_margin": 0.5884972170686457,
      "incr_op_margin_yoy": 0.3120978120978121,
      "rev_growth_yoy": 1.361963190184049,
      "rev_growth_yoy_accel": -0.045952803353915384,
      "fcf_margin_change": 0.5287857108626746
    },
    {
      "date": "2022-06-30T00:00:00",
      "quarter_label": "2022-06 (Q2)",
      "revenue": 4294000000,
      "gross_profit": null,
      "operating_income": 1000000000,
      "net_income": null,
      "opex": 3294000000,
      "cogs": null,
      "rd": null,
      "sga": null,
      "fcf": 2598000000,
      "ocf": 2684000000,
      "capex": -86000000,
      "gross_margin": null,
      "op_margin": 0.2328830926874709,
      "fcf_margin": 0.6050302748020494,
      "incr_op_margin_yoy": 0.4948453608247423,
      "rev_growth_yoy": 0.9879629629629629,
      "rev_growth_yoy_accel": -0.37400022722108606,
      "op_leverage_ratio": 1.935009252436715,
      "fcf_margin_change": 0.016533057733403744
    },
    {
      "date": "2022-09-30T00:00:00",
      "quarter_label": "2022-09 (Q3)",
      "revenue": 6052000000,
      "gross_profit": null,
      "operating_income": 2583000000,
      "net_income": null,
      "opex": 3469000000,
      "cogs": null,
      "rd": null,
      "sga": null,
      "fcf": -96000000,
      "ocf": 2000000,
      "capex": -98000000,
      "gross_margin": null,
      "op_margin": 0.42680105750165237,
      "fcf_margin": -0.015862524785194978,
      "incr_op_margin_yoy": 0.4127906976744186,
      "rev_growth_yoy": 0.29426860564585117,
      "rev_growth_yoy_accel": -0.6936943573171117,
      "op_leverage_ratio": 7.706237274602436,
      "fcf_margin_change": -0.6208927995872444
    },
    {
      "date": "2022-12-31T00:00:00",
      "quarter_label": "2022-12 (Q4)",
      "revenue": 4049000000,
      "gross_profit": null,
      "operating_income": 1345000000,
      "net_income": null,
      "opex": 2704000000,
      "cogs": null,
      "rd": null,
      "sga": null,
      "fcf": 2098000000,
      "ocf": 2173000000,
      "capex": -75000000,
      "gross_margin": null,
      "op_margin": 0.33218078537910595,
      "fcf_margin": 0.5181526302790812,
      "incr_op_margin_yoy": 0.4653558052434457,
      "rev_growth_yoy": 0.3582690372358269,
      "rev_growth_yoy_accel": 0.06400043158997576,
      "fcf_margin_change": 0.5340151550642762
    },
    {
      "date": "2023-03-31T00:00:00",
      "quarter_label": "2023-03 (Q1)",
      "revenue": 3778000000,
      "gross_profit": null,
      "operating_income": 450000000,
      "net_income": null,
      "opex": 3328000000,
      "cogs": null,
      "rd": null,
      "sga": null,
      "fcf": 2801000000,
      "ocf": 2889000000,
      "capex": -88000000,
      "gross_margin": null,
      "op_margin": 0.11911064055055585,
      "fcf_margin": 0.7413975648491266,
      "incr_op_margin_yoy": 0.2548476454293629,
      "rev_growth_yoy": 0.4018552875695733,
      "rev_growth_yoy_accel": 0.04358625033374636,
      "fcf_margin_change": 0.22324493457004535
    },
    {
      "date": "2023-06-30T00:00:00",
      "quarter_label": "2023-06 (Q2)",
      "revenue": 5462000000,
      "gross_profit": null,
      "operating_income": 1673000000,
      "net_income": null,
      "opex": 3789000000,
      "cogs": null,
      "rd": null,
      "sga": null,
      "fcf": 1645000000,
      "ocf": 1737000000,
      "capex": -92000000,
      "gross_margin": null,
      "op_margin": 0.3062980593189308,
      "fcf_margin": 0.3011717319663127,
      "incr_op_margin_yoy": 0.5761986301369864,
      "rev_growth_yoy": 0.272007452258966,
      "rev_growth_yoy_accel": -0.12984783531060728,
      "op_leverage_ratio": 3.217825772912937,
      "fcf_margin_change": -0.44022583288281386
    },
    {
      "date": "2023-09-30T00:00:00",
      "quarter_label": "2023-09 (Q3)",
      "revenue": 7341000000,
      "gross_profit": null,
      "operating_income": 3103000000,
      "net_income": null,
      "opex": 4238000000,
      "cogs": null,
      "rd": null,
      "sga": null,
      "fcf": 1301000000,
      "ocf": 1372000000,
      "capex": -71000000,
      "gross_margin": null,
      "op_margin": 0.42269445579621306,
      "fcf_margin": 0.177223811469827,
      "incr_op_margin_yoy": 0.4034134988363072,
      "rev_growth_yoy": 0.21298744216787838,
      "rev_growth_yoy_accel": -0.05902001009108762,
      "op_leverage_ratio": 2.90304219719316,
      "fcf_margin_change": -0.1239479204964857
    },
    {
      "date": "2023-12-31T00:00:00",
      "quarter_label": "2023-12 (Q4)",
      "revenue": 4784000000,
      "gross_profit": null,
      "operating_income": 609000000,
      "net_income": null,
      "opex": 4175000000,
      "cogs": null,
      "rd": null,
      "sga": null,
      "fcf": 1252000000,
      "ocf": 1346000000,
      "capex": -94000000,
      "gross_margin": null,
      "op_margin": 0.12729933110367894,
      "fcf_margin": 0.2617056856187291,
      "incr_op_margin_yoy": -1.0013605442176872,
      "rev_growth_yoy": 0.18152630279081255,
      "rev_growth_yoy_accel": -0.03146113937706582,
      "fcf_margin_change": 0.0844818741489021
    },
    {
      "date": "2024-03-31T00:00:00",
      "quarter_label": "2024-03 (Q1)",
      "revenue": 4415000000,
      "gross_profit": null,
      "operating_income": 791000000,
      "net_income": null,
      "opex": 3624000000,
      "cogs": null,
      "rd": null,
      "sga": null,
      "fcf": 2574000000,
      "ocf": 2704000000,
      "capex": -130000000,
      "gross_margin": null,
      "op_margin": 0.17916194790486975,
      "fcf_margin": 0.5830124575311438,
      "incr_op_margin_yoy": 0.5353218210361067,
      "rev_growth_yoy": 0.16860772895712017,
      "rev_growth_yoy_accel": -0.012918573833692382,
      "fcf_margin_change": 0.32130677191241475
    },
    {
      "date": "2024-06-30T00:00:00",
      "quarter_label": "2024-06 (Q2)",
      "revenue": 5859000000,
      "gross_profit": null,
      "operating_income": 1856000000,
      "net_income": null,
      "opex": 4003000000,
      "cogs": null,
      "rd": null,
      "sga": null,
      "fcf": 2379000000,
      "ocf": 2525000000,
      "capex": -146000000,
      "gross_margin": null,
      "op_margin": 0.31677760710018776,
      "fcf_margin": 0.40604198668714797,
      "incr_op_margin_yoy": 0.4609571788413098,
      "rev_growth_yoy": 0.07268399853533504,
      "rev_growth_yoy_accel": -0.09592373042178513,
      "op_leverage_ratio": 3.1274146364785436,
      "fcf_margin_change": -0.17697047084399586
    },
    {
      "date": "2024-09-30T00:00:00",
      "quarter_label": "2024-09 (Q3)",
      "revenue": 7994000000,
      "gross_profit": null,
      "operating_income": 3179000000,
      "net_income": null,
      "opex": 4815000000,
      "cogs": null,
      "rd": null,
      "sga": null,
      "fcf": 2296000000,
      "ocf": 2373000000,
      "capex": -77000000,
      "gross_margin": null,
      "op_margin": 0.3976732549412059,
      "fcf_margin": 0.287215411558669,
      "incr_op_margin_yoy": 0.11638591117917305,
      "rev_growth_yoy": 0.08895245879307996,
      "rev_growth_yoy_accel": 0.01626846025774492,
      "op_leverage_ratio": 1.7964037054693338,
      "fcf_margin_change": -0.118826575128479
    },
    {
      "date": "2024-12-31T00:00:00",
      "quarter_label": "2024-12 (Q4)",
      "revenue": 5471000000,
      "gross_profit": null,
      "operating_income": 1729000000,
      "net_income": null,
      "opex": 3742000000,
      "cogs": null,
      "rd": null,
      "sga": null,
      "fcf": 645000000,
      "ocf": 721000000,
      "capex": -76000000,
      "gross_margin": null,
      "op_margin": 0.31602997623834767,
      "fcf_margin": 0.11789435203801864,
      "incr_op_margin_yoy": 1.6302765647743813,
      "rev_growth_yoy": 0.1436036789297659,
      "rev_growth_yoy_accel": 0.05465122013668593,
      "fcf_margin_change": -0.16932105952065035
    },
    {
      "date": "2025-03-31T00:00:00",
      "quarter_label": "2025-03 (Q1)",
      "revenue": 4762000000,
      "gross_profit": null,
      "operating_income": 1062000000,
      "net_income": null,
      "opex": 3700000000,
      "cogs": null,
      "rd": null,
      "sga": null,
      "fcf": 3162000000,
      "ocf": 3283000000,
      "capex": -121000000,
      "gross_margin": null,
      "op_margin": 0.2230155396892062,
      "fcf_margin": 0.6640067198656027,
      "incr_op_margin_yoy": 0.7809798270893372,
      "rev_growth_yoy": 0.07859569648924122,
      "rev_growth_yoy_accel": -0.06500798244052466,
      "fcf_margin_change": 0.546112367827584
    },
    {
      "date": "2025-06-30T00:00:00",
      "quarter_label": "2025-06 (Q2)",
      "revenue": 6798000000,
      "gross_profit": null,
      "operating_income": 2250000000,
      "net_income": null,
      "opex": 4548000000,
      "cogs": null,
      "rd": null,
      "sga": null,
      "fcf": 3137000000,
      "ocf": 3201000000,
      "capex": -64000000,
      "gross_margin": null,
      "op_margin": 0.33097969991173876,
      "fcf_margin": 0.46145925272138866,
      "incr_op_margin_yoy": 0.41959531416400425,
      "rev_growth_yoy": 0.16026625704045058,
      "rev_growth_yoy_accel": 0.08167056055120936,
      "op_leverage_ratio": 1.8654957089537456,
      "fcf_margin_change": -0.202547467144214
    },
    {
      "date": "2025-09-30T00:00:00",
      "quarter_label": "2025-09 (Q3)",
      "revenue": 9008000000,
      "gross_profit": null,
      "operating_income": 3483000000,
      "net_income": null,
      "opex": 5525000000,
      "cogs": null,
      "rd": null,
      "sga": null,
      "fcf": 1371000000,
      "ocf": 1435000000,
      "capex": -64000000,
      "gross_margin": null,
      "op_margin": 0.3866563055062167,
      "fcf_margin": 0.1521980461811723,
      "incr_op_margin_yoy": 0.29980276134122286,
      "rev_growth_yoy": 0.1268451338503878,
      "rev_growth_yoy_accel": -0.033421123190062796,
      "op_leverage_ratio": 1.5133417228199155,
      "fcf_margin_change": -0.3092612065402164
    }
  ],
  "signals": [
    {
      "quarter": "2025-09 (Q3)",
      "signal": "OPERATING LEVERAGE",
      "detail": "Rev growth +32.5% vs OpEx growth +21.5% (leverage: 1.5x)",
      "severity": "MEDIUM"
    },
    {
      "quarter": "2025-06 (Q2)",
      "signal": "OPERATING LEVERAGE",
      "detail": "Rev growth +42.8% vs OpEx growth +22.9% (leverage: 1.9x)",
      "severity": "MEDIUM"
    },
    {
      "quarter": "2025-06 (Q2)",
      "signal": "YoY REVENUE GROWTH ACCELERATION",
      "detail": "YoY growth: +16.0% vs prior quarter YoY: +7.9% (accel: +8.2%)",
      "severity": "MEDIUM"
    },
    {
      "quarter": "2025-06 (Q2)",
      "signal": "INCREMENTAL MARGIN (YoY)",
      "detail": "YoY Incr OPM: +42.0% vs year-ago OPM: +31.7%",
      "severity": "MEDIUM"
    },
    {
      "quarter": "2025-03 (Q1)",
      "signal": "FCF MARGIN EXPANSION",
      "detail": "FCF margin: +11.8% -> +66.4% (+54.6%)",
      "severity": "MEDIUM"
    },
    {
      "quarter": "2025-03 (Q1)",
      "signal": "YoY REVENUE GROWTH DECELERATION",
      "detail": "YoY growth: +7.9% vs prior quarter YoY: +14.4% (decel: -6.5%)",
      "severity": "WARNING"
    },
    {
      "quarter": "2025-03 (Q1)",
      "signal": "INCREMENTAL MARGIN (YoY)",
      "detail": "YoY Incr OPM: +78.1% vs year-ago OPM: +17.9%",
      "severity": "HIGH"
    },
    {
      "quarter": "2024-12 (Q4)",
      "signal": "YoY REVENUE GROWTH ACCELERATION",
      "detail": "YoY growth: +14.4% vs prior quarter YoY: +8.9% (accel: +5.5%)",
      "severity": "MEDIUM"
    },
    {
      "quarter": "2024-12 (Q4)",
      "signal": "INCREMENTAL MARGIN (YoY)",
      "detail": "YoY Incr OPM: +163.0% vs year-ago OPM: +12.7%",
      "severity": "HIGH"
    },
    {
      "quarter": "2024-09 (Q3)",
      "signal": "OPERATING LEVERAGE",
      "detail": "Rev growth +36.4% vs OpEx growth +20.3% (leverage: 1.8x)",
      "severity": "MEDIUM"
    },
    {
      "quarter": "2024-06 (Q2)",
      "signal": "OPERATING LEVERAGE",
      "detail": "Rev growth +32.7% vs OpEx growth +10.5% (leverage: 3.1x)",
      "severity": "MEDIUM"
    },
    {
      "quarter": "2024-06 (Q2)",
      "signal": "YoY REVENUE GROWTH DECELERATION",
      "detail": "YoY growth: +7.3% vs prior quarter YoY: +16.9% (decel: -9.6%)",
      "severity": "WARNING"
    },
    {
      "quarter": "2024-06 (Q2)",
      "signal": "INCREMENTAL MARGIN (YoY)",
      "detail": "YoY Incr OPM: +46.1% vs year-ago OPM: +30.6%",
      "severity": "MEDIUM"
    },
    {
      "quarter": "2024-03 (Q1)",
      "signal": "FCF MARGIN EXPANSION",
      "detail": "FCF margin: +26.2% -> +58.3% (+32.1%)",
      "severity": "MEDIUM"
    },
    {
      "quarter": "2024-03 (Q1)",
      "signal": "INCREMENTAL MARGIN (YoY)",
      "detail": "YoY Incr OPM: +53.5% vs year-ago OPM: +11.9%",
      "severity": "HIGH"
    },
    {
      "quarter": "2023-12 (Q4)",
      "signal": "FCF MARGIN EXPANSION",
      "detail": "FCF margin: +17.7% -> +26.2% (+8.4%)",
      "severity": "MEDIUM"
    },
    {
      "quarter": "2023-09 (Q3)",
      "signal": "OPERATING LEVERAGE",
      "detail": "Rev growth +34.4% vs OpEx growth +11.9% (leverage: 2.9x)",
      "severity": "MEDIUM"
    },
    {
      "quarter": "2023-09 (Q3)",
      "signal": "YoY REVENUE GROWTH DECELERATION",
      "detail": "YoY growth: +21.3% vs prior quarter YoY: +27.2% (decel: -5.9%)",
      "severity": "WARNING"
    },
    {
      "quarter": "2023-06 (Q2)",
      "signal": "OPERATING LEVERAGE",
      "detail": "Rev growth +44.6% vs OpEx growth +13.9% (leverage: 3.2x)",
      "severity": "MEDIUM"
    },
    {
      "quarter": "2023-06 (Q2)",
      "signal": "YoY REVENUE GROWTH DECELERATION",
      "detail": "YoY growth: +27.2% vs prior quarter YoY: +40.2% (decel: -13.0%)",
      "severity": "WARNING"
    },
    {
      "quarter": "2023-06 (Q2)",
      "signal": "INCREMENTAL MARGIN (YoY)",
      "detail": "YoY Incr OPM: +57.6% vs year-ago OPM: +23.3%",
      "severity": "HIGH"
    },
    {
      "quarter": "2023-03 (Q1)",
      "signal": "FCF MARGIN EXPANSION",
      "detail": "FCF margin: +51.8% -> +74.1% (+22.3%)",
      "severity": "MEDIUM"
    },
    {
      "quarter": "2023-03 (Q1)",
      "signal": "INCREMENTAL MARGIN (YoY)",
      "detail": "YoY Incr OPM: +25.5% vs year-ago OPM: +6.5%",
      "severity": "MEDIUM"
    },
    {
      "quarter": "2022-12 (Q4)",
      "signal": "FCF TURNED POSITIVE",
      "detail": "FCF margin: -1.6% -> +51.8%",
      "severity": "HIGH"
    },
    {
      "quarter": "2022-12 (Q4)",
      "signal": "YoY REVENUE GROWTH ACCELERATION",
      "detail": "YoY growth: +35.8% vs prior quarter YoY: +29.4% (accel: +6.4%)",
      "severity": "MEDIUM"
    },
    {
      "quarter": "2022-12 (Q4)",
      "signal": "INCREMENTAL MARGIN (YoY)",
      "detail": "YoY Incr OPM: +46.5% vs year-ago OPM: +28.4%",
      "severity": "MEDIUM"
    },
    {
      "quarter": "2022-09 (Q3)",
      "signal": "OPERATING LEVERAGE",
      "detail": "Rev growth +40.9% vs OpEx growth +5.3% (leverage: 7.7x)",
      "severity": "MEDIUM"
    },
    {
      "quarter": "2022-09 (Q3)",
      "signal": "YoY REVENUE GROWTH DECELERATION",
      "detail": "YoY growth: +29.4% vs prior quarter YoY: +98.8% (decel: -69.4%)",
      "severity": "WARNING"
    },
    {
      "quarter": "2022-06 (Q2)",
      "signal": "OPERATING LEVERAGE",
      "detail": "Rev growth +59.3% vs OpEx growth +30.7% (leverage: 1.9x)",
      "severity": "MEDIUM"
    },
    {
      "quarter": "2022-06 (Q2)",
      "signal": "YoY REVENUE GROWTH DECELERATION",
      "detail": "YoY growth: +98.8% vs prior quarter YoY: +136.2% (decel: -37.4%)",
      "severity": "WARNING"
    },
    {
      "quarter": "2022-06 (Q2)",
      "signal": "OP MARGIN TURNED POSITIVE (YoY)",
      "detail": "Op margin: -2.6% (year-ago) -> +23.3%",
      "severity": "HIGH"
    },
    {
      "quarter": "2022-03 (Q1)",
      "signal": "FCF MARGIN EXPANSION",
      "detail": "FCF margin: +6.0% -> +58.8% (+52.9%)",
      "severity": "MEDIUM"
    },
    {
      "quarter": "2022-03 (Q1)",
      "signal": "OP MARGIN TURNED POSITIVE (YoY)",
      "detail": "Op margin: -27.3% (year-ago) -> +6.5%",
      "severity": "HIGH"
    },
    {
      "quarter": "2021-12 (Q4)",
      "signal": "OP MARGIN TURNED POSITIVE (YoY)",
      "detail": "Op margin: -12.4% (year-ago) -> +28.4%",
      "severity": "HIGH"
    },
    {
      "quarter": "2021-09 (Q3)",
      "signal": "OPERATING LEVERAGE",
      "detail": "Rev growth +116.5% vs OpEx growth +20.1% (leverage: 5.8x)",
      "severity": "MEDIUM"
    },
    {
      "quarter": "2021-09 (Q3)",
      "signal": "OP MARGIN TURNED POSITIVE (QoQ)",
      "detail": "Op margin: -2.6% -> +43.1%",
      "severity": "HIGH"
    },
    {
      "quarter": "2021-06 (Q2)",
      "signal": "FCF TURNED POSITIVE",
      "detail": "FCF margin: -23.8% -> +50.6%",
      "severity": "HIGH"
    },
    {
      "quarter": "2021-06 (Q2)",
      "signal": "OPERATING LEVERAGE",
      "detail": "Rev growth +89.3% vs OpEx growth +52.6% (leverage: 1.7x)",
      "severity": "MEDIUM"
    },
    {
      "quarter": "2021-03 (Q1)",
      "signal": "FCF MARGIN EXPANSION",
      "detail": "FCF margin: -51.8% -> -23.8% (+27.9%)",
      "severity": "MEDIUM"
    }
  ],
  "data_quality": {
    "n_quarters": 20,
    "coverage": {
      "revenue": [
        20,
        20
      ],
      "gross_profit": [
        0,
        20
      ],
      "op_income": [
        20,
        20
      ],
      "fcf": [
        20,
        20
      ]
    },
    "gaps": [],
    "warnings": [
      "gross_profit: no data"
    ]
  },
  "market_cap": null,
  "source": "SEC EDGAR",
  "last_updated": "2026-02-02T19:46:14.509569",
  "sector": "Consumer Cyclical",
  "industry": "Travel Services"
}