{
  "ticker": "BKR",
  "name": "Baker Hughes Company",
  "quarters": [
    {
      "date": "2020-12-31T00:00:00",
      "quarter_label": "2020-12 (Q4)",
      "revenue": 5495000000,
      "gross_profit": null,
      "operating_income": 182000000,
      "net_income": 652000000,
      "opex": null,
      "cogs": null,
      "rd": null,
      "sga": 574000000,
      "fcf": 377000000,
      "ocf": 377000000,
      "capex": null,
      "gross_margin": null,
      "op_margin": 0.033121019108280254,
      "fcf_margin": 0.06860782529572339
    },
    {
      "date": "2021-03-31T00:00:00",
      "quarter_label": "2021-03 (Q1)",
      "revenue": 4782000000,
      "gross_profit": null,
      "operating_income": 164000000,
      "net_income": -452000000,
      "opex": 4618000000,
      "cogs": null,
      "rd": null,
      "sga": 587000000,
      "fcf": 678000000,
      "ocf": 678000000,
      "capex": null,
      "gross_margin": null,
      "op_margin": 0.034295273943956504,
      "fcf_margin": 0.14178168130489335,
      "fcf_margin_change": 0.07317385600916997
    },
    {
      "date": "2021-06-30T00:00:00",
      "quarter_label": "2021-06 (Q2)",
      "revenue": 5142000000,
      "gross_profit": null,
      "operating_income": 194000000,
      "net_income": -68000000,
      "opex": 4948000000,
      "cogs": null,
      "rd": null,
      "sga": 642000000,
      "fcf": 506000000,
      "ocf": 506000000,
      "capex": null,
      "gross_margin": null,
      "op_margin": 0.037728510307273436,
      "fcf_margin": 0.09840528977051731,
      "op_leverage_ratio": 1.053496064788411,
      "fcf_margin_change": -0.043376391534376044
    },
    {
      "date": "2021-09-30T00:00:00",
      "quarter_label": "2021-09 (Q3)",
      "revenue": 5093000000,
      "gross_profit": null,
      "operating_income": 378000000,
      "net_income": 8000000,
      "opex": 4715000000,
      "cogs": null,
      "rd": null,
      "sga": 607000000,
      "fcf": 416000000,
      "ocf": 416000000,
      "capex": null,
      "gross_margin": null,
      "op_margin": 0.07421951698409582,
      "fcf_margin": 0.08168073826821128,
      "fcf_margin_change": -0.016724551502306034
    },
    {
      "date": "2021-12-31T00:00:00",
      "quarter_label": "2021-12 (Q4)",
      "revenue": 5485000000,
      "gross_profit": null,
      "operating_income": 574000000,
      "net_income": 293000000,
      "opex": 4911000000,
      "cogs": null,
      "rd": null,
      "sga": 634000000,
      "fcf": 774000000,
      "ocf": 774000000,
      "capex": null,
      "gross_margin": null,
      "op_margin": 0.10464904284412033,
      "fcf_margin": 0.14111212397447584,
      "incr_op_margin_yoy": -39.2,
      "rev_growth_yoy": -0.0018198362147406734,
      "op_leverage_ratio": 1.8515609660318084,
      "fcf_margin_change": 0.059431385706264564
    },
    {
      "date": "2022-03-31T00:00:00",
      "quarter_label": "2022-03 (Q1)",
      "revenue": 4835000000,
      "gross_profit": null,
      "operating_income": 279000000,
      "net_income": 72000000,
      "opex": 4556000000,
      "cogs": null,
      "rd": null,
      "sga": 621000000,
      "fcf": 72000000,
      "ocf": 72000000,
      "capex": null,
      "gross_margin": null,
      "op_margin": 0.05770423991726991,
      "fcf_margin": 0.014891416752843847,
      "incr_op_margin_yoy": 2.169811320754717,
      "rev_growth_yoy": 0.011083228774571309,
      "rev_growth_yoy_accel": 0.012903064989311982,
      "fcf_margin_change": -0.12622070722163198
    },
    {
      "date": "2022-06-30T00:00:00",
      "quarter_label": "2022-06 (Q2)",
      "revenue": 5047000000,
      "gross_profit": null,
      "operating_income": -25000000,
      "net_income": -839000000,
      "opex": 5072000000,
      "cogs": null,
      "rd": null,
      "sga": 624000000,
      "fcf": 321000000,
      "ocf": 321000000,
      "capex": null,
      "gross_margin": null,
      "op_margin": -0.0049534376857539135,
      "fcf_margin": 0.06360213988508025,
      "incr_op_margin_yoy": 2.305263157894737,
      "rev_growth_yoy": -0.018475301439128743,
      "rev_growth_yoy_accel": -0.02955853021370005,
      "op_leverage_ratio": 0.38714476964639294,
      "fcf_margin_change": 0.0487107231322364
    },
    {
      "date": "2022-09-30T00:00:00",
      "quarter_label": "2022-09 (Q3)",
      "revenue": 5369000000,
      "gross_profit": null,
      "operating_income": 269000000,
      "net_income": -17000000,
      "opex": 5100000000,
      "cogs": null,
      "rd": null,
      "sga": 620000000,
      "fcf": 597000000,
      "ocf": 597000000,
      "capex": null,
      "gross_margin": null,
      "op_margin": 0.050102439932948405,
      "fcf_margin": 0.1111938908549078,
      "incr_op_margin_yoy": -0.39492753623188404,
      "rev_growth_yoy": 0.05419202827410171,
      "rev_growth_yoy_accel": 0.07266732971323045,
      "op_leverage_ratio": 11.55696453338617,
      "fcf_margin_change": 0.047591750969827554
    },
    {
      "date": "2022-12-31T00:00:00",
      "quarter_label": "2022-12 (Q4)",
      "revenue": 5905000000,
      "gross_profit": null,
      "operating_income": 663000000,
      "net_income": 182000000,
      "opex": 5242000000,
      "cogs": null,
      "rd": null,
      "sga": 645000000,
      "fcf": 898000000,
      "ocf": 898000000,
      "capex": null,
      "gross_margin": null,
      "op_margin": 0.11227773073666385,
      "fcf_margin": 0.1520745131244708,
      "incr_op_margin_yoy": 0.2119047619047619,
      "rev_growth_yoy": 0.07657247037374658,
      "rev_growth_yoy_accel": 0.02238044209964487,
      "op_leverage_ratio": 3.585528818281265,
      "fcf_margin_change": 0.04088062226956299
    },
    {
      "date": "2023-03-31T00:00:00",
      "quarter_label": "2023-03 (Q1)",
      "revenue": 5716000000,
      "gross_profit": null,
      "operating_income": 438000000,
      "net_income": 576000000,
      "opex": 5278000000,
      "cogs": null,
      "rd": null,
      "sga": 655000000,
      "fcf": 461000000,
      "ocf": 461000000,
      "capex": null,
      "gross_margin": null,
      "op_margin": 0.07662701189643108,
      "fcf_margin": 0.08065080475857243,
      "incr_op_margin_yoy": 0.18047673098751418,
      "rev_growth_yoy": 0.18221302998965874,
      "rev_growth_yoy_accel": 0.10564055961591216,
      "fcf_margin_change": -0.07142370836589836
    },
    {
      "date": "2023-06-30T00:00:00",
      "quarter_label": "2023-06 (Q2)",
      "revenue": 6315000000,
      "gross_profit": null,
      "operating_income": 514000000,
      "net_income": 410000000,
      "opex": 5801000000,
      "cogs": null,
      "rd": null,
      "sga": 695000000,
      "fcf": 859000000,
      "ocf": 859000000,
      "capex": null,
      "gross_margin": null,
      "op_margin": 0.08139350752177356,
      "fcf_margin": 0.1360253365003959,
      "incr_op_margin_yoy": 0.4250788643533123,
      "rev_growth_yoy": 0.25123835942143846,
      "rev_growth_yoy_accel": 0.06902532943177972,
      "op_leverage_ratio": 1.0575533840803781,
      "fcf_margin_change": 0.055374531741823455
    },
    {
      "date": "2023-09-30T00:00:00",
      "quarter_label": "2023-09 (Q3)",
      "revenue": 6641000000,
      "gross_profit": null,
      "operating_income": 714000000,
      "net_income": 518000000,
      "opex": 5927000000,
      "cogs": null,
      "rd": null,
      "sga": 627000000,
      "fcf": 810000000,
      "ocf": 810000000,
      "capex": null,
      "gross_margin": null,
      "op_margin": 0.10751392862520705,
      "fcf_margin": 0.12196958289414245,
      "incr_op_margin_yoy": 0.3498427672955975,
      "rev_growth_yoy": 0.23691562674613523,
      "rev_growth_yoy_accel": -0.014322732675303235,
      "op_leverage_ratio": 2.376712036094459,
      "fcf_margin_change": -0.01405575360625344
    },
    {
      "date": "2023-12-31T00:00:00",
      "quarter_label": "2023-12 (Q4)",
      "revenue": 6835000000,
      "gross_profit": null,
      "operating_income": 651000000,
      "net_income": 440000000,
      "opex": 6184000000,
      "cogs": null,
      "rd": null,
      "sga": 634000000,
      "fcf": 932000000,
      "ocf": 932000000,
      "capex": null,
      "gross_margin": null,
      "op_margin": 0.09524506217995611,
      "fcf_margin": 0.13635698610095098,
      "incr_op_margin_yoy": -0.012903225806451613,
      "rev_growth_yoy": 0.15749364944961897,
      "rev_growth_yoy_accel": -0.07942197729651626,
      "op_leverage_ratio": 0.6737054390922561,
      "fcf_margin_change": 0.014387403206808536
    },
    {
      "date": "2024-03-31T00:00:00",
      "quarter_label": "2024-03 (Q1)",
      "revenue": 6418000000,
      "gross_profit": null,
      "operating_income": 653000000,
      "net_income": 455000000,
      "opex": 5765000000,
      "cogs": null,
      "rd": 164000000,
      "sga": 618000000,
      "fcf": 784000000,
      "ocf": 784000000,
      "capex": null,
      "gross_margin": null,
      "op_margin": 0.10174509192894983,
      "fcf_margin": 0.122156435026488,
      "incr_op_margin_yoy": 0.30626780626780625,
      "rev_growth_yoy": 0.12281315605318405,
      "rev_growth_yoy_accel": -0.03468049339643492,
      "fcf_margin_change": -0.014200551074462983
    },
    {
      "date": "2024-06-30T00:00:00",
      "quarter_label": "2024-06 (Q2)",
      "revenue": 7139000000,
      "gross_profit": null,
      "operating_income": 833000000,
      "net_income": 579000000,
      "opex": 6306000000,
      "cogs": null,
      "rd": 158000000,
      "sga": 643000000,
      "fcf": 348000000,
      "ocf": 348000000,
      "capex": null,
      "gross_margin": null,
      "op_margin": 0.11668300882476537,
      "fcf_margin": 0.04874632301442779,
      "incr_op_margin_yoy": 0.3871359223300971,
      "rev_growth_yoy": 0.13048297703879652,
      "rev_growth_yoy_accel": 0.007669820985612474,
      "op_leverage_ratio": 1.197119757336834,
      "fcf_margin_change": -0.07341011201206021
    },
    {
      "date": "2024-09-30T00:00:00",
      "quarter_label": "2024-09 (Q3)",
      "revenue": 6908000000,
      "gross_profit": null,
      "operating_income": 930000000,
      "net_income": 766000000,
      "opex": 5978000000,
      "cogs": null,
      "rd": 158000000,
      "sga": 612000000,
      "fcf": 1010000000,
      "ocf": 1010000000,
      "capex": null,
      "gross_margin": null,
      "op_margin": 0.13462651997683844,
      "fcf_margin": 0.14620729588882456,
      "incr_op_margin_yoy": 0.8089887640449438,
      "rev_growth_yoy": 0.040204788435476584,
      "rev_growth_yoy_accel": -0.09027818860331993,
      "fcf_margin_change": 0.09746097287439676
    },
    {
      "date": "2024-12-31T00:00:00",
      "quarter_label": "2024-12 (Q4)",
      "revenue": 7364000000,
      "gross_profit": null,
      "operating_income": 665000000,
      "net_income": 1179000000,
      "opex": 6699000000,
      "cogs": null,
      "rd": 163000000,
      "sga": 585000000,
      "fcf": 1190000000,
      "ocf": 1190000000,
      "capex": null,
      "gross_margin": null,
      "op_margin": 0.0903041825095057,
      "fcf_margin": 0.16159695817490494,
      "incr_op_margin_yoy": 0.026465028355387523,
      "rev_growth_yoy": 0.07739575713240673,
      "rev_growth_yoy_accel": 0.03719096869693015,
      "op_leverage_ratio": 0.5473097182948151,
      "fcf_margin_change": 0.01538966228608038
    },
    {
      "date": "2025-03-31T00:00:00",
      "quarter_label": "2025-03 (Q1)",
      "revenue": 6427000000,
      "gross_profit": null,
      "operating_income": null,
      "net_income": 402000000,
      "opex": null,
      "cogs": null,
      "rd": 146000000,
      "sga": 577000000,
      "fcf": 709000000,
      "ocf": 709000000,
      "capex": null,
      "gross_margin": null,
      "op_margin": null,
      "fcf_margin": 0.11031585498677454,
      "rev_growth_yoy": 0.0014023060143346837,
      "rev_growth_yoy_accel": -0.07599345111807206,
      "fcf_margin_change": -0.051281103188130395
    },
    {
      "date": "2025-06-30T00:00:00",
      "quarter_label": "2025-06 (Q2)",
      "revenue": 6910000000,
      "gross_profit": null,
      "operating_income": null,
      "net_income": 701000000,
      "opex": null,
      "cogs": null,
      "rd": 161000000,
      "sga": 567000000,
      "fcf": 510000000,
      "ocf": 510000000,
      "capex": null,
      "gross_margin": null,
      "op_margin": null,
      "fcf_margin": 0.07380607814761216,
      "rev_growth_yoy": -0.03207732175374702,
      "rev_growth_yoy_accel": -0.03347962776808171,
      "fcf_margin_change": -0.036509776839162386
    },
    {
      "date": "2025-09-30T00:00:00",
      "quarter_label": "2025-09 (Q3)",
      "revenue": 7010000000,
      "gross_profit": null,
      "operating_income": null,
      "net_income": 609000000,
      "opex": null,
      "cogs": null,
      "rd": 146000000,
      "sga": 607000000,
      "fcf": 929000000,
      "ocf": 929000000,
      "capex": null,
      "gross_margin": null,
      "op_margin": null,
      "fcf_margin": 0.13252496433666192,
      "rev_growth_yoy": 0.014765489287782282,
      "rev_growth_yoy_accel": 0.046842811041529306,
      "fcf_margin_change": 0.05871888618904976
    }
  ],
  "signals": [
    {
      "quarter": "2025-09 (Q3)",
      "signal": "FCF MARGIN EXPANSION",
      "detail": "FCF margin: +7.4% -> +13.3% (+5.9%)",
      "severity": "MEDIUM"
    },
    {
      "quarter": "2025-03 (Q1)",
      "signal": "YoY REVENUE GROWTH DECELERATION",
      "detail": "YoY growth: +0.1% vs prior quarter YoY: +7.7% (decel: -7.6%)",
      "severity": "WARNING"
    },
    {
      "quarter": "2024-09 (Q3)",
      "signal": "FCF MARGIN EXPANSION",
      "detail": "FCF margin: +4.9% -> +14.6% (+9.7%)",
      "severity": "MEDIUM"
    },
    {
      "quarter": "2024-09 (Q3)",
      "signal": "YoY REVENUE GROWTH DECELERATION",
      "detail": "YoY growth: +4.0% vs prior quarter YoY: +13.0% (decel: -9.0%)",
      "severity": "WARNING"
    },
    {
      "quarter": "2024-09 (Q3)",
      "signal": "INCREMENTAL MARGIN (YoY)",
      "detail": "YoY Incr OPM: +80.9% vs year-ago OPM: +10.8%",
      "severity": "HIGH"
    },
    {
      "quarter": "2024-06 (Q2)",
      "signal": "INCREMENTAL MARGIN (YoY)",
      "detail": "YoY Incr OPM: +38.7% vs year-ago OPM: +8.1%",
      "severity": "HIGH"
    },
    {
      "quarter": "2024-03 (Q1)",
      "signal": "INCREMENTAL MARGIN (YoY)",
      "detail": "YoY Incr OPM: +30.6% vs year-ago OPM: +7.7%",
      "severity": "HIGH"
    },
    {
      "quarter": "2023-12 (Q4)",
      "signal": "YoY REVENUE GROWTH DECELERATION",
      "detail": "YoY growth: +15.7% vs prior quarter YoY: +23.7% (decel: -7.9%)",
      "severity": "WARNING"
    },
    {
      "quarter": "2023-09 (Q3)",
      "signal": "OPERATING LEVERAGE",
      "detail": "Rev growth +5.2% vs OpEx growth +2.2% (leverage: 2.4x)",
      "severity": "MEDIUM"
    },
    {
      "quarter": "2023-09 (Q3)",
      "signal": "INCREMENTAL MARGIN (YoY)",
      "detail": "YoY Incr OPM: +35.0% vs year-ago OPM: +5.0%",
      "severity": "HIGH"
    },
    {
      "quarter": "2023-06 (Q2)",
      "signal": "FCF MARGIN EXPANSION",
      "detail": "FCF margin: +8.1% -> +13.6% (+5.5%)",
      "severity": "MEDIUM"
    },
    {
      "quarter": "2023-06 (Q2)",
      "signal": "YoY REVENUE GROWTH ACCELERATION",
      "detail": "YoY growth: +25.1% vs prior quarter YoY: +18.2% (accel: +6.9%)",
      "severity": "MEDIUM"
    },
    {
      "quarter": "2023-06 (Q2)",
      "signal": "OP MARGIN TURNED POSITIVE (YoY)",
      "detail": "Op margin: -0.5% (year-ago) -> +8.1%",
      "severity": "HIGH"
    },
    {
      "quarter": "2023-03 (Q1)",
      "signal": "YoY REVENUE GROWTH ACCELERATION",
      "detail": "YoY growth: +18.2% vs prior quarter YoY: +7.7% (accel: +10.6%)",
      "severity": "MEDIUM"
    },
    {
      "quarter": "2023-03 (Q1)",
      "signal": "INCREMENTAL MARGIN (YoY)",
      "detail": "YoY Incr OPM: +18.0% vs year-ago OPM: +5.8%",
      "severity": "MEDIUM"
    },
    {
      "quarter": "2022-12 (Q4)",
      "signal": "OPERATING LEVERAGE",
      "detail": "Rev growth +10.0% vs OpEx growth +2.8% (leverage: 3.6x)",
      "severity": "MEDIUM"
    },
    {
      "quarter": "2022-12 (Q4)",
      "signal": "INCREMENTAL MARGIN (YoY)",
      "detail": "YoY Incr OPM: +21.2% vs year-ago OPM: +10.5%",
      "severity": "MEDIUM"
    },
    {
      "quarter": "2022-09 (Q3)",
      "signal": "OPERATING LEVERAGE",
      "detail": "Rev growth +6.4% vs OpEx growth +0.6% (leverage: 11.6x)",
      "severity": "MEDIUM"
    },
    {
      "quarter": "2022-09 (Q3)",
      "signal": "YoY REVENUE GROWTH ACCELERATION",
      "detail": "YoY growth: +5.4% vs prior quarter YoY: -1.8% (accel: +7.3%)",
      "severity": "MEDIUM"
    },
    {
      "quarter": "2022-09 (Q3)",
      "signal": "OP MARGIN TURNED POSITIVE (QoQ)",
      "detail": "Op margin: -0.5% -> +5.0%",
      "severity": "HIGH"
    },
    {
      "quarter": "2022-03 (Q1)",
      "signal": "INCREMENTAL MARGIN (YoY)",
      "detail": "YoY Incr OPM: +217.0% vs year-ago OPM: +3.4%",
      "severity": "HIGH"
    },
    {
      "quarter": "2021-12 (Q4)",
      "signal": "FCF MARGIN EXPANSION",
      "detail": "FCF margin: +8.2% -> +14.1% (+5.9%)",
      "severity": "MEDIUM"
    },
    {
      "quarter": "2021-12 (Q4)",
      "signal": "OPERATING LEVERAGE",
      "detail": "Rev growth +7.7% vs OpEx growth +4.2% (leverage: 1.9x)",
      "severity": "MEDIUM"
    },
    {
      "quarter": "2021-03 (Q1)",
      "signal": "FCF MARGIN EXPANSION",
      "detail": "FCF margin: +6.9% -> +14.2% (+7.3%)",
      "severity": "MEDIUM"
    }
  ],
  "data_quality": {
    "n_quarters": 20,
    "coverage": {
      "revenue": [
        20,
        20
      ],
      "gross_profit": [
        0,
        20
      ],
      "op_income": [
        17,
        20
      ],
      "fcf": [
        20,
        20
      ]
    },
    "gaps": [],
    "warnings": [
      "gross_profit: no data"
    ]
  },
  "market_cap": null,
  "source": "SEC EDGAR",
  "last_updated": "2026-02-02T19:58:13.579670"
}