{
  "ticker": "BKSY",
  "name": "BLACKSKY TECHNOLOGY INC",
  "quarters": [
    {
      "date": "2020-12-31T00:00:00",
      "quarter_label": "2020-12 (Q4)",
      "revenue": 0,
      "gross_profit": null,
      "operating_income": -474421,
      "net_income": -406659,
      "opex": null,
      "cogs": null,
      "rd": 91000,
      "sga": 7571000,
      "fcf": -4270000,
      "ocf": -4270000,
      "capex": null,
      "gross_margin": null,
      "op_margin": null,
      "fcf_margin": null
    },
    {
      "date": "2021-03-31T00:00:00",
      "quarter_label": "2021-03 (Q1)",
      "revenue": 0,
      "gross_profit": null,
      "operating_income": -2201632,
      "net_income": -12870990,
      "opex": null,
      "cogs": null,
      "rd": 28000,
      "sga": 8478000,
      "fcf": -10583000,
      "ocf": -10583000,
      "capex": null,
      "gross_margin": null,
      "op_margin": null,
      "fcf_margin": null
    },
    {
      "date": "2021-06-30T00:00:00",
      "quarter_label": "2021-06 (Q2)",
      "revenue": 7365000,
      "gross_profit": null,
      "operating_income": -935607,
      "net_income": -1823714,
      "opex": null,
      "cogs": null,
      "rd": 0,
      "sga": 8827000,
      "fcf": -10529000,
      "ocf": -10529000,
      "capex": null,
      "gross_margin": null,
      "op_margin": -0.12703421588594704,
      "fcf_margin": -1.4295994568906993
    },
    {
      "date": "2021-09-30T00:00:00",
      "quarter_label": "2021-09 (Q3)",
      "revenue": 7937000,
      "gross_profit": null,
      "operating_income": -48950000,
      "net_income": -46897000,
      "opex": null,
      "cogs": null,
      "rd": 57000,
      "sga": 40674000,
      "fcf": -17630000,
      "ocf": -17630000,
      "capex": null,
      "gross_margin": null,
      "op_margin": -6.167317626307169,
      "fcf_margin": -2.2212422829784555,
      "fcf_margin_change": -0.7916428260877562
    },
    {
      "date": "2021-12-31T00:00:00",
      "quarter_label": "2021-12 (Q4)",
      "revenue": 11489000,
      "gross_profit": null,
      "operating_income": -31894000,
      "net_income": 5395000,
      "opex": null,
      "cogs": null,
      "rd": 27000,
      "sga": 28676000,
      "fcf": -15130000,
      "ocf": -15130000,
      "capex": null,
      "gross_margin": null,
      "op_margin": -2.7760466533205674,
      "fcf_margin": -1.3169118287057184,
      "incr_op_margin_yoy": -2.734753155191923,
      "fcf_margin_change": 0.9043304542727371
    },
    {
      "date": "2022-03-31T00:00:00",
      "quarter_label": "2022-03 (Q1)",
      "revenue": 13896000,
      "gross_profit": null,
      "operating_income": -27132000,
      "net_income": -19988000,
      "opex": null,
      "cogs": null,
      "rd": 146000,
      "sga": 22536000,
      "fcf": -12676000,
      "ocf": -12676000,
      "capex": null,
      "gross_margin": null,
      "op_margin": -1.9525043177892918,
      "fcf_margin": -0.9122049510650547,
      "incr_op_margin_yoy": -1.7940679332181924,
      "fcf_margin_change": 0.4047068776406637
    },
    {
      "date": "2022-06-30T00:00:00",
      "quarter_label": "2022-06 (Q2)",
      "revenue": 15102000,
      "gross_profit": null,
      "operating_income": -21706000,
      "net_income": -26278000,
      "opex": null,
      "cogs": null,
      "rd": 106000,
      "sga": 17739000,
      "fcf": -15113000,
      "ocf": -15113000,
      "capex": null,
      "gross_margin": null,
      "op_margin": -1.4372930737650642,
      "fcf_margin": -1.000728380346974,
      "incr_op_margin_yoy": -2.6845538322347164,
      "rev_growth_yoy": 1.05050916496945,
      "fcf_margin_change": -0.08852342928191925
    },
    {
      "date": "2022-09-30T00:00:00",
      "quarter_label": "2022-09 (Q3)",
      "revenue": 16935000,
      "gross_profit": null,
      "operating_income": -19360000,
      "net_income": -13048000,
      "opex": null,
      "cogs": null,
      "rd": 197000,
      "sga": 18713000,
      "fcf": -11642000,
      "ocf": -11642000,
      "capex": null,
      "gross_margin": null,
      "op_margin": -1.1431945674638322,
      "fcf_margin": -0.6874520224387364,
      "incr_op_margin_yoy": 3.2885085574572126,
      "rev_growth_yoy": 1.133677711981857,
      "rev_growth_yoy_accel": 0.08316854701240706,
      "fcf_margin_change": 0.3132763579082376
    },
    {
      "date": "2022-12-31T00:00:00",
      "quarter_label": "2022-12 (Q4)",
      "revenue": 19417000,
      "gross_profit": null,
      "operating_income": -18351000,
      "net_income": -14858000,
      "opex": null,
      "cogs": null,
      "rd": 290000,
      "sga": 20684000,
      "fcf": -5025000,
      "ocf": -5025000,
      "capex": null,
      "gross_margin": null,
      "op_margin": -0.945099654941546,
      "fcf_margin": -0.258793840449091,
      "incr_op_margin_yoy": 1.7082492431886982,
      "rev_growth_yoy": 0.6900513534685351,
      "rev_growth_yoy_accel": -0.443626358513322,
      "fcf_margin_change": 0.4286581819896454
    },
    {
      "date": "2023-03-31T00:00:00",
      "quarter_label": "2023-03 (Q1)",
      "revenue": 18397000,
      "gross_profit": null,
      "operating_income": -16901000,
      "net_income": -17315000,
      "opex": null,
      "cogs": null,
      "rd": 216000,
      "sga": 18949000,
      "fcf": -16602000,
      "ocf": -16602000,
      "capex": null,
      "gross_margin": null,
      "op_margin": -0.9186823938685655,
      "fcf_margin": -0.9024297439799968,
      "incr_op_margin_yoy": 2.2730504332370582,
      "rev_growth_yoy": 0.32390616004605643,
      "rev_growth_yoy_accel": -0.36614519342247864,
      "fcf_margin_change": -0.6436359035309058
    },
    {
      "date": "2023-06-30T00:00:00",
      "quarter_label": "2023-06 (Q2)",
      "revenue": 19327000,
      "gross_profit": null,
      "operating_income": -19919000,
      "net_income": -33431000,
      "opex": null,
      "cogs": null,
      "rd": 176000,
      "sga": 18768000,
      "fcf": 977000,
      "ocf": 977000,
      "capex": null,
      "gross_margin": null,
      "op_margin": -1.0306307238578154,
      "fcf_margin": 0.050551042582915096,
      "incr_op_margin_yoy": 0.4229585798816568,
      "rev_growth_yoy": 0.27976426963316114,
      "rev_growth_yoy_accel": -0.04414189041289529,
      "fcf_margin_change": 0.9529807865629119
    },
    {
      "date": "2023-09-30T00:00:00",
      "quarter_label": "2023-09 (Q3)",
      "revenue": 21260000,
      "gross_profit": null,
      "operating_income": -14516000,
      "net_income": 675000,
      "opex": null,
      "cogs": null,
      "rd": 133000,
      "sga": 17572000,
      "fcf": -173000,
      "ocf": -173000,
      "capex": null,
      "gross_margin": null,
      "op_margin": -0.6827845719661336,
      "fcf_margin": -0.008137347130761995,
      "incr_op_margin_yoy": 1.12,
      "rev_growth_yoy": 0.255388249188072,
      "rev_growth_yoy_accel": -0.02437602044508913,
      "fcf_margin_change": -0.05868838971367709
    },
    {
      "date": "2023-12-31T00:00:00",
      "quarter_label": "2023-12 (Q4)",
      "revenue": 35508000,
      "gross_profit": null,
      "operating_income": -4644000,
      "net_income": -3788000,
      "opex": null,
      "cogs": null,
      "rd": 118000,
      "sga": 17328000,
      "fcf": -1623000,
      "ocf": -1623000,
      "capex": null,
      "gross_margin": null,
      "op_margin": -0.1307874281851977,
      "fcf_margin": -0.0457080094626563,
      "incr_op_margin_yoy": 0.8518426449568082,
      "rev_growth_yoy": 0.8287068033166812,
      "rev_growth_yoy_accel": 0.5733185541286092,
      "fcf_margin_change": -0.03757066233189431
    },
    {
      "date": "2024-03-31T00:00:00",
      "quarter_label": "2024-03 (Q1)",
      "revenue": 24236000,
      "gross_profit": null,
      "operating_income": -13253000,
      "net_income": -15810000,
      "opex": null,
      "cogs": null,
      "rd": 456000,
      "sga": 18816000,
      "fcf": -3810000,
      "ocf": -3810000,
      "capex": null,
      "gross_margin": null,
      "op_margin": -0.5468311602574683,
      "fcf_margin": -0.15720415910216207,
      "incr_op_margin_yoy": 0.6247645144716562,
      "rev_growth_yoy": 0.3173887046801109,
      "rev_growth_yoy_accel": -0.5113180986365704,
      "fcf_margin_change": -0.11149614963950577
    },
    {
      "date": "2024-06-30T00:00:00",
      "quarter_label": "2024-06 (Q2)",
      "revenue": 24938000,
      "gross_profit": null,
      "operating_income": -11721000,
      "net_income": -9397000,
      "opex": null,
      "cogs": null,
      "rd": 286000,
      "sga": 18214000,
      "fcf": -1792000,
      "ocf": -1792000,
      "capex": null,
      "gross_margin": null,
      "op_margin": -0.4700056139225279,
      "fcf_margin": -0.07185820835672467,
      "incr_op_margin_yoy": 1.4610586348244519,
      "rev_growth_yoy": 0.2903192425104776,
      "rev_growth_yoy_accel": -0.027069462169633296,
      "fcf_margin_change": 0.0853459507454374
    },
    {
      "date": "2024-09-30T00:00:00",
      "quarter_label": "2024-09 (Q3)",
      "revenue": 22549000,
      "gross_profit": null,
      "operating_income": -13230000,
      "net_income": -12591000,
      "opex": null,
      "cogs": null,
      "rd": 43000,
      "sga": 17961000,
      "fcf": 1035000,
      "ocf": 1035000,
      "capex": null,
      "gross_margin": null,
      "op_margin": -0.5867222493236951,
      "fcf_margin": 0.045900039913078186,
      "incr_op_margin_yoy": 0.9976726144297905,
      "rev_growth_yoy": 0.060630291627469426,
      "rev_growth_yoy_accel": -0.22968895088300817,
      "fcf_margin_change": 0.11775824826980286
    },
    {
      "date": "2024-12-31T00:00:00",
      "quarter_label": "2024-12 (Q4)",
      "revenue": 30370000,
      "gross_profit": null,
      "operating_income": -6084000,
      "net_income": -19420000,
      "opex": null,
      "cogs": null,
      "rd": 559000,
      "sga": 19078000,
      "fcf": -1817000,
      "ocf": -1817000,
      "capex": null,
      "gross_margin": null,
      "op_margin": -0.20032927230819889,
      "fcf_margin": -0.05982877839973658,
      "incr_op_margin_yoy": 0.2802646944336318,
      "rev_growth_yoy": -0.14469978596372648,
      "rev_growth_yoy_accel": -0.20533007759119593,
      "fcf_margin_change": -0.10572881831281478
    },
    {
      "date": "2025-03-31T00:00:00",
      "quarter_label": "2025-03 (Q1)",
      "revenue": 29544000,
      "gross_profit": null,
      "operating_income": -11979000,
      "net_income": -12813000,
      "opex": null,
      "cogs": null,
      "rd": 245000,
      "sga": 21442000,
      "fcf": 27245000,
      "ocf": 27245000,
      "capex": null,
      "gross_margin": null,
      "op_margin": -0.4054630381803412,
      "fcf_margin": 0.9221838613593285,
      "incr_op_margin_yoy": 0.24001507159005275,
      "rev_growth_yoy": 0.21901303845519063,
      "rev_growth_yoy_accel": 0.3637128244189171,
      "fcf_margin_change": 0.982012639759065
    },
    {
      "date": "2025-06-30T00:00:00",
      "quarter_label": "2025-06 (Q2)",
      "revenue": 22199000,
      "gross_profit": null,
      "operating_income": -13940000,
      "net_income": -41239000,
      "opex": null,
      "cogs": null,
      "rd": 17000,
      "sga": 22667000,
      "fcf": -7280000,
      "ocf": -7280000,
      "capex": null,
      "gross_margin": null,
      "op_margin": -0.6279562142438848,
      "fcf_margin": -0.3279427001216271,
      "incr_op_margin_yoy": 0.8101496896677619,
      "rev_growth_yoy": -0.10983238431309648,
      "rev_growth_yoy_accel": -0.3288454227682871,
      "fcf_margin_change": -1.2501265614809556
    },
    {
      "date": "2025-09-30T00:00:00",
      "quarter_label": "2025-09 (Q3)",
      "revenue": 19618000,
      "gross_profit": null,
      "operating_income": -16826000,
      "net_income": -15340000,
      "opex": null,
      "cogs": null,
      "rd": 30000,
      "sga": 21735000,
      "fcf": -38957000,
      "ocf": -38957000,
      "capex": null,
      "gross_margin": null,
      "op_margin": -0.8576817208685901,
      "fcf_margin": -1.9857783668059945,
      "incr_op_margin_yoy": 1.2268850221767316,
      "rev_growth_yoy": -0.1299835912900794,
      "rev_growth_yoy_accel": -0.020151206976982902,
      "fcf_margin_change": -1.6578356666843674
    }
  ],
  "signals": [
    {
      "quarter": "2025-06 (Q2)",
      "signal": "YoY REVENUE GROWTH DECELERATION",
      "detail": "YoY growth: -11.0% vs prior quarter YoY: +21.9% (decel: -32.9%)",
      "severity": "WARNING"
    },
    {
      "quarter": "2025-03 (Q1)",
      "signal": "FCF TURNED POSITIVE",
      "detail": "FCF margin: -6.0% -> +92.2%",
      "severity": "HIGH"
    },
    {
      "quarter": "2025-03 (Q1)",
      "signal": "YoY REVENUE GROWTH ACCELERATION",
      "detail": "YoY growth: +21.9% vs prior quarter YoY: -14.5% (accel: +36.4%)",
      "severity": "HIGH"
    },
    {
      "quarter": "2024-12 (Q4)",
      "signal": "YoY REVENUE GROWTH DECELERATION",
      "detail": "YoY growth: -14.5% vs prior quarter YoY: +6.1% (decel: -20.5%)",
      "severity": "WARNING"
    },
    {
      "quarter": "2024-09 (Q3)",
      "signal": "FCF TURNED POSITIVE",
      "detail": "FCF margin: -7.2% -> +4.6%",
      "severity": "HIGH"
    },
    {
      "quarter": "2024-09 (Q3)",
      "signal": "YoY REVENUE GROWTH DECELERATION",
      "detail": "YoY growth: +6.1% vs prior quarter YoY: +29.0% (decel: -23.0%)",
      "severity": "WARNING"
    },
    {
      "quarter": "2024-06 (Q2)",
      "signal": "FCF MARGIN EXPANSION",
      "detail": "FCF margin: -15.7% -> -7.2% (+8.5%)",
      "severity": "MEDIUM"
    },
    {
      "quarter": "2024-03 (Q1)",
      "signal": "YoY REVENUE GROWTH DECELERATION",
      "detail": "YoY growth: +31.7% vs prior quarter YoY: +82.9% (decel: -51.1%)",
      "severity": "WARNING"
    },
    {
      "quarter": "2023-12 (Q4)",
      "signal": "YoY REVENUE GROWTH ACCELERATION",
      "detail": "YoY growth: +82.9% vs prior quarter YoY: +25.5% (accel: +57.3%)",
      "severity": "HIGH"
    },
    {
      "quarter": "2023-06 (Q2)",
      "signal": "FCF TURNED POSITIVE",
      "detail": "FCF margin: -90.2% -> +5.1%",
      "severity": "HIGH"
    },
    {
      "quarter": "2023-03 (Q1)",
      "signal": "YoY REVENUE GROWTH DECELERATION",
      "detail": "YoY growth: +32.4% vs prior quarter YoY: +69.0% (decel: -36.6%)",
      "severity": "WARNING"
    },
    {
      "quarter": "2022-12 (Q4)",
      "signal": "FCF MARGIN EXPANSION",
      "detail": "FCF margin: -68.7% -> -25.9% (+42.9%)",
      "severity": "MEDIUM"
    },
    {
      "quarter": "2022-12 (Q4)",
      "signal": "YoY REVENUE GROWTH DECELERATION",
      "detail": "YoY growth: +69.0% vs prior quarter YoY: +113.4% (decel: -44.4%)",
      "severity": "WARNING"
    },
    {
      "quarter": "2022-09 (Q3)",
      "signal": "FCF MARGIN EXPANSION",
      "detail": "FCF margin: -100.1% -> -68.7% (+31.3%)",
      "severity": "MEDIUM"
    },
    {
      "quarter": "2022-09 (Q3)",
      "signal": "YoY REVENUE GROWTH ACCELERATION",
      "detail": "YoY growth: +113.4% vs prior quarter YoY: +105.1% (accel: +8.3%)",
      "severity": "MEDIUM"
    },
    {
      "quarter": "2022-03 (Q1)",
      "signal": "FCF MARGIN EXPANSION",
      "detail": "FCF margin: -131.7% -> -91.2% (+40.5%)",
      "severity": "MEDIUM"
    },
    {
      "quarter": "2021-12 (Q4)",
      "signal": "FCF MARGIN EXPANSION",
      "detail": "FCF margin: -222.1% -> -131.7% (+90.4%)",
      "severity": "MEDIUM"
    }
  ],
  "data_quality": {
    "n_quarters": 20,
    "coverage": {
      "revenue": [
        20,
        20
      ],
      "gross_profit": [
        0,
        20
      ],
      "op_income": [
        20,
        20
      ],
      "fcf": [
        20,
        20
      ]
    },
    "gaps": [],
    "warnings": [
      "gross_profit: no data"
    ]
  },
  "market_cap": null,
  "source": "SEC EDGAR",
  "last_updated": "2026-02-02T22:02:09.291591"
}