{
  "ticker": "BKU",
  "name": "BankUnited,\u00a0Inc.",
  "quarters": [
    {
      "date": "2020-12-31T00:00:00",
      "quarter_label": "2020-12 (Q4)",
      "revenue": 4569000,
      "gross_profit": null,
      "operating_income": null,
      "net_income": 85737000,
      "opex": null,
      "cogs": null,
      "rd": null,
      "sga": null,
      "fcf": 229233000,
      "ocf": 229233000,
      "capex": null,
      "gross_margin": null,
      "op_margin": null,
      "fcf_margin": 50.17137229152988
    },
    {
      "date": "2021-03-31T00:00:00",
      "quarter_label": "2021-03 (Q1)",
      "revenue": 4900000,
      "gross_profit": null,
      "operating_income": null,
      "net_income": 98814000,
      "opex": null,
      "cogs": null,
      "rd": null,
      "sga": null,
      "fcf": 386399000,
      "ocf": 386399000,
      "capex": null,
      "gross_margin": null,
      "op_margin": null,
      "fcf_margin": 78.8569387755102,
      "fcf_margin_change": 28.685566483980324
    },
    {
      "date": "2021-06-30T00:00:00",
      "quarter_label": "2021-06 (Q2)",
      "revenue": 5417000,
      "gross_profit": null,
      "operating_income": null,
      "net_income": 103974000,
      "opex": null,
      "cogs": null,
      "rd": null,
      "sga": null,
      "fcf": 191400000,
      "ocf": 191400000,
      "capex": null,
      "gross_margin": null,
      "op_margin": null,
      "fcf_margin": 35.33321026398375,
      "fcf_margin_change": -43.52372851152645
    },
    {
      "date": "2021-09-30T00:00:00",
      "quarter_label": "2021-09 (Q3)",
      "revenue": 5553000,
      "gross_profit": null,
      "operating_income": null,
      "net_income": 86941000,
      "opex": null,
      "cogs": null,
      "rd": null,
      "sga": null,
      "fcf": 375222000,
      "ocf": 375222000,
      "capex": null,
      "gross_margin": null,
      "op_margin": null,
      "fcf_margin": 67.57104267963263,
      "fcf_margin_change": 32.237832415648874
    },
    {
      "date": "2021-12-31T00:00:00",
      "quarter_label": "2021-12 (Q4)",
      "revenue": 5815000,
      "gross_profit": null,
      "operating_income": null,
      "net_income": 125255000,
      "opex": null,
      "cogs": null,
      "rd": null,
      "sga": null,
      "fcf": 267154000,
      "ocf": 267154000,
      "capex": null,
      "gross_margin": null,
      "op_margin": null,
      "fcf_margin": 45.94221840068788,
      "rev_growth_yoy": 0.2727073757933902,
      "fcf_margin_change": -21.628824278944748
    },
    {
      "date": "2022-03-31T00:00:00",
      "quarter_label": "2022-03 (Q1)",
      "revenue": 5960000,
      "gross_profit": null,
      "operating_income": null,
      "net_income": 67150000,
      "opex": null,
      "cogs": null,
      "rd": null,
      "sga": null,
      "fcf": 457290000,
      "ocf": 457290000,
      "capex": null,
      "gross_margin": null,
      "op_margin": null,
      "fcf_margin": 76.72651006711409,
      "rev_growth_yoy": 0.2163265306122449,
      "rev_growth_yoy_accel": -0.056380845181145306,
      "fcf_margin_change": 30.784291666426213
    },
    {
      "date": "2022-06-30T00:00:00",
      "quarter_label": "2022-06 (Q2)",
      "revenue": 5896000,
      "gross_profit": null,
      "operating_income": null,
      "net_income": 65764000,
      "opex": null,
      "cogs": null,
      "rd": null,
      "sga": null,
      "fcf": 598140000,
      "ocf": 598140000,
      "capex": null,
      "gross_margin": null,
      "op_margin": null,
      "fcf_margin": 101.44843962008142,
      "rev_growth_yoy": 0.08842532767214326,
      "rev_growth_yoy_accel": -0.12790120294010165,
      "fcf_margin_change": 24.721929552967325
    },
    {
      "date": "2022-09-30T00:00:00",
      "quarter_label": "2022-09 (Q3)",
      "revenue": 6064000,
      "gross_profit": null,
      "operating_income": null,
      "net_income": 87850000,
      "opex": null,
      "cogs": null,
      "rd": null,
      "sga": null,
      "fcf": 261711000,
      "ocf": 261711000,
      "capex": null,
      "gross_margin": null,
      "op_margin": null,
      "fcf_margin": 43.15814643799472,
      "rev_growth_yoy": 0.09202233027192508,
      "rev_growth_yoy_accel": 0.0035970025997818234,
      "fcf_margin_change": -58.29029318208669
    },
    {
      "date": "2022-12-31T00:00:00",
      "quarter_label": "2022-12 (Q4)",
      "revenue": 5482000,
      "gross_profit": null,
      "operating_income": null,
      "net_income": 64207000,
      "opex": null,
      "cogs": null,
      "rd": null,
      "sga": null,
      "fcf": -23320000,
      "ocf": -23320000,
      "capex": null,
      "gross_margin": null,
      "op_margin": null,
      "fcf_margin": -4.253921926304269,
      "rev_growth_yoy": -0.057265692175408424,
      "rev_growth_yoy_accel": -0.1492880224473335,
      "fcf_margin_change": -47.41206836429899
    },
    {
      "date": "2023-03-31T00:00:00",
      "quarter_label": "2023-03 (Q1)",
      "revenue": 5545000,
      "gross_profit": null,
      "operating_income": null,
      "net_income": 52882000,
      "opex": null,
      "cogs": null,
      "rd": null,
      "sga": null,
      "fcf": 141368000,
      "ocf": 141368000,
      "capex": null,
      "gross_margin": null,
      "op_margin": null,
      "fcf_margin": 25.49467989179441,
      "rev_growth_yoy": -0.06963087248322147,
      "rev_growth_yoy_accel": -0.01236518030781305,
      "fcf_margin_change": 29.748601818098678
    },
    {
      "date": "2023-06-30T00:00:00",
      "quarter_label": "2023-06 (Q2)",
      "revenue": 5349000,
      "gross_profit": null,
      "operating_income": null,
      "net_income": 57996000,
      "opex": null,
      "cogs": null,
      "rd": null,
      "sga": null,
      "fcf": 282206000,
      "ocf": 282206000,
      "capex": null,
      "gross_margin": null,
      "op_margin": null,
      "fcf_margin": 52.75864647597682,
      "rev_growth_yoy": -0.09277476255088195,
      "rev_growth_yoy_accel": -0.023143890067660475,
      "fcf_margin_change": 27.26396658418241
    },
    {
      "date": "2023-09-30T00:00:00",
      "quarter_label": "2023-09 (Q3)",
      "revenue": 5402000,
      "gross_profit": null,
      "operating_income": null,
      "net_income": 46981000,
      "opex": null,
      "cogs": null,
      "rd": null,
      "sga": null,
      "fcf": 170142000,
      "ocf": 170142000,
      "capex": null,
      "gross_margin": null,
      "op_margin": null,
      "fcf_margin": 31.49611255090707,
      "rev_growth_yoy": -0.1091688654353562,
      "rev_growth_yoy_accel": -0.01639410288447425,
      "fcf_margin_change": -21.262533925069746
    },
    {
      "date": "2023-12-31T00:00:00",
      "quarter_label": "2023-12 (Q4)",
      "revenue": 5386000,
      "gross_profit": null,
      "operating_income": null,
      "net_income": 20812000,
      "opex": null,
      "cogs": null,
      "rd": null,
      "sga": null,
      "fcf": 63780000,
      "ocf": 63780000,
      "capex": null,
      "gross_margin": null,
      "op_margin": null,
      "fcf_margin": 11.841812105458596,
      "rev_growth_yoy": -0.017511856986501276,
      "rev_growth_yoy_accel": 0.09165700844885492,
      "fcf_margin_change": -19.654300445448477
    },
    {
      "date": "2024-03-31T00:00:00",
      "quarter_label": "2024-03 (Q1)",
      "revenue": 5499000,
      "gross_profit": null,
      "operating_income": null,
      "net_income": 47980000,
      "opex": null,
      "cogs": null,
      "rd": null,
      "sga": null,
      "fcf": 66496000,
      "ocf": 66496000,
      "capex": null,
      "gross_margin": null,
      "op_margin": null,
      "fcf_margin": 12.092380432805964,
      "rev_growth_yoy": -0.008295761947700632,
      "rev_growth_yoy_accel": 0.009216095038800644,
      "fcf_margin_change": 0.2505683273473682
    },
    {
      "date": "2024-06-30T00:00:00",
      "quarter_label": "2024-06 (Q2)",
      "revenue": 4909000,
      "gross_profit": null,
      "operating_income": null,
      "net_income": 53733000,
      "opex": null,
      "cogs": null,
      "rd": null,
      "sga": null,
      "fcf": 135684000,
      "ocf": 135684000,
      "capex": null,
      "gross_margin": null,
      "op_margin": null,
      "fcf_margin": 27.63984518231819,
      "rev_growth_yoy": -0.08225836604972891,
      "rev_growth_yoy_accel": -0.07396260410202829,
      "fcf_margin_change": 15.547464749512226
    },
    {
      "date": "2024-09-30T00:00:00",
      "quarter_label": "2024-09 (Q3)",
      "revenue": 5016000,
      "gross_profit": null,
      "operating_income": null,
      "net_income": 61452000,
      "opex": null,
      "cogs": null,
      "rd": null,
      "sga": null,
      "fcf": 46065000,
      "ocf": 46065000,
      "capex": null,
      "gross_margin": null,
      "op_margin": null,
      "fcf_margin": 9.183612440191387,
      "rev_growth_yoy": -0.07145501666049611,
      "rev_growth_yoy_accel": 0.010803349389232803,
      "fcf_margin_change": -18.4562327421268
    },
    {
      "date": "2024-12-31T00:00:00",
      "quarter_label": "2024-12 (Q4)",
      "revenue": 4988000,
      "gross_profit": null,
      "operating_income": null,
      "net_income": 69302000,
      "opex": null,
      "cogs": null,
      "rd": null,
      "sga": null,
      "fcf": 185535000,
      "ocf": 185535000,
      "capex": null,
      "gross_margin": null,
      "op_margin": null,
      "fcf_margin": 37.196271050521254,
      "rev_growth_yoy": -0.07389528406981062,
      "rev_growth_yoy_accel": -0.002440267409314509,
      "fcf_margin_change": 28.012658610329865
    },
    {
      "date": "2025-03-31T00:00:00",
      "quarter_label": "2025-03 (Q1)",
      "revenue": 5235000,
      "gross_profit": null,
      "operating_income": null,
      "net_income": 58476000,
      "opex": null,
      "cogs": null,
      "rd": null,
      "sga": null,
      "fcf": 16398000,
      "ocf": 16398000,
      "capex": null,
      "gross_margin": null,
      "op_margin": null,
      "fcf_margin": 3.132378223495702,
      "rev_growth_yoy": -0.04800872885979269,
      "rev_growth_yoy_accel": 0.025886555210017932,
      "fcf_margin_change": -34.063892827025555
    },
    {
      "date": "2025-06-30T00:00:00",
      "quarter_label": "2025-06 (Q2)",
      "revenue": 5323000,
      "gross_profit": null,
      "operating_income": null,
      "net_income": 68766000,
      "opex": null,
      "cogs": null,
      "rd": null,
      "sga": null,
      "fcf": 117584000,
      "ocf": 117584000,
      "capex": null,
      "gross_margin": null,
      "op_margin": null,
      "fcf_margin": 22.089798985534472,
      "rev_growth_yoy": 0.08433489509064983,
      "rev_growth_yoy_accel": 0.13234362395044252,
      "fcf_margin_change": 18.95742076203877
    },
    {
      "date": "2025-09-30T00:00:00",
      "quarter_label": "2025-09 (Q3)",
      "revenue": 5387000,
      "gross_profit": null,
      "operating_income": null,
      "net_income": 71851000,
      "opex": null,
      "cogs": null,
      "rd": null,
      "sga": null,
      "fcf": 99736000,
      "ocf": 99736000,
      "capex": null,
      "gross_margin": null,
      "op_margin": null,
      "fcf_margin": 18.514200853907557,
      "rev_growth_yoy": 0.07396331738437002,
      "rev_growth_yoy_accel": -0.010371577706279805,
      "fcf_margin_change": -3.575598131626915
    }
  ],
  "signals": [
    {
      "quarter": "2025-06 (Q2)",
      "signal": "FCF MARGIN EXPANSION",
      "detail": "FCF margin: +313.2% -> +2209.0% (+1895.7%)",
      "severity": "MEDIUM"
    },
    {
      "quarter": "2025-06 (Q2)",
      "signal": "YoY REVENUE GROWTH ACCELERATION",
      "detail": "YoY growth: +8.4% vs prior quarter YoY: -4.8% (accel: +13.2%)",
      "severity": "MEDIUM"
    },
    {
      "quarter": "2024-12 (Q4)",
      "signal": "FCF MARGIN EXPANSION",
      "detail": "FCF margin: +918.4% -> +3719.6% (+2801.3%)",
      "severity": "MEDIUM"
    },
    {
      "quarter": "2024-06 (Q2)",
      "signal": "FCF MARGIN EXPANSION",
      "detail": "FCF margin: +1209.2% -> +2764.0% (+1554.7%)",
      "severity": "MEDIUM"
    },
    {
      "quarter": "2024-06 (Q2)",
      "signal": "YoY REVENUE GROWTH DECELERATION",
      "detail": "YoY growth: -8.2% vs prior quarter YoY: -0.8% (decel: -7.4%)",
      "severity": "WARNING"
    },
    {
      "quarter": "2024-03 (Q1)",
      "signal": "FCF MARGIN EXPANSION",
      "detail": "FCF margin: +1184.2% -> +1209.2% (+25.1%)",
      "severity": "MEDIUM"
    },
    {
      "quarter": "2023-12 (Q4)",
      "signal": "YoY REVENUE GROWTH ACCELERATION",
      "detail": "YoY growth: -1.8% vs prior quarter YoY: -10.9% (accel: +9.2%)",
      "severity": "MEDIUM"
    },
    {
      "quarter": "2023-06 (Q2)",
      "signal": "FCF MARGIN EXPANSION",
      "detail": "FCF margin: +2549.5% -> +5275.9% (+2726.4%)",
      "severity": "MEDIUM"
    },
    {
      "quarter": "2023-03 (Q1)",
      "signal": "FCF TURNED POSITIVE",
      "detail": "FCF margin: -425.4% -> +2549.5%",
      "severity": "HIGH"
    },
    {
      "quarter": "2022-12 (Q4)",
      "signal": "YoY REVENUE GROWTH DECELERATION",
      "detail": "YoY growth: -5.7% vs prior quarter YoY: +9.2% (decel: -14.9%)",
      "severity": "WARNING"
    },
    {
      "quarter": "2022-06 (Q2)",
      "signal": "FCF MARGIN EXPANSION",
      "detail": "FCF margin: +7672.7% -> +10144.8% (+2472.2%)",
      "severity": "MEDIUM"
    },
    {
      "quarter": "2022-06 (Q2)",
      "signal": "YoY REVENUE GROWTH DECELERATION",
      "detail": "YoY growth: +8.8% vs prior quarter YoY: +21.6% (decel: -12.8%)",
      "severity": "WARNING"
    },
    {
      "quarter": "2022-03 (Q1)",
      "signal": "FCF MARGIN EXPANSION",
      "detail": "FCF margin: +4594.2% -> +7672.7% (+3078.4%)",
      "severity": "MEDIUM"
    },
    {
      "quarter": "2022-03 (Q1)",
      "signal": "YoY REVENUE GROWTH DECELERATION",
      "detail": "YoY growth: +21.6% vs prior quarter YoY: +27.3% (decel: -5.6%)",
      "severity": "WARNING"
    },
    {
      "quarter": "2021-09 (Q3)",
      "signal": "FCF MARGIN EXPANSION",
      "detail": "FCF margin: +3533.3% -> +6757.1% (+3223.8%)",
      "severity": "MEDIUM"
    },
    {
      "quarter": "2021-03 (Q1)",
      "signal": "FCF MARGIN EXPANSION",
      "detail": "FCF margin: +5017.1% -> +7885.7% (+2868.6%)",
      "severity": "MEDIUM"
    }
  ],
  "data_quality": {
    "n_quarters": 20,
    "coverage": {
      "revenue": [
        20,
        20
      ],
      "gross_profit": [
        0,
        20
      ],
      "op_income": [
        0,
        20
      ],
      "fcf": [
        20,
        20
      ]
    },
    "gaps": [],
    "warnings": [
      "gross_profit: no data",
      "op_income: no data"
    ]
  },
  "market_cap": null,
  "source": "SEC EDGAR",
  "last_updated": "2026-02-02T21:16:57.256222"
}