{
  "ticker": "BKV",
  "name": "BKV CORPORATION",
  "quarters": [
    {
      "date": "2023-09-30T00:00:00",
      "quarter_label": "2023-09 (Q3)",
      "revenue": 182071000,
      "gross_profit": null,
      "operating_income": -5295000,
      "net_income": 18564000,
      "opex": 196662000,
      "cogs": null,
      "rd": null,
      "sga": null,
      "fcf": null,
      "ocf": null,
      "capex": null,
      "gross_margin": null,
      "op_margin": -0.029082061393632154,
      "fcf_margin": null
    },
    {
      "date": "2023-12-31T00:00:00",
      "quarter_label": "2023-12 (Q4)",
      "revenue": 187828000,
      "gross_profit": null,
      "operating_income": 58378000,
      "net_income": 37540000,
      "opex": 243818000,
      "cogs": null,
      "rd": null,
      "sga": null,
      "fcf": 7645000,
      "ocf": 7645000,
      "capex": null,
      "gross_margin": null,
      "op_margin": 0.3108056306833912,
      "fcf_margin": 0.040702131737547116,
      "op_leverage_ratio": 0.13186785576759172
    },
    {
      "date": "2024-03-31T00:00:00",
      "quarter_label": "2024-03 (Q1)",
      "revenue": 155593000,
      "gross_profit": null,
      "operating_income": -34363000,
      "net_income": -38585000,
      "opex": 186277000,
      "cogs": null,
      "rd": null,
      "sga": null,
      "fcf": 19251000,
      "ocf": 19251000,
      "capex": null,
      "gross_margin": null,
      "op_margin": -0.22085183780761344,
      "fcf_margin": 0.12372664580026094,
      "fcf_margin_change": 0.08302451406271383
    },
    {
      "date": "2024-06-30T00:00:00",
      "quarter_label": "2024-06 (Q2)",
      "revenue": 133956000,
      "gross_profit": null,
      "operating_income": -43181000,
      "net_income": -59697000,
      "opex": 179379000,
      "cogs": null,
      "rd": null,
      "sga": null,
      "fcf": -9469000,
      "ocf": -9469000,
      "capex": null,
      "gross_margin": null,
      "op_margin": -0.32235211562005434,
      "fcf_margin": -0.07068738988921736,
      "fcf_margin_change": -0.1944140356894783
    },
    {
      "date": "2024-09-30T00:00:00",
      "quarter_label": "2024-09 (Q3)",
      "revenue": 137779000,
      "gross_profit": null,
      "operating_income": -20988000,
      "net_income": 12869000,
      "opex": 194075000,
      "cogs": null,
      "rd": null,
      "sga": null,
      "fcf": 12220000,
      "ocf": 64994000,
      "capex": -52774000,
      "gross_margin": null,
      "op_margin": -0.15233090674195632,
      "fcf_margin": 0.0886927615964697,
      "incr_op_margin_yoy": 0.35430777567055,
      "rev_growth_yoy": -0.2432677362127961,
      "op_leverage_ratio": 0.3483490115247261,
      "fcf_margin_change": 0.15938015148568707
    },
    {
      "date": "2024-12-31T00:00:00",
      "quarter_label": "2024-12 (Q4)",
      "revenue": 174258000,
      "gross_profit": null,
      "operating_income": -56269000,
      "net_income": -57457000,
      "opex": 176051000,
      "cogs": null,
      "rd": null,
      "sga": null,
      "fcf": 43762000,
      "ocf": 43762000,
      "capex": null,
      "gross_margin": null,
      "op_margin": -0.3229062654225344,
      "fcf_margin": 0.25113337694682597,
      "incr_op_margin_yoy": 8.448563006632277,
      "rev_growth_yoy": -0.07224694933662713,
      "rev_growth_yoy_accel": 0.17102078687616895,
      "op_leverage_ratio": Infinity,
      "fcf_margin_change": 0.16244061535035625
    },
    {
      "date": "2025-03-31T00:00:00",
      "quarter_label": "2025-03 (Q1)",
      "revenue": 231011000,
      "gross_profit": null,
      "operating_income": -93703000,
      "net_income": -78666000,
      "opex": 172523000,
      "cogs": null,
      "rd": null,
      "sga": null,
      "fcf": 22620000,
      "ocf": 22620000,
      "capex": null,
      "gross_margin": null,
      "op_margin": -0.4056213773370099,
      "fcf_margin": 0.09791741518802136,
      "incr_op_margin_yoy": -0.786814818743536,
      "rev_growth_yoy": 0.48471332257877925,
      "rev_growth_yoy_accel": 0.5569602719154064,
      "op_leverage_ratio": Infinity,
      "fcf_margin_change": -0.15321596175880461
    },
    {
      "date": "2025-06-30T00:00:00",
      "quarter_label": "2025-06 (Q2)",
      "revenue": 207144000,
      "gross_profit": null,
      "operating_income": 128398000,
      "net_income": 104572000,
      "opex": 193646000,
      "cogs": null,
      "rd": null,
      "sga": null,
      "fcf": 76163000,
      "ocf": 76163000,
      "capex": null,
      "gross_margin": null,
      "op_margin": 0.6198489939365852,
      "fcf_margin": 0.367681419688719,
      "incr_op_margin_yoy": 2.3443597311034594,
      "rev_growth_yoy": 0.5463585057780167,
      "rev_growth_yoy_accel": 0.06164518319923745,
      "fcf_margin_change": 0.2697640045006976
    },
    {
      "date": "2025-09-30T00:00:00",
      "quarter_label": "2025-09 (Q3)",
      "revenue": 199762000,
      "gross_profit": null,
      "operating_income": 82296000,
      "net_income": 76850000,
      "opex": 195562000,
      "cogs": null,
      "rd": null,
      "sga": null,
      "fcf": -126934000,
      "ocf": 74535000,
      "capex": -201469000,
      "gross_margin": null,
      "op_margin": 0.41197024459106335,
      "fcf_margin": -0.6354261571269811,
      "incr_op_margin_yoy": 1.6663278640917671,
      "rev_growth_yoy": 0.4498726220977072,
      "rev_growth_yoy_accel": -0.09648588368030953,
      "fcf_margin_change": -1.0031075768157
    }
  ],
  "signals": [
    {
      "quarter": "2025-09 (Q3)",
      "signal": "YoY REVENUE GROWTH DECELERATION",
      "detail": "YoY growth: +45.0% vs prior quarter YoY: +54.6% (decel: -9.6%)",
      "severity": "WARNING"
    },
    {
      "quarter": "2025-09 (Q3)",
      "signal": "OP MARGIN TURNED POSITIVE (YoY)",
      "detail": "Op margin: -15.2% (year-ago) -> +41.2%",
      "severity": "HIGH"
    },
    {
      "quarter": "2025-06 (Q2)",
      "signal": "FCF MARGIN EXPANSION",
      "detail": "FCF margin: +9.8% -> +36.8% (+27.0%)",
      "severity": "MEDIUM"
    },
    {
      "quarter": "2025-06 (Q2)",
      "signal": "YoY REVENUE GROWTH ACCELERATION",
      "detail": "YoY growth: +54.6% vs prior quarter YoY: +48.5% (accel: +6.2%)",
      "severity": "MEDIUM"
    },
    {
      "quarter": "2025-06 (Q2)",
      "signal": "OP MARGIN TURNED POSITIVE (YoY)",
      "detail": "Op margin: -32.2% (year-ago) -> +62.0%",
      "severity": "HIGH"
    },
    {
      "quarter": "2025-06 (Q2)",
      "signal": "OP MARGIN TURNED POSITIVE (QoQ)",
      "detail": "Op margin: -40.6% -> +62.0%",
      "severity": "HIGH"
    },
    {
      "quarter": "2025-03 (Q1)",
      "signal": "YoY REVENUE GROWTH ACCELERATION",
      "detail": "YoY growth: +48.5% vs prior quarter YoY: -7.2% (accel: +55.7%)",
      "severity": "HIGH"
    },
    {
      "quarter": "2024-12 (Q4)",
      "signal": "FCF MARGIN EXPANSION",
      "detail": "FCF margin: +8.9% -> +25.1% (+16.2%)",
      "severity": "MEDIUM"
    },
    {
      "quarter": "2024-12 (Q4)",
      "signal": "YoY REVENUE GROWTH ACCELERATION",
      "detail": "YoY growth: -7.2% vs prior quarter YoY: -24.3% (accel: +17.1%)",
      "severity": "HIGH"
    },
    {
      "quarter": "2024-09 (Q3)",
      "signal": "FCF TURNED POSITIVE",
      "detail": "FCF margin: -7.1% -> +8.9%",
      "severity": "HIGH"
    },
    {
      "quarter": "2024-03 (Q1)",
      "signal": "FCF MARGIN EXPANSION",
      "detail": "FCF margin: +4.1% -> +12.4% (+8.3%)",
      "severity": "MEDIUM"
    },
    {
      "quarter": "2023-12 (Q4)",
      "signal": "OP MARGIN TURNED POSITIVE (QoQ)",
      "detail": "Op margin: -2.9% -> +31.1%",
      "severity": "HIGH"
    }
  ],
  "data_quality": {
    "n_quarters": 9,
    "coverage": {
      "revenue": [
        9,
        9
      ],
      "gross_profit": [
        0,
        9
      ],
      "op_income": [
        9,
        9
      ],
      "fcf": [
        8,
        9
      ]
    },
    "gaps": [],
    "warnings": [
      "gross_profit: no data"
    ]
  },
  "market_cap": null,
  "source": "SEC EDGAR",
  "last_updated": "2026-02-02T21:26:10.859981"
}