{
  "ticker": "BLCO",
  "name": "Bausch & Lomb Corp",
  "sector": "Healthcare",
  "industry": "Medical Instruments & Supplies",
  "quarters": [
    {
      "date": "2021-03-31T00:00:00",
      "quarter_label": "2021-03 (Q1)",
      "revenue": 881000000,
      "gross_profit": null,
      "operating_income": 85000000,
      "net_income": 27000000,
      "opex": 796000000,
      "cogs": null,
      "rd": null,
      "sga": 318000000,
      "fcf": 143000000,
      "ocf": 188000000,
      "capex": -45000000,
      "gross_margin": null,
      "op_margin": 0.09648127128263337,
      "fcf_margin": 0.1623155505107832
    },
    {
      "date": "2021-06-30T00:00:00",
      "quarter_label": "2021-06 (Q2)",
      "revenue": 934000000,
      "gross_profit": null,
      "operating_income": 58000000,
      "net_income": 44000000,
      "opex": 876000000,
      "cogs": null,
      "rd": null,
      "sga": 358000000,
      "fcf": 205000000,
      "ocf": 250000000,
      "capex": -45000000,
      "gross_margin": null,
      "op_margin": 0.06209850107066381,
      "fcf_margin": 0.21948608137044967,
      "op_leverage_ratio": 0.5985811577752553,
      "fcf_margin_change": 0.057170530859666474
    },
    {
      "date": "2021-09-30T00:00:00",
      "quarter_label": "2021-09 (Q3)",
      "revenue": 949000000,
      "gross_profit": null,
      "operating_income": 94000000,
      "net_income": 60000000,
      "opex": 855000000,
      "cogs": null,
      "rd": null,
      "sga": 348000000,
      "fcf": 232000000,
      "ocf": 273000000,
      "capex": -41000000,
      "gross_margin": null,
      "op_margin": 0.09905163329820864,
      "fcf_margin": 0.24446786090621708,
      "op_leverage_ratio": null,
      "fcf_margin_change": 0.024981779535767412
    },
    {
      "date": "2021-12-31T00:00:00",
      "quarter_label": "2021-12 (Q4)",
      "revenue": 1001000000,
      "gross_profit": null,
      "operating_income": 92000000,
      "net_income": 51000000,
      "opex": 909000000,
      "cogs": null,
      "rd": null,
      "sga": 365000000,
      "fcf": 100000000,
      "ocf": 162000000,
      "capex": -62000000,
      "gross_margin": null,
      "op_margin": 0.0919080919080919,
      "fcf_margin": 0.0999000999000999,
      "op_leverage_ratio": 0.867579908675799,
      "fcf_margin_change": -0.14456776100611718
    },
    {
      "date": "2022-03-31T00:00:00",
      "quarter_label": "2022-03 (Q1)",
      "revenue": 889000000,
      "gross_profit": null,
      "operating_income": 54000000,
      "net_income": 20000000,
      "opex": 835000000,
      "cogs": null,
      "rd": null,
      "sga": 343000000,
      "fcf": -39000000,
      "ocf": 3000000,
      "capex": -42000000,
      "gross_margin": null,
      "op_margin": 0.06074240719910011,
      "fcf_margin": -0.043869516310461196,
      "incr_op_margin_yoy": -3.875,
      "rev_growth_yoy": 0.009080590238365494,
      "fcf_margin_change": -0.1437696162105611
    },
    {
      "date": "2022-06-30T00:00:00",
      "quarter_label": "2022-06 (Q2)",
      "revenue": 941000000,
      "gross_profit": null,
      "operating_income": 56000000,
      "net_income": 5000000,
      "opex": 885000000,
      "cogs": null,
      "rd": null,
      "sga": 368000000,
      "fcf": 122000000,
      "ocf": 156000000,
      "capex": -34000000,
      "gross_margin": null,
      "op_margin": 0.05951115834218916,
      "fcf_margin": 0.12964930924548354,
      "incr_op_margin_yoy": -0.2857142857142857,
      "rev_growth_yoy": 0.007494646680942184,
      "rev_growth_yoy_accel": -0.0015859435574233091,
      "op_leverage_ratio": 0.9768278965129359,
      "fcf_margin_change": 0.17351882555594472
    },
    {
      "date": "2022-09-30T00:00:00",
      "quarter_label": "2022-09 (Q3)",
      "revenue": 942000000,
      "gross_profit": null,
      "operating_income": 46000000,
      "net_income": -18000000,
      "opex": 896000000,
      "cogs": null,
      "rd": null,
      "sga": 381000000,
      "fcf": -22000000,
      "ocf": 27000000,
      "capex": -49000000,
      "gross_margin": null,
      "op_margin": 0.04883227176220807,
      "fcf_margin": -0.02335456475583864,
      "incr_op_margin_yoy": 6.857142857142857,
      "rev_growth_yoy": -0.007376185458377239,
      "rev_growth_yoy_accel": -0.014870832139319425,
      "fcf_margin_change": -0.15300387400132218
    },
    {
      "date": "2022-12-31T00:00:00",
      "quarter_label": "2022-12 (Q4)",
      "revenue": 996000000,
      "gross_profit": null,
      "operating_income": 51000000,
      "net_income": -1000000,
      "opex": 945000000,
      "cogs": null,
      "rd": null,
      "sga": 386000000,
      "fcf": 109000000,
      "ocf": 159000000,
      "capex": -50000000,
      "gross_margin": null,
      "op_margin": 0.05120481927710843,
      "fcf_margin": 0.10943775100401607,
      "incr_op_margin_yoy": 8.2,
      "rev_growth_yoy": -0.004995004995004995,
      "rev_growth_yoy_accel": 0.0023811804633722443,
      "op_leverage_ratio": 1.0482256596906279,
      "fcf_margin_change": 0.1327923157598547
    },
    {
      "date": "2023-03-31T00:00:00",
      "quarter_label": "2023-03 (Q1)",
      "revenue": 931000000,
      "gross_profit": null,
      "operating_income": -2000000,
      "net_income": -90000000,
      "opex": 933000000,
      "cogs": null,
      "rd": null,
      "sga": 418000000,
      "fcf": -93000000,
      "ocf": -56000000,
      "capex": -37000000,
      "gross_margin": null,
      "op_margin": -0.0021482277121374865,
      "fcf_margin": -0.09989258861439312,
      "incr_op_margin_yoy": -1.3333333333333333,
      "rev_growth_yoy": 0.047244094488188976,
      "rev_growth_yoy_accel": 0.05223909948319397,
      "fcf_margin_change": -0.2093303396184092
    },
    {
      "date": "2023-06-30T00:00:00",
      "quarter_label": "2023-06 (Q2)",
      "revenue": 1035000000,
      "gross_profit": null,
      "operating_income": 43000000,
      "net_income": -32000000,
      "opex": 992000000,
      "cogs": null,
      "rd": null,
      "sga": 417000000,
      "fcf": -51000000,
      "ocf": -24000000,
      "capex": -27000000,
      "gross_margin": null,
      "op_margin": 0.04154589371980676,
      "fcf_margin": -0.04927536231884058,
      "incr_op_margin_yoy": -0.13829787234042554,
      "rev_growth_yoy": 0.09989373007438895,
      "rev_growth_yoy_accel": 0.05264963558619998,
      "op_leverage_ratio": 1.766498570882412,
      "fcf_margin_change": 0.05061722629555254
    },
    {
      "date": "2023-09-30T00:00:00",
      "quarter_label": "2023-09 (Q3)",
      "revenue": 1007000000,
      "gross_profit": null,
      "operating_income": 40000000,
      "net_income": -84000000,
      "opex": 967000000,
      "cogs": null,
      "rd": null,
      "sga": 418000000,
      "fcf": 15000000,
      "ocf": 48000000,
      "capex": -33000000,
      "gross_margin": null,
      "op_margin": 0.039721946375372394,
      "fcf_margin": 0.014895729890764648,
      "incr_op_margin_yoy": -0.09230769230769231,
      "rev_growth_yoy": 0.06900212314225053,
      "rev_growth_yoy_accel": -0.030891606932138424,
      "fcf_margin_change": 0.06417109220960523
    },
    {
      "date": "2023-12-31T00:00:00",
      "quarter_label": "2023-12 (Q4)",
      "revenue": 1173000000,
      "gross_profit": null,
      "operating_income": 49000000,
      "net_income": -54000000,
      "opex": 1124000000,
      "cogs": null,
      "rd": null,
      "sga": 483000000,
      "fcf": -69000000,
      "ocf": 15000000,
      "capex": -84000000,
      "gross_margin": null,
      "op_margin": 0.041773231031543054,
      "fcf_margin": -0.058823529411764705,
      "incr_op_margin_yoy": -0.011299435028248588,
      "rev_growth_yoy": 0.17771084337349397,
      "rev_growth_yoy_accel": 0.10870872023124344,
      "op_leverage_ratio": 1.0153258401381413,
      "fcf_margin_change": -0.07371925930252936
    },
    {
      "date": "2024-03-31T00:00:00",
      "quarter_label": "2024-03 (Q1)",
      "revenue": 1099000000,
      "gross_profit": null,
      "operating_income": 6000000,
      "net_income": -167000000,
      "opex": 1093000000,
      "cogs": null,
      "rd": null,
      "sga": 504000000,
      "fcf": -26000000,
      "ocf": 41000000,
      "capex": -67000000,
      "gross_margin": null,
      "op_margin": 0.00545950864422202,
      "fcf_margin": -0.023657870791628753,
      "incr_op_margin_yoy": 0.047619047619047616,
      "rev_growth_yoy": 0.18045112781954886,
      "rev_growth_yoy_accel": 0.002740284446054897,
      "fcf_margin_change": 0.03516565862013595
    },
    {
      "date": "2024-06-30T00:00:00",
      "quarter_label": "2024-06 (Q2)",
      "revenue": 1216000000,
      "gross_profit": null,
      "operating_income": 26000000,
      "net_income": -151000000,
      "opex": 1190000000,
      "cogs": null,
      "rd": null,
      "sga": 535000000,
      "fcf": -57000000,
      "ocf": 15000000,
      "capex": -72000000,
      "gross_margin": null,
      "op_margin": 0.02138157894736842,
      "fcf_margin": -0.046875,
      "incr_op_margin_yoy": -0.09392265193370165,
      "rev_growth_yoy": 0.1748792270531401,
      "rev_growth_yoy_accel": -0.0055719007664087605,
      "op_leverage_ratio": 1.1996003864806808,
      "fcf_margin_change": -0.023217129208371247
    },
    {
      "date": "2024-09-30T00:00:00",
      "quarter_label": "2024-09 (Q3)",
      "revenue": 1196000000,
      "gross_profit": null,
      "operating_income": 43000000,
      "net_income": 4000000,
      "opex": 1153000000,
      "cogs": null,
      "rd": null,
      "sga": 511000000,
      "fcf": 94000000,
      "ocf": 154000000,
      "capex": -60000000,
      "gross_margin": null,
      "op_margin": 0.03595317725752508,
      "fcf_margin": 0.07859531772575251,
      "incr_op_margin_yoy": 0.015873015873015872,
      "rev_growth_yoy": 0.18768619662363456,
      "rev_growth_yoy_accel": 0.012806969570494459,
      "fcf_margin_change": 0.1254703177257525
    },
    {
      "date": "2024-12-31T00:00:00",
      "quarter_label": "2024-12 (Q4)",
      "revenue": 1280000000,
      "gross_profit": null,
      "operating_income": 87000000,
      "net_income": -3000000,
      "opex": 1193000000,
      "cogs": null,
      "rd": null,
      "sga": 532000000,
      "fcf": -70000000,
      "ocf": 22000000,
      "capex": -92000000,
      "gross_margin": null,
      "op_margin": 0.06796875,
      "fcf_margin": -0.0546875,
      "incr_op_margin_yoy": 0.35514018691588783,
      "rev_growth_yoy": 0.09121909633418585,
      "rev_growth_yoy_accel": -0.09646710028944872,
      "op_leverage_ratio": 2.0244983277591975,
      "fcf_margin_change": -0.1332828177257525
    },
    {
      "date": "2025-03-31T00:00:00",
      "quarter_label": "2025-03 (Q1)",
      "revenue": 1137000000,
      "gross_profit": null,
      "operating_income": -83000000,
      "net_income": -212000000,
      "opex": 1220000000,
      "cogs": null,
      "rd": null,
      "sga": 563000000,
      "fcf": -135000000,
      "ocf": -25000000,
      "capex": -110000000,
      "gross_margin": null,
      "op_margin": -0.07299912049252419,
      "fcf_margin": -0.11873350923482849,
      "incr_op_margin_yoy": -2.3421052631578947,
      "rev_growth_yoy": 0.034576888080072796,
      "rev_growth_yoy_accel": -0.05664220825411305,
      "fcf_margin_change": -0.06404600923482849
    },
    {
      "date": "2025-06-30T00:00:00",
      "quarter_label": "2025-06 (Q2)",
      "revenue": 1278000000,
      "gross_profit": null,
      "operating_income": -11000000,
      "net_income": -62000000,
      "opex": 1289000000,
      "cogs": null,
      "rd": null,
      "sga": 579000000,
      "fcf": -54000000,
      "ocf": 35000000,
      "capex": -89000000,
      "gross_margin": null,
      "op_margin": -0.008607198748043818,
      "fcf_margin": -0.04225352112676056,
      "incr_op_margin_yoy": -0.5967741935483871,
      "rev_growth_yoy": 0.05098684210526316,
      "rev_growth_yoy_accel": 0.01640995402519036,
      "op_leverage_ratio": 2.1926503766586363,
      "fcf_margin_change": 0.07647998810806793
    },
    {
      "date": "2025-09-30T00:00:00",
      "quarter_label": "2025-09 (Q3)",
      "revenue": 1281000000,
      "gross_profit": null,
      "operating_income": 95000000,
      "net_income": -28000000,
      "opex": 1186000000,
      "cogs": null,
      "rd": null,
      "sga": 528000000,
      "fcf": 63000000,
      "ocf": 137000000,
      "capex": -74000000,
      "gross_margin": null,
      "op_margin": 0.0741608118657299,
      "fcf_margin": 0.04918032786885246,
      "incr_op_margin_yoy": 0.611764705882353,
      "rev_growth_yoy": 0.07107023411371237,
      "rev_growth_yoy_accel": 0.020083392008449212,
      "fcf_margin_change": 0.09143384899561302
    },
    {
      "date": "2025-12-31T00:00:00",
      "quarter_label": "2025-12 (Q4)",
      "revenue": 1405000000,
      "gross_profit": null,
      "operating_income": 112000000,
      "net_income": -58000000,
      "opex": 1293000000,
      "cogs": null,
      "rd": null,
      "sga": 564000000,
      "fcf": 60000000,
      "ocf": 136000000,
      "capex": -76000000,
      "gross_margin": null,
      "op_margin": 0.0797153024911032,
      "fcf_margin": 0.042704626334519574,
      "incr_op_margin_yoy": 0.2,
      "rev_growth_yoy": 0.09765625,
      "rev_growth_yoy_accel": 0.02658601588628763,
      "op_leverage_ratio": 1.072935133912612,
      "fcf_margin_change": -0.006475701534332884
    }
  ],
  "signals": [
    {
      "quarter": "2025-12 (Q4)",
      "signal": "INCREMENTAL MARGIN (YoY)",
      "detail": "YoY Incr OPM: +20.0% vs year-ago OPM: +6.8%",
      "severity": "MEDIUM"
    },
    {
      "quarter": "2025-09 (Q3)",
      "signal": "FCF TURNED POSITIVE",
      "detail": "FCF margin: -4.2% -> +4.9%",
      "severity": "HIGH"
    },
    {
      "quarter": "2025-09 (Q3)",
      "signal": "INCREMENTAL MARGIN (YoY)",
      "detail": "YoY Incr OPM: +61.2% vs year-ago OPM: +3.6%",
      "severity": "HIGH"
    },
    {
      "quarter": "2025-09 (Q3)",
      "signal": "OP MARGIN TURNED POSITIVE (QoQ)",
      "detail": "Op margin: -0.9% -> +7.4%",
      "severity": "HIGH"
    },
    {
      "quarter": "2025-06 (Q2)",
      "signal": "FCF MARGIN EXPANSION",
      "detail": "FCF margin: -11.9% -> -4.2% (+7.6%)",
      "severity": "MEDIUM"
    },
    {
      "quarter": "2025-06 (Q2)",
      "signal": "OPERATING LEVERAGE",
      "detail": "Rev growth +12.4% vs OpEx growth +5.7% (leverage: 2.2x)",
      "severity": "MEDIUM"
    },
    {
      "quarter": "2025-03 (Q1)",
      "signal": "YoY REVENUE GROWTH DECELERATION",
      "detail": "YoY growth: +3.5% vs prior quarter YoY: +9.1% (decel: -5.7%)",
      "severity": "WARNING"
    },
    {
      "quarter": "2024-12 (Q4)",
      "signal": "OPERATING LEVERAGE",
      "detail": "Rev growth +7.0% vs OpEx growth +3.5% (leverage: 2.0x)",
      "severity": "MEDIUM"
    },
    {
      "quarter": "2024-12 (Q4)",
      "signal": "YoY REVENUE GROWTH DECELERATION",
      "detail": "YoY growth: +9.1% vs prior quarter YoY: +18.8% (decel: -9.6%)",
      "severity": "WARNING"
    },
    {
      "quarter": "2024-12 (Q4)",
      "signal": "INCREMENTAL MARGIN (YoY)",
      "detail": "YoY Incr OPM: +35.5% vs year-ago OPM: +4.2%",
      "severity": "HIGH"
    },
    {
      "quarter": "2024-09 (Q3)",
      "signal": "FCF TURNED POSITIVE",
      "detail": "FCF margin: -4.7% -> +7.9%",
      "severity": "HIGH"
    },
    {
      "quarter": "2024-03 (Q1)",
      "signal": "OP MARGIN TURNED POSITIVE (YoY)",
      "detail": "Op margin: -0.2% (year-ago) -> +0.5%",
      "severity": "HIGH"
    },
    {
      "quarter": "2023-12 (Q4)",
      "signal": "YoY REVENUE GROWTH ACCELERATION",
      "detail": "YoY growth: +17.8% vs prior quarter YoY: +6.9% (accel: +10.9%)",
      "severity": "MEDIUM"
    },
    {
      "quarter": "2023-09 (Q3)",
      "signal": "FCF TURNED POSITIVE",
      "detail": "FCF margin: -4.9% -> +1.5%",
      "severity": "HIGH"
    },
    {
      "quarter": "2023-06 (Q2)",
      "signal": "FCF MARGIN EXPANSION",
      "detail": "FCF margin: -10.0% -> -4.9% (+5.1%)",
      "severity": "MEDIUM"
    },
    {
      "quarter": "2023-06 (Q2)",
      "signal": "OPERATING LEVERAGE",
      "detail": "Rev growth +11.2% vs OpEx growth +6.3% (leverage: 1.8x)",
      "severity": "MEDIUM"
    },
    {
      "quarter": "2023-06 (Q2)",
      "signal": "YoY REVENUE GROWTH ACCELERATION",
      "detail": "YoY growth: +10.0% vs prior quarter YoY: +4.7% (accel: +5.3%)",
      "severity": "MEDIUM"
    },
    {
      "quarter": "2023-06 (Q2)",
      "signal": "OP MARGIN TURNED POSITIVE (QoQ)",
      "detail": "Op margin: -0.2% -> +4.2%",
      "severity": "HIGH"
    },
    {
      "quarter": "2023-03 (Q1)",
      "signal": "YoY REVENUE GROWTH ACCELERATION",
      "detail": "YoY growth: +4.7% vs prior quarter YoY: -0.5% (accel: +5.2%)",
      "severity": "MEDIUM"
    },
    {
      "quarter": "2022-12 (Q4)",
      "signal": "FCF TURNED POSITIVE",
      "detail": "FCF margin: -2.3% -> +10.9%",
      "severity": "HIGH"
    },
    {
      "quarter": "2022-12 (Q4)",
      "signal": "INCREMENTAL MARGIN (YoY)",
      "detail": "YoY Incr OPM: +820.0% vs year-ago OPM: +9.2%",
      "severity": "HIGH"
    },
    {
      "quarter": "2022-09 (Q3)",
      "signal": "INCREMENTAL MARGIN (YoY)",
      "detail": "YoY Incr OPM: +685.7% vs year-ago OPM: +9.9%",
      "severity": "HIGH"
    },
    {
      "quarter": "2022-06 (Q2)",
      "signal": "FCF TURNED POSITIVE",
      "detail": "FCF margin: -4.4% -> +13.0%",
      "severity": "HIGH"
    },
    {
      "quarter": "2021-06 (Q2)",
      "signal": "FCF MARGIN EXPANSION",
      "detail": "FCF margin: +16.2% -> +21.9% (+5.7%)",
      "severity": "MEDIUM"
    }
  ],
  "data_quality": {
    "n_quarters": 20,
    "coverage": {
      "revenue": [
        20,
        20
      ],
      "gross_profit": [
        0,
        20
      ],
      "op_income": [
        20,
        20
      ],
      "fcf": [
        20,
        20
      ]
    },
    "gaps": [],
    "warnings": [
      "gross_profit: no data"
    ]
  },
  "market_cap": null,
  "source": "SEC EDGAR",
  "last_updated": "2026-02-24T10:27:24.985797"
}