{
  "ticker": "BLFS",
  "name": "BioLife Solutions, Inc",
  "quarters": [
    {
      "date": "2020-12-31T00:00:00",
      "quarter_label": "2020-12 (Q4)",
      "revenue": 14726000,
      "gross_profit": null,
      "operating_income": -4743000,
      "net_income": -2128000,
      "opex": 19469000,
      "cogs": null,
      "rd": 1855000,
      "sga": null,
      "fcf": 666000,
      "ocf": 2257000,
      "capex": -1591000,
      "gross_margin": null,
      "op_margin": -0.3220833899225859,
      "fcf_margin": 0.04522613065326633
    },
    {
      "date": "2021-03-31T00:00:00",
      "quarter_label": "2021-03 (Q1)",
      "revenue": 16847000,
      "gross_profit": null,
      "operating_income": -981000,
      "net_income": -1118000,
      "opex": 17828000,
      "cogs": null,
      "rd": 1987000,
      "sga": null,
      "fcf": 100000,
      "ocf": 1820000,
      "capex": -1720000,
      "gross_margin": null,
      "op_margin": -0.058229951920223184,
      "fcf_margin": 0.005935774915415208,
      "op_leverage_ratio": Infinity,
      "fcf_margin_change": -0.039290355737851126
    },
    {
      "date": "2021-06-30T00:00:00",
      "quarter_label": "2021-06 (Q2)",
      "revenue": 31204000,
      "gross_profit": null,
      "operating_income": -4555000,
      "net_income": 7876000,
      "opex": 35759000,
      "cogs": null,
      "rd": 3045000,
      "sga": null,
      "fcf": -10409000,
      "ocf": -7722000,
      "capex": -2687000,
      "gross_margin": null,
      "op_margin": -0.14597487501602358,
      "fcf_margin": -0.3335790283297013,
      "op_leverage_ratio": 0.8473039662996289,
      "fcf_margin_change": -0.3395148032451165
    },
    {
      "date": "2021-09-30T00:00:00",
      "quarter_label": "2021-09 (Q3)",
      "revenue": 33800000,
      "gross_profit": null,
      "operating_income": -11159000,
      "net_income": 79000,
      "opex": 44959000,
      "cogs": null,
      "rd": 3219000,
      "sga": null,
      "fcf": -329000,
      "ocf": 2083000,
      "capex": -2412000,
      "gross_margin": null,
      "op_margin": -0.33014792899408285,
      "fcf_margin": -0.009733727810650888,
      "op_leverage_ratio": 0.3233642147327823,
      "fcf_margin_change": 0.3238453005190504
    },
    {
      "date": "2021-12-31T00:00:00",
      "quarter_label": "2021-12 (Q4)",
      "revenue": 37305000,
      "gross_profit": null,
      "operating_income": -17245000,
      "net_income": -14472000,
      "opex": 54550000,
      "cogs": null,
      "rd": 3571000,
      "sga": null,
      "fcf": -2340000,
      "ocf": -774000,
      "capex": -1566000,
      "gross_margin": null,
      "op_margin": -0.4622704731269267,
      "fcf_margin": -0.06272617611580217,
      "incr_op_margin_yoy": -0.5537003410248461,
      "rev_growth_yoy": 1.5332744805106615,
      "op_leverage_ratio": 0.48609826828529457,
      "fcf_margin_change": -0.05299244830515128
    },
    {
      "date": "2022-03-31T00:00:00",
      "quarter_label": "2022-03 (Q1)",
      "revenue": 36220000,
      "gross_profit": null,
      "operating_income": -7633000,
      "net_income": -7066000,
      "opex": 43853000,
      "cogs": null,
      "rd": 3781000,
      "sga": null,
      "fcf": -9380000,
      "ocf": -7924000,
      "capex": -1456000,
      "gross_margin": null,
      "op_margin": -0.21073992269464384,
      "fcf_margin": -0.25897294312534513,
      "incr_op_margin_yoy": -0.34336447633304085,
      "rev_growth_yoy": 1.1499376743633882,
      "rev_growth_yoy_accel": -0.3833368061472733,
      "fcf_margin_change": -0.19624676700954297
    },
    {
      "date": "2022-06-30T00:00:00",
      "quarter_label": "2022-06 (Q2)",
      "revenue": 40533000,
      "gross_profit": null,
      "operating_income": -76262000,
      "net_income": -72554000,
      "opex": 116795000,
      "cogs": null,
      "rd": 3428000,
      "sga": null,
      "fcf": -11952000,
      "ocf": -9917000,
      "capex": -2035000,
      "gross_margin": null,
      "op_margin": -1.8814792884809908,
      "fcf_margin": -0.2948708459773518,
      "incr_op_margin_yoy": -7.686461571443885,
      "rev_growth_yoy": 0.29896808101525446,
      "rev_growth_yoy_accel": -0.8509695933481338,
      "op_leverage_ratio": 0.07159004807356528,
      "fcf_margin_change": -0.03589790285200667
    },
    {
      "date": "2022-09-30T00:00:00",
      "quarter_label": "2022-09 (Q3)",
      "revenue": 40747000,
      "gross_profit": null,
      "operating_income": -11405000,
      "net_income": -9957000,
      "opex": 52152000,
      "cogs": null,
      "rd": 3425000,
      "sga": null,
      "fcf": -950000,
      "ocf": 1496000,
      "capex": -2446000,
      "gross_margin": null,
      "op_margin": -0.2798979065943505,
      "fcf_margin": -0.02331459984784156,
      "incr_op_margin_yoy": -0.03541096876349503,
      "rev_growth_yoy": 0.20553254437869822,
      "rev_growth_yoy_accel": -0.09343553663655624,
      "fcf_margin_change": 0.27155624612951024
    },
    {
      "date": "2022-12-31T00:00:00",
      "quarter_label": "2022-12 (Q4)",
      "revenue": 44259000,
      "gross_profit": null,
      "operating_income": -50241000,
      "net_income": -50228000,
      "opex": 94500000,
      "cogs": null,
      "rd": 4164000,
      "sga": null,
      "fcf": 3409000,
      "ocf": 7857000,
      "capex": -4448000,
      "gross_margin": null,
      "op_margin": -1.135158950721887,
      "fcf_margin": 0.07702388214826363,
      "incr_op_margin_yoy": -4.744895024446362,
      "rev_growth_yoy": 0.18640932850824285,
      "rev_growth_yoy_accel": -0.019123215870455373,
      "op_leverage_ratio": 0.10614436214129024,
      "fcf_margin_change": 0.10033848199610518
    },
    {
      "date": "2023-03-31T00:00:00",
      "quarter_label": "2023-03 (Q1)",
      "revenue": 37703000,
      "gross_profit": null,
      "operating_income": -13605000,
      "net_income": -13714000,
      "opex": 51308000,
      "cogs": null,
      "rd": 4152000,
      "sga": null,
      "fcf": -6007000,
      "ocf": -2712000,
      "capex": -3295000,
      "gross_margin": null,
      "op_margin": -0.36084661698008114,
      "fcf_margin": -0.1593241917088826,
      "incr_op_margin_yoy": -4.026972353337829,
      "rev_growth_yoy": 0.04094422970734401,
      "rev_growth_yoy_accel": -0.14546509880089883,
      "fcf_margin_change": -0.23634807385714623
    },
    {
      "date": "2023-06-30T00:00:00",
      "quarter_label": "2023-06 (Q2)",
      "revenue": 39508000,
      "gross_profit": null,
      "operating_income": -15280000,
      "net_income": -10199000,
      "opex": 54788000,
      "cogs": null,
      "rd": 4840000,
      "sga": null,
      "fcf": -8327000,
      "ocf": -7718000,
      "capex": -609000,
      "gross_margin": null,
      "op_margin": -0.38675711248354766,
      "fcf_margin": -0.21076743950592286,
      "incr_op_margin_yoy": -59.49463414634146,
      "rev_growth_yoy": -0.02528803690819826,
      "rev_growth_yoy_accel": -0.06623226661554227,
      "op_leverage_ratio": 0.7058414205888064,
      "fcf_margin_change": -0.051443247797040265
    },
    {
      "date": "2023-09-30T00:00:00",
      "quarter_label": "2023-09 (Q3)",
      "revenue": 33328000,
      "gross_profit": null,
      "operating_income": -28783000,
      "net_income": -29132000,
      "opex": 62111000,
      "cogs": null,
      "rd": 5402000,
      "sga": null,
      "fcf": -5875000,
      "ocf": -4379000,
      "capex": -1496000,
      "gross_margin": null,
      "op_margin": -0.8636281805088815,
      "fcf_margin": -0.17627820451272203,
      "incr_op_margin_yoy": 2.342364200026958,
      "rev_growth_yoy": -0.1820747539696174,
      "rev_growth_yoy_accel": -0.15678671706141914,
      "fcf_margin_change": 0.034489234993200835
    },
    {
      "date": "2023-12-31T00:00:00",
      "quarter_label": "2023-12 (Q4)",
      "revenue": 32733000,
      "gross_profit": null,
      "operating_income": -13155000,
      "net_income": -13382000,
      "opex": 45888000,
      "cogs": null,
      "rd": 4399000,
      "sga": null,
      "fcf": 1330000,
      "ocf": 2311000,
      "capex": -981000,
      "gross_margin": null,
      "op_margin": -0.40188800293282007,
      "fcf_margin": 0.04063177832768154,
      "incr_op_margin_yoy": -3.217595002602811,
      "rev_growth_yoy": -0.2604216091642378,
      "rev_growth_yoy_accel": -0.0783468551946204,
      "fcf_margin_change": 0.21690998284040358
    },
    {
      "date": "2024-03-31T00:00:00",
      "quarter_label": "2024-03 (Q1)",
      "revenue": 31727000,
      "gross_profit": null,
      "operating_income": -10128000,
      "net_income": -10221000,
      "opex": 41855000,
      "cogs": null,
      "rd": 3534000,
      "sga": null,
      "fcf": -4475000,
      "ocf": -4475000,
      "capex": null,
      "gross_margin": null,
      "op_margin": -0.31922337441296056,
      "fcf_margin": -0.1410470577110978,
      "incr_op_margin_yoy": -0.5818273092369478,
      "rev_growth_yoy": -0.15850197597008195,
      "rev_growth_yoy_accel": 0.10191963319415584,
      "fcf_margin_change": -0.18167883603877932
    },
    {
      "date": "2024-06-30T00:00:00",
      "quarter_label": "2024-06 (Q2)",
      "revenue": 28328000,
      "gross_profit": null,
      "operating_income": -2795000,
      "net_income": -20719000,
      "opex": 31123000,
      "cogs": null,
      "rd": 2382000,
      "sga": null,
      "fcf": 6459000,
      "ocf": 6459000,
      "capex": null,
      "gross_margin": null,
      "op_margin": -0.09866563117763344,
      "fcf_margin": 0.22800762496469923,
      "incr_op_margin_yoy": -1.1167262969588552,
      "rev_growth_yoy": -0.28298066214437584,
      "rev_growth_yoy_accel": -0.12447868617429389,
      "fcf_margin_change": 0.369054682675797
    },
    {
      "date": "2024-09-30T00:00:00",
      "quarter_label": "2024-09 (Q3)",
      "revenue": 30571000,
      "gross_profit": null,
      "operating_income": -1559000,
      "net_income": -1703000,
      "opex": 32130000,
      "cogs": null,
      "rd": 2050000,
      "sga": null,
      "fcf": 4802000,
      "ocf": 4802000,
      "capex": null,
      "gross_margin": null,
      "op_margin": -0.05099604200058879,
      "fcf_margin": 0.15707696836871546,
      "incr_op_margin_yoy": -9.874501269495829,
      "rev_growth_yoy": -0.08272323571771484,
      "rev_growth_yoy_accel": 0.200257426426661,
      "op_leverage_ratio": 2.447176773318204,
      "fcf_margin_change": -0.07093065659598377
    },
    {
      "date": "2024-12-31T00:00:00",
      "quarter_label": "2024-12 (Q4)",
      "revenue": -3424000,
      "gross_profit": null,
      "operating_income": 1386000,
      "net_income": 12459000,
      "opex": -4810000,
      "cogs": null,
      "rd": 1085000,
      "sga": null,
      "fcf": 1645000,
      "ocf": 1645000,
      "capex": null,
      "gross_margin": null,
      "op_margin": -0.4047897196261682,
      "fcf_margin": -0.4804322429906542,
      "incr_op_margin_yoy": -0.40216279005448463,
      "rev_growth_yoy": -1.1046039165368282,
      "rev_growth_yoy_accel": -1.0218806808191134,
      "fcf_margin_change": -0.6375092113593697
    },
    {
      "date": "2025-03-31T00:00:00",
      "quarter_label": "2025-03 (Q1)",
      "revenue": 23941000,
      "gross_profit": null,
      "operating_income": -1218000,
      "net_income": -448000,
      "opex": 25159000,
      "cogs": null,
      "rd": 2204000,
      "sga": null,
      "fcf": 1727000,
      "ocf": 1727000,
      "capex": null,
      "gross_margin": null,
      "op_margin": -0.050875067875193185,
      "fcf_margin": 0.07213566684766719,
      "incr_op_margin_yoy": -1.1443616748009247,
      "rev_growth_yoy": -0.24540612096952122,
      "rev_growth_yoy_accel": 0.859197795567307,
      "fcf_margin_change": 0.5525679098383214
    },
    {
      "date": "2025-06-30T00:00:00",
      "quarter_label": "2025-06 (Q2)",
      "revenue": 25421000,
      "gross_profit": null,
      "operating_income": -16643000,
      "net_income": -15838000,
      "opex": 42064000,
      "cogs": null,
      "rd": 2719000,
      "sga": null,
      "fcf": 7368000,
      "ocf": 7368000,
      "capex": null,
      "gross_margin": null,
      "op_margin": -0.6546949372565989,
      "fcf_margin": 0.28983910939774205,
      "incr_op_margin_yoy": 4.763673890608875,
      "rev_growth_yoy": -0.10261931657723806,
      "rev_growth_yoy_accel": 0.14278680439228314,
      "op_leverage_ratio": 0.0920020763357164,
      "fcf_margin_change": 0.21770344255007484
    },
    {
      "date": "2025-09-30T00:00:00",
      "quarter_label": "2025-09 (Q3)",
      "revenue": 28067000,
      "gross_profit": null,
      "operating_income": -89000,
      "net_income": 621000,
      "opex": 28156000,
      "cogs": null,
      "rd": 2709000,
      "sga": null,
      "fcf": 6104000,
      "ocf": 6104000,
      "capex": null,
      "gross_margin": null,
      "op_margin": -0.003170983717533046,
      "fcf_margin": 0.21747960238001923,
      "incr_op_margin_yoy": -0.5870607028753994,
      "rev_growth_yoy": -0.08190769029472376,
      "rev_growth_yoy_accel": 0.0207116262825143,
      "op_leverage_ratio": Infinity,
      "fcf_margin_change": -0.07235950701772281
    }
  ],
  "signals": [
    {
      "quarter": "2025-06 (Q2)",
      "signal": "FCF MARGIN EXPANSION",
      "detail": "FCF margin: +7.2% -> +29.0% (+21.8%)",
      "severity": "MEDIUM"
    },
    {
      "quarter": "2025-06 (Q2)",
      "signal": "YoY REVENUE GROWTH ACCELERATION",
      "detail": "YoY growth: -10.3% vs prior quarter YoY: -24.5% (accel: +14.3%)",
      "severity": "MEDIUM"
    },
    {
      "quarter": "2025-03 (Q1)",
      "signal": "FCF TURNED POSITIVE",
      "detail": "FCF margin: -48.0% -> +7.2%",
      "severity": "HIGH"
    },
    {
      "quarter": "2025-03 (Q1)",
      "signal": "YoY REVENUE GROWTH ACCELERATION",
      "detail": "YoY growth: -24.5% vs prior quarter YoY: -110.5% (accel: +85.9%)",
      "severity": "HIGH"
    },
    {
      "quarter": "2024-12 (Q4)",
      "signal": "YoY REVENUE GROWTH DECELERATION",
      "detail": "YoY growth: -110.5% vs prior quarter YoY: -8.3% (decel: -102.2%)",
      "severity": "WARNING"
    },
    {
      "quarter": "2024-09 (Q3)",
      "signal": "OPERATING LEVERAGE",
      "detail": "Rev growth +7.9% vs OpEx growth +3.2% (leverage: 2.4x)",
      "severity": "MEDIUM"
    },
    {
      "quarter": "2024-09 (Q3)",
      "signal": "YoY REVENUE GROWTH ACCELERATION",
      "detail": "YoY growth: -8.3% vs prior quarter YoY: -28.3% (accel: +20.0%)",
      "severity": "HIGH"
    },
    {
      "quarter": "2024-06 (Q2)",
      "signal": "FCF TURNED POSITIVE",
      "detail": "FCF margin: -14.1% -> +22.8%",
      "severity": "HIGH"
    },
    {
      "quarter": "2024-06 (Q2)",
      "signal": "YoY REVENUE GROWTH DECELERATION",
      "detail": "YoY growth: -28.3% vs prior quarter YoY: -15.9% (decel: -12.4%)",
      "severity": "WARNING"
    },
    {
      "quarter": "2024-03 (Q1)",
      "signal": "YoY REVENUE GROWTH ACCELERATION",
      "detail": "YoY growth: -15.9% vs prior quarter YoY: -26.0% (accel: +10.2%)",
      "severity": "MEDIUM"
    },
    {
      "quarter": "2023-12 (Q4)",
      "signal": "FCF TURNED POSITIVE",
      "detail": "FCF margin: -17.6% -> +4.1%",
      "severity": "HIGH"
    },
    {
      "quarter": "2023-12 (Q4)",
      "signal": "YoY REVENUE GROWTH DECELERATION",
      "detail": "YoY growth: -26.0% vs prior quarter YoY: -18.2% (decel: -7.8%)",
      "severity": "WARNING"
    },
    {
      "quarter": "2023-09 (Q3)",
      "signal": "YoY REVENUE GROWTH DECELERATION",
      "detail": "YoY growth: -18.2% vs prior quarter YoY: -2.5% (decel: -15.7%)",
      "severity": "WARNING"
    },
    {
      "quarter": "2023-06 (Q2)",
      "signal": "YoY REVENUE GROWTH DECELERATION",
      "detail": "YoY growth: -2.5% vs prior quarter YoY: +4.1% (decel: -6.6%)",
      "severity": "WARNING"
    },
    {
      "quarter": "2023-03 (Q1)",
      "signal": "YoY REVENUE GROWTH DECELERATION",
      "detail": "YoY growth: +4.1% vs prior quarter YoY: +18.6% (decel: -14.5%)",
      "severity": "WARNING"
    },
    {
      "quarter": "2022-12 (Q4)",
      "signal": "FCF TURNED POSITIVE",
      "detail": "FCF margin: -2.3% -> +7.7%",
      "severity": "HIGH"
    },
    {
      "quarter": "2022-09 (Q3)",
      "signal": "FCF MARGIN EXPANSION",
      "detail": "FCF margin: -29.5% -> -2.3% (+27.2%)",
      "severity": "MEDIUM"
    },
    {
      "quarter": "2022-09 (Q3)",
      "signal": "YoY REVENUE GROWTH DECELERATION",
      "detail": "YoY growth: +20.6% vs prior quarter YoY: +29.9% (decel: -9.3%)",
      "severity": "WARNING"
    },
    {
      "quarter": "2022-06 (Q2)",
      "signal": "YoY REVENUE GROWTH DECELERATION",
      "detail": "YoY growth: +29.9% vs prior quarter YoY: +115.0% (decel: -85.1%)",
      "severity": "WARNING"
    },
    {
      "quarter": "2022-03 (Q1)",
      "signal": "YoY REVENUE GROWTH DECELERATION",
      "detail": "YoY growth: +115.0% vs prior quarter YoY: +153.3% (decel: -38.3%)",
      "severity": "WARNING"
    },
    {
      "quarter": "2021-09 (Q3)",
      "signal": "FCF MARGIN EXPANSION",
      "detail": "FCF margin: -33.4% -> -1.0% (+32.4%)",
      "severity": "MEDIUM"
    }
  ],
  "data_quality": {
    "n_quarters": 20,
    "coverage": {
      "revenue": [
        20,
        20
      ],
      "gross_profit": [
        0,
        20
      ],
      "op_income": [
        20,
        20
      ],
      "fcf": [
        20,
        20
      ]
    },
    "gaps": [],
    "warnings": [
      "gross_profit: no data"
    ]
  },
  "market_cap": null,
  "source": "SEC EDGAR",
  "last_updated": "2026-02-02T21:55:50.105560"
}