{
  "ticker": "BLK",
  "name": "BLACKROCK, INC.",
  "quarters": [
    {
      "date": "2023-09-30T00:00:00",
      "quarter_label": "2023-09 (Q3)",
      "revenue": 4522000000,
      "gross_profit": null,
      "operating_income": 1637000000,
      "net_income": 1604000000,
      "opex": 2885000000,
      "cogs": null,
      "rd": null,
      "sga": null,
      "fcf": null,
      "ocf": null,
      "capex": null,
      "gross_margin": null,
      "op_margin": 0.3620079610791685,
      "fcf_margin": null
    },
    {
      "date": "2023-12-31T00:00:00",
      "quarter_label": "2023-12 (Q4)",
      "revenue": -2216000000,
      "gross_profit": null,
      "operating_income": 1585000000,
      "net_income": 1375000000,
      "opex": 3046000000,
      "cogs": null,
      "rd": null,
      "sga": null,
      "fcf": 1874000000,
      "ocf": 1998000000,
      "capex": -124000000,
      "gross_margin": null,
      "op_margin": -0.7152527075812274,
      "fcf_margin": -0.8456678700361011
    },
    {
      "date": "2024-03-31T00:00:00",
      "quarter_label": "2024-03 (Q1)",
      "revenue": 4728000000,
      "gross_profit": null,
      "operating_income": 1693000000,
      "net_income": 1573000000,
      "opex": 3035000000,
      "cogs": null,
      "rd": null,
      "sga": null,
      "fcf": -472000000,
      "ocf": -408000000,
      "capex": -64000000,
      "gross_margin": null,
      "op_margin": 0.35807952622673433,
      "fcf_margin": -0.09983079526226735,
      "fcf_margin_change": 0.7458370747738338
    },
    {
      "date": "2024-06-30T00:00:00",
      "quarter_label": "2024-06 (Q2)",
      "revenue": 4805000000,
      "gross_profit": null,
      "operating_income": 1800000000,
      "net_income": 1495000000,
      "opex": 3005000000,
      "cogs": null,
      "rd": null,
      "sga": null,
      "fcf": 1358000000,
      "ocf": 1365000000,
      "capex": -7000000,
      "gross_margin": null,
      "op_margin": 0.37460978147762747,
      "fcf_margin": 0.2826222684703434,
      "op_leverage_ratio": Infinity,
      "fcf_margin_change": 0.38245306373261073
    },
    {
      "date": "2024-09-30T00:00:00",
      "quarter_label": "2024-09 (Q3)",
      "revenue": 5197000000,
      "gross_profit": null,
      "operating_income": 2006000000,
      "net_income": 1631000000,
      "opex": 3191000000,
      "cogs": null,
      "rd": null,
      "sga": null,
      "fcf": 1287000000,
      "ocf": 1381000000,
      "capex": -94000000,
      "gross_margin": null,
      "op_margin": 0.3859919184144699,
      "fcf_margin": 0.24764287088705023,
      "incr_op_margin_yoy": 0.5466666666666666,
      "rev_growth_yoy": 0.14927023440955328,
      "op_leverage_ratio": 1.3180266971009142,
      "fcf_margin_change": -0.03497939758329316
    },
    {
      "date": "2024-12-31T00:00:00",
      "quarter_label": "2024-12 (Q4)",
      "revenue": -1936000000,
      "gross_profit": null,
      "operating_income": 2075000000,
      "net_income": 1670000000,
      "opex": 3602000000,
      "cogs": null,
      "rd": null,
      "sga": null,
      "fcf": 2528000000,
      "ocf": 2618000000,
      "capex": -90000000,
      "gross_margin": null,
      "op_margin": -1.071797520661157,
      "fcf_margin": -1.3057851239669422,
      "incr_op_margin_yoy": 1.75,
      "fcf_margin_change": -1.5534279948539924
    },
    {
      "date": "2025-03-31T00:00:00",
      "quarter_label": "2025-03 (Q1)",
      "revenue": 5276000000,
      "gross_profit": null,
      "operating_income": 1698000000,
      "net_income": 1510000000,
      "opex": 3578000000,
      "cogs": null,
      "rd": null,
      "sga": null,
      "fcf": -1206000000,
      "ocf": -1128000000,
      "capex": -78000000,
      "gross_margin": null,
      "op_margin": 0.3218347232752085,
      "fcf_margin": -0.22858225928733888,
      "incr_op_margin_yoy": 0.009124087591240875,
      "rev_growth_yoy": 0.11590524534686972,
      "fcf_margin_change": 1.0772028646796032
    },
    {
      "date": "2025-06-30T00:00:00",
      "quarter_label": "2025-06 (Q2)",
      "revenue": 5423000000,
      "gross_profit": null,
      "operating_income": 1731000000,
      "net_income": 1593000000,
      "opex": 3692000000,
      "cogs": null,
      "rd": null,
      "sga": null,
      "fcf": 1275000000,
      "ocf": 1364000000,
      "capex": -89000000,
      "gross_margin": null,
      "op_margin": 0.3191960169647796,
      "fcf_margin": 0.23510971786833856,
      "incr_op_margin_yoy": -0.11165048543689321,
      "rev_growth_yoy": 0.12861602497398544,
      "rev_growth_yoy_accel": 0.012710779627115726,
      "op_leverage_ratio": 0.8744762778819679,
      "fcf_margin_change": 0.46369197715567745
    },
    {
      "date": "2025-09-30T00:00:00",
      "quarter_label": "2025-09 (Q3)",
      "revenue": 6509000000,
      "gross_profit": null,
      "operating_income": 1955000000,
      "net_income": 1323000000,
      "opex": 4554000000,
      "cogs": null,
      "rd": null,
      "sga": null,
      "fcf": 1336000000,
      "ocf": 1414000000,
      "capex": -78000000,
      "gross_margin": null,
      "op_margin": 0.3003533568904594,
      "fcf_margin": 0.2052542633277001,
      "incr_op_margin_yoy": -0.038871951219512195,
      "rev_growth_yoy": 0.25245333846449874,
      "rev_growth_yoy_accel": 0.1238373134905133,
      "op_leverage_ratio": 0.8577182431278995,
      "fcf_margin_change": -0.029855454540638454
    }
  ],
  "signals": [
    {
      "quarter": "2025-09 (Q3)",
      "signal": "YoY REVENUE GROWTH ACCELERATION",
      "detail": "YoY growth: +25.2% vs prior quarter YoY: +12.9% (accel: +12.4%)",
      "severity": "MEDIUM"
    },
    {
      "quarter": "2025-06 (Q2)",
      "signal": "FCF TURNED POSITIVE",
      "detail": "FCF margin: -22.9% -> +23.5%",
      "severity": "HIGH"
    },
    {
      "quarter": "2025-03 (Q1)",
      "signal": "FCF MARGIN EXPANSION",
      "detail": "FCF margin: -130.6% -> -22.9% (+107.7%)",
      "severity": "MEDIUM"
    },
    {
      "quarter": "2025-03 (Q1)",
      "signal": "OP MARGIN TURNED POSITIVE (QoQ)",
      "detail": "Op margin: -107.2% -> +32.2%",
      "severity": "HIGH"
    },
    {
      "quarter": "2024-09 (Q3)",
      "signal": "INCREMENTAL MARGIN (YoY)",
      "detail": "YoY Incr OPM: +54.7% vs year-ago OPM: +36.2%",
      "severity": "MEDIUM"
    },
    {
      "quarter": "2024-06 (Q2)",
      "signal": "FCF TURNED POSITIVE",
      "detail": "FCF margin: -10.0% -> +28.3%",
      "severity": "HIGH"
    },
    {
      "quarter": "2024-03 (Q1)",
      "signal": "FCF MARGIN EXPANSION",
      "detail": "FCF margin: -84.6% -> -10.0% (+74.6%)",
      "severity": "MEDIUM"
    },
    {
      "quarter": "2024-03 (Q1)",
      "signal": "OP MARGIN TURNED POSITIVE (QoQ)",
      "detail": "Op margin: -71.5% -> +35.8%",
      "severity": "HIGH"
    }
  ],
  "data_quality": {
    "n_quarters": 9,
    "coverage": {
      "revenue": [
        9,
        9
      ],
      "gross_profit": [
        0,
        9
      ],
      "op_income": [
        9,
        9
      ],
      "fcf": [
        8,
        9
      ]
    },
    "gaps": [],
    "warnings": [
      "gross_profit: no data"
    ]
  },
  "market_cap": null,
  "source": "SEC EDGAR",
  "last_updated": "2026-02-02T19:46:12.666569"
}