{
  "ticker": "BLMN",
  "name": "BLOOMIN\u2019 BRANDS, INC.",
  "quarters": [
    {
      "date": "2020-12-27T00:00:00",
      "quarter_label": "2020-12 (Q4)",
      "revenue": 812505000,
      "gross_profit": 560801000,
      "operating_income": -7238000,
      "net_income": -14211000,
      "opex": 819743000,
      "cogs": 251704000,
      "rd": null,
      "sga": null,
      "fcf": 62992000,
      "ocf": 83878000,
      "capex": -20886000,
      "gross_margin": 0.6902123679238897,
      "op_margin": -0.008908252872290016,
      "fcf_margin": 0.07752813828837976
    },
    {
      "date": "2021-03-28T00:00:00",
      "quarter_label": "2021-03 (Q1)",
      "revenue": 987473000,
      "gross_profit": 695603000,
      "operating_income": 90998000,
      "net_income": 68862000,
      "opex": 896475000,
      "cogs": 291870000,
      "rd": null,
      "sga": null,
      "fcf": 123615000,
      "ocf": 141026000,
      "capex": -17411000,
      "gross_margin": 0.70442736155824,
      "op_margin": 0.09215239302745493,
      "fcf_margin": 0.12518316956514253,
      "op_leverage_ratio": 2.3005611633811034,
      "fcf_margin_change": 0.047655031276762766
    },
    {
      "date": "2021-06-27T00:00:00",
      "quarter_label": "2021-06 (Q2)",
      "revenue": 1077366000,
      "gross_profit": 765264000,
      "operating_income": 124637000,
      "net_income": 82545000,
      "opex": 952729000,
      "cogs": 312102000,
      "rd": null,
      "sga": null,
      "fcf": 108169000,
      "ocf": 142156000,
      "capex": -33987000,
      "gross_margin": 0.7103101452988121,
      "op_margin": 0.11568677682421759,
      "fcf_margin": 0.1004013492165151,
      "op_leverage_ratio": 1.450726080520194,
      "fcf_margin_change": -0.02478182034862743
    },
    {
      "date": "2021-09-26T00:00:00",
      "quarter_label": "2021-09 (Q3)",
      "revenue": 1010463000,
      "gross_profit": 706163000,
      "operating_income": 14837000,
      "net_income": 3449000,
      "opex": 995626000,
      "cogs": 304300000,
      "rd": null,
      "sga": null,
      "fcf": -12877000,
      "ocf": 21064000,
      "capex": -33941000,
      "gross_margin": 0.698850922794798,
      "op_margin": 0.014683367921437995,
      "fcf_margin": -0.012743663053471528,
      "fcf_margin_change": -0.11314501226998663
    },
    {
      "date": "2021-12-26T00:00:00",
      "quarter_label": "2021-12 (Q4)",
      "revenue": 1047083000,
      "gross_profit": 725666000,
      "operating_income": 78486000,
      "net_income": 60699000,
      "opex": 968597000,
      "cogs": 321417000,
      "rd": null,
      "sga": null,
      "fcf": 60718000,
      "ocf": 98209000,
      "capex": -37491000,
      "gross_margin": 0.693035795634157,
      "op_margin": 0.07495680858155467,
      "fcf_margin": 0.05798776219268196,
      "incr_op_margin_yoy": 0.3654392142485655,
      "rev_growth_yoy": 0.2887096079408742,
      "op_leverage_ratio": Infinity,
      "fcf_margin_change": 0.07073142524615349
    },
    {
      "date": "2022-03-27T00:00:00",
      "quarter_label": "2022-03 (Q1)",
      "revenue": 1140535000,
      "gross_profit": 781165000,
      "operating_income": 107256000,
      "net_income": 75511000,
      "opex": 1033279000,
      "cogs": 359370000,
      "rd": null,
      "sga": null,
      "fcf": 106955000,
      "ocf": 147135000,
      "capex": -40180000,
      "gross_margin": 0.684911028596229,
      "op_margin": 0.09404007768284182,
      "fcf_margin": 0.09377616644820194,
      "incr_op_margin_yoy": 0.1062183951601312,
      "rev_growth_yoy": 0.1550037317476022,
      "rev_growth_yoy_accel": -0.13370587619327198,
      "op_leverage_ratio": 1.3364944857060164,
      "fcf_margin_change": 0.03578840425551998
    },
    {
      "date": "2022-06-26T00:00:00",
      "quarter_label": "2022-06 (Q2)",
      "revenue": 1125162000,
      "gross_profit": 760703000,
      "operating_income": 87719000,
      "net_income": -63635000,
      "opex": 1037443000,
      "cogs": 364459000,
      "rd": null,
      "sga": null,
      "fcf": 34962000,
      "ocf": 71683000,
      "capex": -36721000,
      "gross_margin": 0.6760830884797033,
      "op_margin": 0.07796121802904826,
      "fcf_margin": 0.031072858841660136,
      "incr_op_margin_yoy": -0.7724077328646749,
      "rev_growth_yoy": 0.044363753821821,
      "rev_growth_yoy_accel": -0.1106399779257812,
      "fcf_margin_change": -0.0627033076065418
    },
    {
      "date": "2022-09-25T00:00:00",
      "quarter_label": "2022-09 (Q3)",
      "revenue": 1055763000,
      "gross_profit": 722824000,
      "operating_income": 51309000,
      "net_income": 31986000,
      "opex": 1004454000,
      "cogs": 332939000,
      "rd": null,
      "sga": null,
      "fcf": 13402000,
      "ocf": 73761000,
      "capex": -60359000,
      "gross_margin": 0.684646080607106,
      "op_margin": 0.04859897533821511,
      "fcf_margin": 0.0126941368470007,
      "incr_op_margin_yoy": 0.805121412803532,
      "rev_growth_yoy": 0.044830933938204566,
      "rev_growth_yoy_accel": 0.00046718011638356705,
      "fcf_margin_change": -0.018378721994659435
    },
    {
      "date": "2022-12-25T00:00:00",
      "quarter_label": "2022-12 (Q4)",
      "revenue": 1095048000,
      "gross_profit": 768184000,
      "operating_income": 84137000,
      "net_income": 58045000,
      "opex": 1010911000,
      "cogs": 326864000,
      "rd": null,
      "sga": null,
      "fcf": 42812000,
      "ocf": 98343000,
      "capex": -55531000,
      "gross_margin": 0.7015071485450866,
      "op_margin": 0.07683407485333976,
      "fcf_margin": 0.039096003097581114,
      "incr_op_margin_yoy": 0.11781507349108725,
      "rev_growth_yoy": 0.045808211956454264,
      "rev_growth_yoy_accel": 0.0009772780182496985,
      "op_leverage_ratio": 5.788414008647703,
      "fcf_margin_change": 0.026401866250580414
    },
    {
      "date": "2023-03-26T00:00:00",
      "quarter_label": "2023-03 (Q1)",
      "revenue": 1244746000,
      "gross_profit": 860532000,
      "operating_income": 120633000,
      "net_income": 91311000,
      "opex": 1124113000,
      "cogs": 384214000,
      "rd": null,
      "sga": null,
      "fcf": 125253000,
      "ocf": 189668000,
      "capex": -64415000,
      "gross_margin": 0.6913314041579567,
      "op_margin": 0.09691374786502628,
      "fcf_margin": 0.10062534846466668,
      "incr_op_margin_yoy": 0.12836456803984225,
      "rev_growth_yoy": 0.09137027798357789,
      "rev_growth_yoy_accel": 0.04556206602712362,
      "op_leverage_ratio": 1.220791970659571,
      "fcf_margin_change": 0.06152934536708557
    },
    {
      "date": "2023-06-25T00:00:00",
      "quarter_label": "2023-06 (Q2)",
      "revenue": 1152694000,
      "gross_profit": 801468000,
      "operating_income": 89446000,
      "net_income": 68277000,
      "opex": 1063248000,
      "cogs": 351226000,
      "rd": null,
      "sga": null,
      "fcf": 19887000,
      "ocf": 97625000,
      "capex": -77738000,
      "gross_margin": 0.6952998801069494,
      "op_margin": 0.07759735020742713,
      "fcf_margin": 0.017252627323470063,
      "incr_op_margin_yoy": 0.06272700857184367,
      "rev_growth_yoy": 0.024469365300285647,
      "rev_growth_yoy_accel": -0.06690091268329224,
      "fcf_margin_change": -0.08337272114119662
    },
    {
      "date": "2023-09-24T00:00:00",
      "quarter_label": "2023-09 (Q3)",
      "revenue": 1079833000,
      "gross_profit": 757968000,
      "operating_income": 58216000,
      "net_income": 44528000,
      "opex": 1021617000,
      "cogs": 321865000,
      "rd": null,
      "sga": null,
      "fcf": 1327000,
      "ocf": 86260000,
      "capex": -84933000,
      "gross_margin": 0.7019307615159011,
      "op_margin": 0.05391204010249733,
      "fcf_margin": 0.001228893727085577,
      "incr_op_margin_yoy": 0.28695471541337764,
      "rev_growth_yoy": 0.022798677354671455,
      "rev_growth_yoy_accel": -0.0016706879456141917,
      "fcf_margin_change": -0.016023733596384485
    },
    {
      "date": "2023-12-31T00:00:00",
      "quarter_label": "2023-12 (Q4)",
      "revenue": 1071714000,
      "gross_profit": 719370000,
      "operating_income": 49600000,
      "net_income": 43270000,
      "opex": 1137348000,
      "cogs": 352344000,
      "rd": null,
      "sga": null,
      "fcf": 103725000,
      "ocf": 158868000,
      "capex": -55143000,
      "gross_margin": 0.671233183479921,
      "op_margin": 0.04628100407384806,
      "fcf_margin": 0.0967842166846752,
      "incr_op_margin_yoy": 1.4801148538613182,
      "rev_growth_yoy": -0.021308654963070113,
      "rev_growth_yoy_accel": -0.04410733231774157,
      "fcf_margin_change": 0.09555532295758962
    },
    {
      "date": "2024-03-31T00:00:00",
      "quarter_label": "2024-03 (Q1)",
      "revenue": 1195327000,
      "gross_profit": 837498000,
      "operating_income": 77093000,
      "net_income": -83872000,
      "opex": 1118234000,
      "cogs": 357829000,
      "rd": null,
      "sga": null,
      "fcf": 20018000,
      "ocf": 73786000,
      "capex": -53768000,
      "gross_margin": 0.7006434222601848,
      "op_margin": 0.06449532220053592,
      "fcf_margin": 0.016746881815603597,
      "incr_op_margin_yoy": 0.8810376575810923,
      "rev_growth_yoy": -0.039702075764854836,
      "rev_growth_yoy_accel": -0.018393420801784723,
      "op_leverage_ratio": Infinity,
      "fcf_margin_change": -0.08003733486907161
    },
    {
      "date": "2024-06-30T00:00:00",
      "quarter_label": "2024-06 (Q2)",
      "revenue": 1118866000,
      "gross_profit": 782803000,
      "operating_income": 46131000,
      "net_income": 28403000,
      "opex": 1072735000,
      "cogs": 336063000,
      "rd": null,
      "sga": null,
      "fcf": -12068000,
      "ocf": 42406000,
      "capex": -54474000,
      "gross_margin": 0.6996396351305697,
      "op_margin": 0.041230138372244755,
      "fcf_margin": -0.010785920744754063,
      "incr_op_margin_yoy": 1.2804481494619842,
      "rev_growth_yoy": -0.029346903861736072,
      "rev_growth_yoy_accel": 0.010355171903118764,
      "fcf_margin_change": -0.027532802560357658
    },
    {
      "date": "2024-09-29T00:00:00",
      "quarter_label": "2024-09 (Q3)",
      "revenue": 1038771000,
      "gross_profit": 734486000,
      "operating_income": 17210000,
      "net_income": 6912000,
      "opex": 1021561000,
      "cogs": 304285000,
      "rd": null,
      "sga": null,
      "fcf": -67283000,
      "ocf": -7810000,
      "capex": -59473000,
      "gross_margin": 0.7070721073268315,
      "op_margin": 0.016567655431274073,
      "fcf_margin": -0.06477173505998916,
      "incr_op_margin_yoy": 0.998636208660075,
      "rev_growth_yoy": -0.03802625035537903,
      "rev_growth_yoy_accel": -0.008679346493642957,
      "fcf_margin_change": -0.0539858143152351
    },
    {
      "date": "2024-12-29T00:00:00",
      "quarter_label": "2024-12 (Q4)",
      "revenue": 972020000,
      "gross_profit": 822338000,
      "operating_income": 16197000,
      "net_income": -79461000,
      "opex": 598137000,
      "cogs": 149682000,
      "rd": null,
      "sga": null,
      "fcf": 66728000,
      "ocf": 119750000,
      "capex": -53022000,
      "gross_margin": 0.8460093413715767,
      "op_margin": 0.016663237381946874,
      "fcf_margin": 0.0686487932347071,
      "incr_op_margin_yoy": 0.33505526912351796,
      "rev_growth_yoy": -0.0930229520189155,
      "rev_growth_yoy_accel": -0.05499670166353647,
      "fcf_margin_change": 0.13342052829469625
    },
    {
      "date": "2025-03-30T00:00:00",
      "quarter_label": "2025-03 (Q1)",
      "revenue": 1049594000,
      "gross_profit": 736290000,
      "operating_income": 57231000,
      "net_income": 42152000,
      "opex": 992363000,
      "cogs": 313304000,
      "rd": null,
      "sga": null,
      "fcf": 27694000,
      "ocf": 73465000,
      "capex": -45771000,
      "gross_margin": 0.7014998180248744,
      "op_margin": 0.05452679798093358,
      "fcf_margin": 0.02638544046555144,
      "incr_op_margin_yoy": 0.1362903391819286,
      "rev_growth_yoy": -0.12191893933626531,
      "rev_growth_yoy_accel": -0.02889598731734981,
      "op_leverage_ratio": 0.12108668497980944,
      "fcf_margin_change": -0.04226335276915566
    },
    {
      "date": "2025-06-29T00:00:00",
      "quarter_label": "2025-06 (Q2)",
      "revenue": 1002366000,
      "gross_profit": 704034000,
      "operating_income": 29650000,
      "net_income": 25419000,
      "opex": 972716000,
      "cogs": 298332000,
      "rd": null,
      "sga": null,
      "fcf": 11137000,
      "ocf": 49663000,
      "capex": -38526000,
      "gross_margin": 0.7023721874046007,
      "op_margin": 0.029580013687615102,
      "fcf_margin": 0.011110712055277213,
      "incr_op_margin_yoy": 0.14146781115879828,
      "rev_growth_yoy": -0.10412328196584757,
      "rev_growth_yoy_accel": 0.017795657370417745,
      "fcf_margin_change": -0.015274728410274227
    },
    {
      "date": "2025-09-28T00:00:00",
      "quarter_label": "2025-09 (Q3)",
      "revenue": 928813000,
      "gross_profit": 653732000,
      "operating_income": -36420000,
      "net_income": -45859000,
      "opex": 965233000,
      "cogs": 275081000,
      "rd": null,
      "sga": null,
      "fcf": -5729000,
      "ocf": 34425000,
      "capex": -40154000,
      "gross_margin": 0.703835971288085,
      "op_margin": -0.03921133748127987,
      "fcf_margin": -0.0061680876559651945,
      "incr_op_margin_yoy": 0.48773167936848616,
      "rev_growth_yoy": -0.10585393700825302,
      "rev_growth_yoy_accel": -0.0017306550424054518,
      "fcf_margin_change": -0.01727879971124241
    }
  ],
  "signals": [
    {
      "quarter": "2025-06 (Q2)",
      "signal": "INCREMENTAL MARGIN (YoY)",
      "detail": "YoY Incr OPM: +14.1% vs year-ago OPM: +4.1%",
      "severity": "MEDIUM"
    },
    {
      "quarter": "2024-12 (Q4)",
      "signal": "FCF TURNED POSITIVE",
      "detail": "FCF margin: -6.5% -> +6.9%",
      "severity": "HIGH"
    },
    {
      "quarter": "2024-12 (Q4)",
      "signal": "YoY REVENUE GROWTH DECELERATION",
      "detail": "YoY growth: -9.3% vs prior quarter YoY: -3.8% (decel: -5.5%)",
      "severity": "WARNING"
    },
    {
      "quarter": "2024-12 (Q4)",
      "signal": "INCREMENTAL MARGIN (YoY)",
      "detail": "YoY Incr OPM: +33.5% vs year-ago OPM: +4.6%",
      "severity": "HIGH"
    },
    {
      "quarter": "2024-09 (Q3)",
      "signal": "INCREMENTAL MARGIN (YoY)",
      "detail": "YoY Incr OPM: +99.9% vs year-ago OPM: +5.4%",
      "severity": "HIGH"
    },
    {
      "quarter": "2024-06 (Q2)",
      "signal": "INCREMENTAL MARGIN (YoY)",
      "detail": "YoY Incr OPM: +128.0% vs year-ago OPM: +7.8%",
      "severity": "HIGH"
    },
    {
      "quarter": "2024-03 (Q1)",
      "signal": "GROSS MARGIN INFLECTION",
      "detail": "GM: +70.2% -> +67.1% -> +70.1% (reversal +2.9%)",
      "severity": "MEDIUM"
    },
    {
      "quarter": "2024-03 (Q1)",
      "signal": "INCREMENTAL MARGIN (YoY)",
      "detail": "YoY Incr OPM: +88.1% vs year-ago OPM: +9.7%",
      "severity": "HIGH"
    },
    {
      "quarter": "2023-12 (Q4)",
      "signal": "FCF MARGIN EXPANSION",
      "detail": "FCF margin: +0.1% -> +9.7% (+9.6%)",
      "severity": "MEDIUM"
    },
    {
      "quarter": "2023-12 (Q4)",
      "signal": "INCREMENTAL MARGIN (YoY)",
      "detail": "YoY Incr OPM: +148.0% vs year-ago OPM: +7.7%",
      "severity": "HIGH"
    },
    {
      "quarter": "2023-09 (Q3)",
      "signal": "INCREMENTAL MARGIN (YoY)",
      "detail": "YoY Incr OPM: +28.7% vs year-ago OPM: +4.9%",
      "severity": "HIGH"
    },
    {
      "quarter": "2023-06 (Q2)",
      "signal": "YoY REVENUE GROWTH DECELERATION",
      "detail": "YoY growth: +2.4% vs prior quarter YoY: +9.1% (decel: -6.7%)",
      "severity": "WARNING"
    },
    {
      "quarter": "2023-03 (Q1)",
      "signal": "FCF MARGIN EXPANSION",
      "detail": "FCF margin: +3.9% -> +10.1% (+6.2%)",
      "severity": "MEDIUM"
    },
    {
      "quarter": "2022-12 (Q4)",
      "signal": "OPERATING LEVERAGE",
      "detail": "Rev growth +3.7% vs OpEx growth +0.6% (leverage: 5.8x)",
      "severity": "MEDIUM"
    },
    {
      "quarter": "2022-09 (Q3)",
      "signal": "INCREMENTAL MARGIN (YoY)",
      "detail": "YoY Incr OPM: +80.5% vs year-ago OPM: +1.5%",
      "severity": "HIGH"
    },
    {
      "quarter": "2022-06 (Q2)",
      "signal": "YoY REVENUE GROWTH DECELERATION",
      "detail": "YoY growth: +4.4% vs prior quarter YoY: +15.5% (decel: -11.1%)",
      "severity": "WARNING"
    },
    {
      "quarter": "2022-03 (Q1)",
      "signal": "YoY REVENUE GROWTH DECELERATION",
      "detail": "YoY growth: +15.5% vs prior quarter YoY: +28.9% (decel: -13.4%)",
      "severity": "WARNING"
    },
    {
      "quarter": "2021-12 (Q4)",
      "signal": "FCF TURNED POSITIVE",
      "detail": "FCF margin: -1.3% -> +5.8%",
      "severity": "HIGH"
    },
    {
      "quarter": "2021-12 (Q4)",
      "signal": "OP MARGIN TURNED POSITIVE (YoY)",
      "detail": "Op margin: -0.9% (year-ago) -> +7.5%",
      "severity": "HIGH"
    },
    {
      "quarter": "2021-03 (Q1)",
      "signal": "OPERATING LEVERAGE",
      "detail": "Rev growth +21.5% vs OpEx growth +9.4% (leverage: 2.3x)",
      "severity": "MEDIUM"
    },
    {
      "quarter": "2021-03 (Q1)",
      "signal": "OP MARGIN TURNED POSITIVE (QoQ)",
      "detail": "Op margin: -0.9% -> +9.2%",
      "severity": "HIGH"
    }
  ],
  "data_quality": {
    "n_quarters": 20,
    "coverage": {
      "revenue": [
        20,
        20
      ],
      "gross_profit": [
        20,
        20
      ],
      "op_income": [
        20,
        20
      ],
      "fcf": [
        20,
        20
      ]
    },
    "gaps": [],
    "warnings": []
  },
  "market_cap": null,
  "source": "SEC EDGAR",
  "last_updated": "2026-02-02T22:20:22.342832"
}