{
  "ticker": "BMBL",
  "name": "Bumble Inc.",
  "quarters": [
    {
      "date": "2020-09-30T00:00:00",
      "quarter_label": "2020-09 (Q3)",
      "revenue": 162300000,
      "gross_profit": 118777000,
      "operating_income": -5189000,
      "net_income": -22789000,
      "opex": 167489000,
      "cogs": 43523000,
      "rd": null,
      "sga": null,
      "fcf": null,
      "ocf": null,
      "capex": null,
      "gross_margin": 0.7318361059765865,
      "op_margin": -0.03197165742452249,
      "fcf_margin": null
    },
    {
      "date": "2021-03-31T00:00:00",
      "quarter_label": "2021-03 (Q1)",
      "revenue": 170713000,
      "gross_profit": 122966000,
      "operating_income": -112396000,
      "net_income": 341790000,
      "opex": 283109000,
      "cogs": 47747000,
      "rd": null,
      "sga": null,
      "fcf": -45582000,
      "ocf": -45582000,
      "capex": null,
      "gross_margin": 0.7203083537867649,
      "op_margin": -0.6583915694762554,
      "fcf_margin": -0.26700954233128116,
      "op_leverage_ratio": 0.07509062060121525
    },
    {
      "date": "2021-06-30T00:00:00",
      "quarter_label": "2021-06 (Q2)",
      "revenue": 186217000,
      "gross_profit": 135420000,
      "operating_income": -9498000,
      "net_income": -7083000,
      "opex": 195715000,
      "cogs": 50797000,
      "rd": null,
      "sga": null,
      "fcf": 14143000,
      "ocf": 14143000,
      "capex": null,
      "gross_margin": 0.727216097348792,
      "op_margin": -0.051005010283701274,
      "fcf_margin": 0.07594902721019026,
      "op_leverage_ratio": Infinity,
      "fcf_margin_change": 0.3429585695414714
    },
    {
      "date": "2021-09-30T00:00:00",
      "quarter_label": "2021-09 (Q3)",
      "revenue": 200509000,
      "gross_profit": 143882000,
      "operating_income": -8202000,
      "net_income": -6885000,
      "opex": 208711000,
      "cogs": 56627000,
      "rd": null,
      "sga": null,
      "fcf": 51696000,
      "ocf": 51696000,
      "capex": null,
      "gross_margin": 0.7175837493578842,
      "op_margin": -0.040905894498501315,
      "fcf_margin": 0.25782383833144645,
      "incr_op_margin_yoy": -0.07885576696589809,
      "rev_growth_yoy": 0.23542205791743684,
      "op_leverage_ratio": 1.1558143741901092,
      "fcf_margin_change": 0.1818748111212562
    },
    {
      "date": "2021-12-31T00:00:00",
      "quarter_label": "2021-12 (Q4)",
      "revenue": 208221000,
      "gross_profit": 362992000,
      "operating_income": -4587000,
      "net_income": -10043000,
      "opex": 212808000,
      "cogs": -154771000,
      "rd": null,
      "sga": null,
      "fcf": 84580000,
      "ocf": 84580000,
      "capex": null,
      "gross_margin": 1.7433015882163663,
      "op_margin": -0.0220294782946965,
      "fcf_margin": 0.4062030246709025,
      "op_leverage_ratio": 1.9593522719971788,
      "fcf_margin_change": 0.14837918633945607
    },
    {
      "date": "2022-03-31T00:00:00",
      "quarter_label": "2022-03 (Q1)",
      "revenue": 211199000,
      "gross_profit": 154418000,
      "operating_income": 19019000,
      "net_income": 16395000,
      "opex": 192180000,
      "cogs": 56781000,
      "rd": null,
      "sga": null,
      "fcf": 19358000,
      "ocf": 19358000,
      "capex": null,
      "gross_margin": 0.731149295214466,
      "op_margin": 0.09005250971832253,
      "fcf_margin": 0.09165763095469202,
      "incr_op_margin_yoy": 3.2459368670651583,
      "rev_growth_yoy": 0.23715827148488985,
      "op_leverage_ratio": Infinity,
      "fcf_margin_change": -0.3145453937162105
    },
    {
      "date": "2022-06-30T00:00:00",
      "quarter_label": "2022-06 (Q2)",
      "revenue": 220454000,
      "gross_profit": 157697000,
      "operating_income": -2768000,
      "net_income": -4392000,
      "opex": 223222000,
      "cogs": 62757000,
      "rd": null,
      "sga": null,
      "fcf": 25409000,
      "ocf": 25409000,
      "capex": null,
      "gross_margin": 0.7153283678227658,
      "op_margin": -0.01255590735482232,
      "fcf_margin": 0.11525760476108395,
      "incr_op_margin_yoy": 0.19657096124076293,
      "rev_growth_yoy": 0.1838553945128533,
      "rev_growth_yoy_accel": -0.05330287697203656,
      "op_leverage_ratio": 0.2712957935235141,
      "fcf_margin_change": 0.023599973806391922
    },
    {
      "date": "2022-09-30T00:00:00",
      "quarter_label": "2022-09 (Q3)",
      "revenue": 232639000,
      "gross_profit": 168058000,
      "operating_income": 28344000,
      "net_income": 18063000,
      "opex": 204295000,
      "cogs": 64581000,
      "rd": null,
      "sga": null,
      "fcf": 37002000,
      "ocf": 37002000,
      "capex": null,
      "gross_margin": 0.7223982221381625,
      "op_margin": 0.12183683733165979,
      "fcf_margin": 0.1590532971685745,
      "incr_op_margin_yoy": 1.1374416433239962,
      "rev_growth_yoy": 0.16024218364262952,
      "rev_growth_yoy_accel": -0.023613210870223778,
      "op_leverage_ratio": Infinity,
      "fcf_margin_change": 0.04379569240749055
    },
    {
      "date": "2022-12-31T00:00:00",
      "quarter_label": "2022-12 (Q4)",
      "revenue": 241628000,
      "gross_profit": 173840000,
      "operating_income": -147439000,
      "net_income": -110570000,
      "opex": 389067000,
      "cogs": 67788000,
      "rd": null,
      "sga": null,
      "fcf": 51172000,
      "ocf": 51172000,
      "capex": null,
      "gross_margin": 0.7194530435214462,
      "op_margin": -0.6101900442001755,
      "fcf_margin": 0.21178009171122553,
      "incr_op_margin_yoy": -4.2761097973478615,
      "rev_growth_yoy": 0.1604401093069383,
      "rev_growth_yoy_accel": 0.0001979256643087901,
      "op_leverage_ratio": 0.04272188789007918,
      "fcf_margin_change": 0.05272679454265103
    },
    {
      "date": "2023-03-31T00:00:00",
      "quarter_label": "2023-03 (Q1)",
      "revenue": 242948000,
      "gross_profit": 172368000,
      "operating_income": 9064000,
      "net_income": -1611000,
      "opex": 233884000,
      "cogs": 70580000,
      "rd": null,
      "sga": null,
      "fcf": 13389000,
      "ocf": 13389000,
      "capex": null,
      "gross_margin": 0.7094851573176153,
      "op_margin": 0.037308395212144164,
      "fcf_margin": 0.05511055863806247,
      "incr_op_margin_yoy": -0.3135531827774103,
      "rev_growth_yoy": 0.15032741632299396,
      "rev_growth_yoy_accel": -0.010112692983944349,
      "fcf_margin_change": -0.15666953307316306
    },
    {
      "date": "2023-06-30T00:00:00",
      "quarter_label": "2023-06 (Q2)",
      "revenue": 259735000,
      "gross_profit": 182998000,
      "operating_income": 21171000,
      "net_income": 6753000,
      "opex": 238564000,
      "cogs": 76737000,
      "rd": null,
      "sga": null,
      "fcf": 42711000,
      "ocf": 42711000,
      "capex": null,
      "gross_margin": 0.7045565672704872,
      "op_margin": 0.08151000057751169,
      "fcf_margin": 0.16444067992376846,
      "incr_op_margin_yoy": 0.6094294951757847,
      "rev_growth_yoy": 0.1781822965335172,
      "rev_growth_yoy_accel": 0.027854880210523236,
      "op_leverage_ratio": 3.4531418738405413,
      "fcf_margin_change": 0.10933012128570599
    },
    {
      "date": "2023-09-30T00:00:00",
      "quarter_label": "2023-09 (Q3)",
      "revenue": 275510000,
      "gross_profit": 261510000,
      "operating_income": 30000000,
      "net_income": 16671000,
      "opex": 245510000,
      "cogs": 14000000,
      "rd": null,
      "sga": null,
      "fcf": 62569000,
      "ocf": 62569000,
      "capex": null,
      "gross_margin": 0.9491851475445537,
      "op_margin": 0.10888896954738485,
      "fcf_margin": 0.22710246452034408,
      "incr_op_margin_yoy": 0.03862751043829162,
      "rev_growth_yoy": 0.1842812254179222,
      "rev_growth_yoy_accel": 0.006098928884404997,
      "op_leverage_ratio": 2.085974624372265,
      "fcf_margin_change": 0.06266178459657562
    },
    {
      "date": "2023-12-31T00:00:00",
      "quarter_label": "2023-12 (Q4)",
      "revenue": 273637000,
      "gross_profit": 272837000,
      "operating_income": -6862000,
      "net_income": -26026000,
      "opex": 280499000,
      "cogs": 800000,
      "rd": null,
      "sga": null,
      "fcf": 63417000,
      "ocf": 63417000,
      "capex": null,
      "gross_margin": 0.997076418759159,
      "op_margin": -0.025077018093313405,
      "fcf_margin": 0.2317559394380146,
      "incr_op_margin_yoy": 4.391796057358868,
      "rev_growth_yoy": 0.13247223003956496,
      "rev_growth_yoy_accel": -0.05180899537835723,
      "fcf_margin_change": 0.004653474917670514
    },
    {
      "date": "2024-03-31T00:00:00",
      "quarter_label": "2024-03 (Q1)",
      "revenue": 267775000,
      "gross_profit": 265275000,
      "operating_income": 48790000,
      "net_income": 24617000,
      "opex": 218985000,
      "cogs": 2500000,
      "rd": null,
      "sga": null,
      "fcf": 2420000,
      "ocf": 2420000,
      "capex": null,
      "gross_margin": 0.990663803566427,
      "op_margin": 0.18220520959760994,
      "fcf_margin": 0.009037438147698628,
      "incr_op_margin_yoy": 1.6001127804406492,
      "rev_growth_yoy": 0.10219059222549681,
      "rev_growth_yoy_accel": -0.030281637814068146,
      "fcf_margin_change": -0.22271850129031595
    },
    {
      "date": "2024-06-30T00:00:00",
      "quarter_label": "2024-06 (Q2)",
      "revenue": 268615000,
      "gross_profit": 268615000,
      "operating_income": 51954000,
      "net_income": 27395000,
      "opex": 216661000,
      "cogs": 0,
      "rd": null,
      "sga": null,
      "fcf": 32925000,
      "ocf": 32925000,
      "capex": null,
      "gross_margin": 1.0,
      "op_margin": 0.19341436628632058,
      "fcf_margin": 0.12257319956070957,
      "incr_op_margin_yoy": 3.466554054054054,
      "rev_growth_yoy": 0.0341886923210195,
      "rev_growth_yoy_accel": -0.0680018999044773,
      "fcf_margin_change": 0.11353576141301094
    },
    {
      "date": "2024-09-30T00:00:00",
      "quarter_label": "2024-09 (Q3)",
      "revenue": 273605000,
      "gross_profit": 273605000,
      "operating_income": -838187000,
      "net_income": -613199000,
      "opex": 1111792000,
      "cogs": 0,
      "rd": null,
      "sga": null,
      "fcf": 93494000,
      "ocf": 93494000,
      "capex": null,
      "gross_margin": 1.0,
      "op_margin": -3.0634929917216427,
      "fcf_margin": 0.3417115915279326,
      "incr_op_margin_yoy": 455.7412073490814,
      "rev_growth_yoy": -0.006914449566258938,
      "rev_growth_yoy_accel": -0.04110314188727844,
      "op_leverage_ratio": 0.004496394731308893,
      "fcf_margin_change": 0.21913839196722307
    },
    {
      "date": "2024-12-31T00:00:00",
      "quarter_label": "2024-12 (Q4)",
      "revenue": 261648000,
      "gross_profit": 261648000,
      "operating_income": 36969000,
      "net_income": 4179000,
      "opex": 224679000,
      "cogs": 0,
      "rd": null,
      "sga": null,
      "fcf": -5398000,
      "ocf": -5398000,
      "capex": null,
      "gross_margin": 1.0,
      "op_margin": 0.14129288203999266,
      "fcf_margin": -0.020630771112334127,
      "incr_op_margin_yoy": -3.655934606722829,
      "rev_growth_yoy": -0.04381351937055296,
      "rev_growth_yoy_accel": -0.03689906980429402,
      "fcf_margin_change": -0.36234236264026676
    },
    {
      "date": "2025-03-31T00:00:00",
      "quarter_label": "2025-03 (Q1)",
      "revenue": 247101000,
      "gross_profit": 173748000,
      "operating_income": 44650000,
      "net_income": 13444000,
      "opex": 202451000,
      "cogs": 73353000,
      "rd": null,
      "sga": null,
      "fcf": 43245000,
      "ocf": 43245000,
      "capex": null,
      "gross_margin": 0.7031456772736654,
      "op_margin": 0.18069534319974423,
      "fcf_margin": 0.17500940910801657,
      "incr_op_margin_yoy": 0.20025152365289736,
      "rev_growth_yoy": -0.07720661002707498,
      "rev_growth_yoy_accel": -0.03339309065652202,
      "fcf_margin_change": 0.1956401802203507
    },
    {
      "date": "2025-06-30T00:00:00",
      "quarter_label": "2025-06 (Q2)",
      "revenue": 248229000,
      "gross_profit": 173891000,
      "operating_income": -338343000,
      "net_income": -253744000,
      "opex": 586572000,
      "cogs": 74338000,
      "rd": null,
      "sga": null,
      "fcf": 71236000,
      "ocf": 71236000,
      "capex": null,
      "gross_margin": 0.7005265299380814,
      "op_margin": -1.3630276881428036,
      "fcf_margin": 0.28697694467608537,
      "incr_op_margin_yoy": 19.14534484450113,
      "rev_growth_yoy": -0.07589300671965453,
      "rev_growth_yoy_accel": 0.0013136033074204467,
      "fcf_margin_change": 0.1119675355680688
    },
    {
      "date": "2025-09-30T00:00:00",
      "quarter_label": "2025-09 (Q3)",
      "revenue": 246163000,
      "gross_profit": 176944000,
      "operating_income": 63658000,
      "net_income": 37338000,
      "opex": 182505000,
      "cogs": 69219000,
      "rd": null,
      "sga": null,
      "fcf": 76819000,
      "ocf": 76819000,
      "capex": null,
      "gross_margin": 0.7188082693174848,
      "op_margin": 0.25860100827500476,
      "fcf_margin": 0.3120655825611485,
      "incr_op_margin_yoy": -32.863676116901104,
      "rev_growth_yoy": -0.10029787467334296,
      "rev_growth_yoy_accel": -0.02440486795368843,
      "fcf_margin_change": 0.02508863788506316
    }
  ],
  "signals": [
    {
      "quarter": "2025-09 (Q3)",
      "signal": "OP MARGIN TURNED POSITIVE (YoY)",
      "detail": "Op margin: -306.3% (year-ago) -> +25.9%",
      "severity": "HIGH"
    },
    {
      "quarter": "2025-09 (Q3)",
      "signal": "OP MARGIN TURNED POSITIVE (QoQ)",
      "detail": "Op margin: -136.3% -> +25.9%",
      "severity": "HIGH"
    },
    {
      "quarter": "2025-06 (Q2)",
      "signal": "FCF MARGIN EXPANSION",
      "detail": "FCF margin: +17.5% -> +28.7% (+11.2%)",
      "severity": "MEDIUM"
    },
    {
      "quarter": "2025-03 (Q1)",
      "signal": "FCF TURNED POSITIVE",
      "detail": "FCF margin: -2.1% -> +17.5%",
      "severity": "HIGH"
    },
    {
      "quarter": "2024-12 (Q4)",
      "signal": "OP MARGIN TURNED POSITIVE (YoY)",
      "detail": "Op margin: -2.5% (year-ago) -> +14.1%",
      "severity": "HIGH"
    },
    {
      "quarter": "2024-12 (Q4)",
      "signal": "OP MARGIN TURNED POSITIVE (QoQ)",
      "detail": "Op margin: -306.3% -> +14.1%",
      "severity": "HIGH"
    },
    {
      "quarter": "2024-09 (Q3)",
      "signal": "FCF MARGIN EXPANSION",
      "detail": "FCF margin: +12.3% -> +34.2% (+21.9%)",
      "severity": "MEDIUM"
    },
    {
      "quarter": "2024-06 (Q2)",
      "signal": "FCF MARGIN EXPANSION",
      "detail": "FCF margin: +0.9% -> +12.3% (+11.4%)",
      "severity": "MEDIUM"
    },
    {
      "quarter": "2024-06 (Q2)",
      "signal": "YoY REVENUE GROWTH DECELERATION",
      "detail": "YoY growth: +3.4% vs prior quarter YoY: +10.2% (decel: -6.8%)",
      "severity": "WARNING"
    },
    {
      "quarter": "2024-06 (Q2)",
      "signal": "INCREMENTAL MARGIN (YoY)",
      "detail": "YoY Incr OPM: +346.7% vs year-ago OPM: +8.2%",
      "severity": "HIGH"
    },
    {
      "quarter": "2024-03 (Q1)",
      "signal": "INCREMENTAL MARGIN (YoY)",
      "detail": "YoY Incr OPM: +160.0% vs year-ago OPM: +3.7%",
      "severity": "HIGH"
    },
    {
      "quarter": "2024-03 (Q1)",
      "signal": "OP MARGIN TURNED POSITIVE (QoQ)",
      "detail": "Op margin: -2.5% -> +18.2%",
      "severity": "HIGH"
    },
    {
      "quarter": "2023-12 (Q4)",
      "signal": "YoY REVENUE GROWTH DECELERATION",
      "detail": "YoY growth: +13.2% vs prior quarter YoY: +18.4% (decel: -5.2%)",
      "severity": "WARNING"
    },
    {
      "quarter": "2023-09 (Q3)",
      "signal": "FCF MARGIN EXPANSION",
      "detail": "FCF margin: +16.4% -> +22.7% (+6.3%)",
      "severity": "MEDIUM"
    },
    {
      "quarter": "2023-09 (Q3)",
      "signal": "OPERATING LEVERAGE",
      "detail": "Rev growth +6.1% vs OpEx growth +2.9% (leverage: 2.1x)",
      "severity": "MEDIUM"
    },
    {
      "quarter": "2023-09 (Q3)",
      "signal": "GROSS MARGIN INFLECTION",
      "detail": "GM: +70.9% -> +70.5% -> +94.9% (reversal +24.5%)",
      "severity": "HIGH"
    },
    {
      "quarter": "2023-06 (Q2)",
      "signal": "FCF MARGIN EXPANSION",
      "detail": "FCF margin: +5.5% -> +16.4% (+10.9%)",
      "severity": "MEDIUM"
    },
    {
      "quarter": "2023-06 (Q2)",
      "signal": "OPERATING LEVERAGE",
      "detail": "Rev growth +6.9% vs OpEx growth +2.0% (leverage: 3.5x)",
      "severity": "MEDIUM"
    },
    {
      "quarter": "2023-06 (Q2)",
      "signal": "OP MARGIN TURNED POSITIVE (YoY)",
      "detail": "Op margin: -1.3% (year-ago) -> +8.2%",
      "severity": "HIGH"
    },
    {
      "quarter": "2023-03 (Q1)",
      "signal": "OP MARGIN TURNED POSITIVE (QoQ)",
      "detail": "Op margin: -61.0% -> +3.7%",
      "severity": "HIGH"
    },
    {
      "quarter": "2022-12 (Q4)",
      "signal": "FCF MARGIN EXPANSION",
      "detail": "FCF margin: +15.9% -> +21.2% (+5.3%)",
      "severity": "MEDIUM"
    },
    {
      "quarter": "2022-09 (Q3)",
      "signal": "OP MARGIN TURNED POSITIVE (YoY)",
      "detail": "Op margin: -4.1% (year-ago) -> +12.2%",
      "severity": "HIGH"
    },
    {
      "quarter": "2022-09 (Q3)",
      "signal": "OP MARGIN TURNED POSITIVE (QoQ)",
      "detail": "Op margin: -1.3% -> +12.2%",
      "severity": "HIGH"
    },
    {
      "quarter": "2022-06 (Q2)",
      "signal": "YoY REVENUE GROWTH DECELERATION",
      "detail": "YoY growth: +18.4% vs prior quarter YoY: +23.7% (decel: -5.3%)",
      "severity": "WARNING"
    },
    {
      "quarter": "2022-03 (Q1)",
      "signal": "OP MARGIN TURNED POSITIVE (YoY)",
      "detail": "Op margin: -65.8% (year-ago) -> +9.0%",
      "severity": "HIGH"
    },
    {
      "quarter": "2022-03 (Q1)",
      "signal": "OP MARGIN TURNED POSITIVE (QoQ)",
      "detail": "Op margin: -2.2% -> +9.0%",
      "severity": "HIGH"
    },
    {
      "quarter": "2021-12 (Q4)",
      "signal": "FCF MARGIN EXPANSION",
      "detail": "FCF margin: +25.8% -> +40.6% (+14.8%)",
      "severity": "MEDIUM"
    },
    {
      "quarter": "2021-12 (Q4)",
      "signal": "OPERATING LEVERAGE",
      "detail": "Rev growth +3.8% vs OpEx growth +2.0% (leverage: 2.0x)",
      "severity": "MEDIUM"
    },
    {
      "quarter": "2021-12 (Q4)",
      "signal": "GROSS MARGIN INFLECTION",
      "detail": "GM: +72.7% -> +71.8% -> +174.3% (reversal +102.6%)",
      "severity": "HIGH"
    },
    {
      "quarter": "2021-09 (Q3)",
      "signal": "FCF MARGIN EXPANSION",
      "detail": "FCF margin: +7.6% -> +25.8% (+18.2%)",
      "severity": "MEDIUM"
    },
    {
      "quarter": "2021-06 (Q2)",
      "signal": "FCF TURNED POSITIVE",
      "detail": "FCF margin: -26.7% -> +7.6%",
      "severity": "HIGH"
    }
  ],
  "data_quality": {
    "n_quarters": 20,
    "coverage": {
      "revenue": [
        20,
        20
      ],
      "gross_profit": [
        20,
        20
      ],
      "op_income": [
        20,
        20
      ],
      "fcf": [
        19,
        20
      ]
    },
    "gaps": [
      [
        "2020-09 (Q3)",
        "2021-03 (Q1)",
        182
      ]
    ],
    "warnings": [
      "gap: 1Q missing between 2020-09 (Q3) and 2021-03 (Q1)"
    ]
  },
  "market_cap": null,
  "source": "SEC EDGAR",
  "last_updated": "2026-02-02T22:19:36.638223"
}