{
  "ticker": "BMNM",
  "name": "Bimini Capital Management, Inc.",
  "quarters": [
    {
      "date": "2020-12-31T00:00:00",
      "quarter_label": "2020-12 (Q4)",
      "revenue": 2928587,
      "gross_profit": null,
      "operating_income": null,
      "net_income": null,
      "opex": 1660000,
      "cogs": null,
      "rd": null,
      "sga": 1660107,
      "fcf": 1144621,
      "ocf": 1144621,
      "capex": null,
      "gross_margin": null,
      "op_margin": null,
      "fcf_margin": 0.3908441169751829
    },
    {
      "date": "2021-03-31T00:00:00",
      "quarter_label": "2021-03 (Q1)",
      "revenue": 3142122,
      "gross_profit": null,
      "operating_income": null,
      "net_income": null,
      "opex": 1756000,
      "cogs": null,
      "rd": null,
      "sga": 1756583,
      "fcf": 109941,
      "ocf": 109941,
      "capex": null,
      "gross_margin": null,
      "op_margin": null,
      "fcf_margin": 0.03498941161418939,
      "op_leverage_ratio": 1.2608046275103546,
      "fcf_margin_change": -0.3558547053609935
    },
    {
      "date": "2021-06-30T00:00:00",
      "quarter_label": "2021-06 (Q2)",
      "revenue": 3270356,
      "gross_profit": null,
      "operating_income": null,
      "net_income": null,
      "opex": -1724000,
      "cogs": null,
      "rd": null,
      "sga": 1724421,
      "fcf": 1595720,
      "ocf": 1595720,
      "capex": null,
      "gross_margin": null,
      "op_margin": null,
      "fcf_margin": 0.487934646870249,
      "op_leverage_ratio": Infinity,
      "fcf_margin_change": 0.4529452352560596
    },
    {
      "date": "2021-09-30T00:00:00",
      "quarter_label": "2021-09 (Q3)",
      "revenue": 3589873,
      "gross_profit": null,
      "operating_income": null,
      "net_income": null,
      "opex": -1653000,
      "cogs": null,
      "rd": null,
      "sga": 1652562,
      "fcf": 1789785,
      "ocf": 1789785,
      "capex": null,
      "gross_margin": null,
      "op_margin": null,
      "fcf_margin": 0.4985649910177881,
      "op_leverage_ratio": Infinity,
      "fcf_margin_change": 0.010630344147539106
    },
    {
      "date": "2021-12-31T00:00:00",
      "quarter_label": "2021-12 (Q4)",
      "revenue": 4047585,
      "gross_profit": null,
      "operating_income": null,
      "net_income": null,
      "opex": 3151000,
      "cogs": null,
      "rd": null,
      "sga": 3151796,
      "fcf": 2038055,
      "ocf": 2038055,
      "capex": null,
      "gross_margin": null,
      "op_margin": null,
      "fcf_margin": 0.5035237061111749,
      "rev_growth_yoy": 0.3820948464225239,
      "op_leverage_ratio": Infinity,
      "fcf_margin_change": 0.004958715093386801
    },
    {
      "date": "2022-03-31T00:00:00",
      "quarter_label": "2022-03 (Q1)",
      "revenue": 3969031,
      "gross_profit": null,
      "operating_income": null,
      "net_income": -3479584,
      "opex": 2026000,
      "cogs": null,
      "rd": null,
      "sga": 2025479,
      "fcf": -391981,
      "ocf": -378005,
      "capex": -13976,
      "gross_margin": null,
      "op_margin": null,
      "fcf_margin": -0.09875987363162445,
      "rev_growth_yoy": 0.26316896670466644,
      "rev_growth_yoy_accel": -0.11892587971785745,
      "fcf_margin_change": -0.6022835797427993
    },
    {
      "date": "2022-06-30T00:00:00",
      "quarter_label": "2022-06 (Q2)",
      "revenue": 4074820,
      "gross_profit": null,
      "operating_income": null,
      "net_income": -1186574,
      "opex": -2112000,
      "cogs": null,
      "rd": null,
      "sga": 2112872,
      "fcf": 2146167,
      "ocf": 2153638,
      "capex": -7471,
      "gross_margin": null,
      "op_margin": null,
      "fcf_margin": 0.526690013301201,
      "rev_growth_yoy": 0.24598667545673927,
      "rev_growth_yoy_accel": -0.017182291247927167,
      "op_leverage_ratio": Infinity,
      "fcf_margin_change": 0.6254498869328254
    },
    {
      "date": "2022-09-30T00:00:00",
      "quarter_label": "2022-09 (Q3)",
      "revenue": 4039663,
      "gross_profit": null,
      "operating_income": null,
      "net_income": -3173188,
      "opex": -2078000,
      "cogs": null,
      "rd": null,
      "sga": 2077307,
      "fcf": 2910382,
      "ocf": 2935111,
      "capex": -24729,
      "gross_margin": null,
      "op_margin": null,
      "fcf_margin": 0.7204516812417273,
      "rev_growth_yoy": 0.1252941260039004,
      "rev_growth_yoy_accel": -0.12069254945283886,
      "fcf_margin_change": 0.1937616679405263
    },
    {
      "date": "2022-12-31T00:00:00",
      "quarter_label": "2022-12 (Q4)",
      "revenue": 4067171,
      "gross_profit": null,
      "operating_income": null,
      "net_income": -11983759,
      "opex": 3622706,
      "cogs": null,
      "rd": null,
      "sga": 3623048,
      "fcf": 765823,
      "ocf": 765823,
      "capex": null,
      "gross_margin": null,
      "op_margin": null,
      "fcf_margin": 0.18829377963208332,
      "rev_growth_yoy": 0.004838934821628205,
      "rev_growth_yoy_accel": -0.12045519118227221,
      "fcf_margin_change": -0.532157901609644
    },
    {
      "date": "2023-03-31T00:00:00",
      "quarter_label": "2023-03 (Q1)",
      "revenue": 4212952,
      "gross_profit": null,
      "operating_income": null,
      "net_income": 1005473,
      "opex": 2329000,
      "cogs": null,
      "rd": null,
      "sga": 2328857,
      "fcf": -1864615,
      "ocf": -1864615,
      "capex": null,
      "gross_margin": null,
      "op_margin": null,
      "fcf_margin": -0.4425910857754847,
      "rev_growth_yoy": 0.06145605816633833,
      "rev_growth_yoy_accel": 0.05661712334471013,
      "op_leverage_ratio": Infinity,
      "fcf_margin_change": -0.630884865407568
    },
    {
      "date": "2023-06-30T00:00:00",
      "quarter_label": "2023-06 (Q2)",
      "revenue": 4356012,
      "gross_profit": null,
      "operating_income": null,
      "net_income": 285507,
      "opex": 2223000,
      "cogs": null,
      "rd": null,
      "sga": 2223012,
      "fcf": 1933121,
      "ocf": 1933121,
      "capex": null,
      "gross_margin": null,
      "op_margin": null,
      "fcf_margin": 0.4437822944473064,
      "rev_growth_yoy": 0.06900721995081992,
      "rev_growth_yoy_accel": 0.0075511617844815845,
      "op_leverage_ratio": Infinity,
      "fcf_margin_change": 0.8863733802227911
    },
    {
      "date": "2023-09-30T00:00:00",
      "quarter_label": "2023-09 (Q3)",
      "revenue": 4731661,
      "gross_profit": null,
      "operating_income": null,
      "net_income": -418708,
      "opex": 2105000,
      "cogs": null,
      "rd": null,
      "sga": 2105424,
      "fcf": 2506885,
      "ocf": 2506885,
      "capex": null,
      "gross_margin": null,
      "op_margin": null,
      "fcf_margin": 0.5298107789209751,
      "rev_growth_yoy": 0.17130092287401202,
      "rev_growth_yoy_accel": 0.1022937029231921,
      "op_leverage_ratio": Infinity,
      "fcf_margin_change": 0.08602848447366868
    },
    {
      "date": "2023-12-31T00:00:00",
      "quarter_label": "2023-12 (Q4)",
      "revenue": 4630125,
      "gross_profit": null,
      "operating_income": null,
      "net_income": -4855477,
      "opex": 3841000,
      "cogs": null,
      "rd": null,
      "sga": 3840310,
      "fcf": -876852,
      "ocf": -876852,
      "capex": null,
      "gross_margin": null,
      "op_margin": null,
      "fcf_margin": -0.18937976836478496,
      "rev_growth_yoy": 0.1384141458522398,
      "rev_growth_yoy_accel": -0.03288677702177223,
      "fcf_margin_change": -0.71919054728576
    },
    {
      "date": "2024-03-31T00:00:00",
      "quarter_label": "2024-03 (Q1)",
      "revenue": 4528226,
      "gross_profit": null,
      "operating_income": null,
      "net_income": 213108,
      "opex": 3030000,
      "cogs": null,
      "rd": null,
      "sga": 3029395,
      "fcf": -1024206,
      "ocf": -1024206,
      "capex": null,
      "gross_margin": null,
      "op_margin": null,
      "fcf_margin": -0.2261826154436638,
      "rev_growth_yoy": 0.07483446286594293,
      "rev_growth_yoy_accel": -0.06357968298629686,
      "fcf_margin_change": -0.03680284707887885
    },
    {
      "date": "2024-06-30T00:00:00",
      "quarter_label": "2024-06 (Q2)",
      "revenue": 4659246,
      "gross_profit": null,
      "operating_income": null,
      "net_income": -273845,
      "opex": 2782000,
      "cogs": null,
      "rd": null,
      "sga": 2782576,
      "fcf": 1190274,
      "ocf": 1190274,
      "capex": null,
      "gross_margin": null,
      "op_margin": null,
      "fcf_margin": 0.25546494003536196,
      "rev_growth_yoy": 0.06961275588772482,
      "rev_growth_yoy_accel": -0.00522170697821811,
      "op_leverage_ratio": Infinity,
      "fcf_margin_change": 0.48164755547902577
    },
    {
      "date": "2024-09-30T00:00:00",
      "quarter_label": "2024-09 (Q3)",
      "revenue": 4990764,
      "gross_profit": null,
      "operating_income": null,
      "net_income": 256225,
      "opex": 2627000,
      "cogs": null,
      "rd": null,
      "sga": 2627343,
      "fcf": -1122133,
      "ocf": -1122133,
      "capex": null,
      "gross_margin": null,
      "op_margin": null,
      "fcf_margin": -0.224841928009419,
      "rev_growth_yoy": 0.05475941746460704,
      "rev_growth_yoy_accel": -0.014853338423117785,
      "op_leverage_ratio": Infinity,
      "fcf_margin_change": -0.48030686804478095
    },
    {
      "date": "2024-12-31T00:00:00",
      "quarter_label": "2024-12 (Q4)",
      "revenue": 5264458,
      "gross_profit": null,
      "operating_income": null,
      "net_income": -1501822,
      "opex": 2820000,
      "cogs": null,
      "rd": null,
      "sga": 2818739,
      "fcf": 4148227,
      "ocf": 4148227,
      "capex": null,
      "gross_margin": null,
      "op_margin": null,
      "fcf_margin": 0.7879684860245822,
      "rev_growth_yoy": 0.13700126886423153,
      "rev_growth_yoy_accel": 0.08224185139962449,
      "op_leverage_ratio": 0.746450488939023,
      "fcf_margin_change": 1.0128104140340013
    },
    {
      "date": "2025-03-31T00:00:00",
      "quarter_label": "2025-03 (Q1)",
      "revenue": 5529329,
      "gross_profit": null,
      "operating_income": null,
      "net_income": 552570,
      "opex": 2924000,
      "cogs": null,
      "rd": null,
      "sga": 2924157,
      "fcf": -3118966,
      "ocf": -3118966,
      "capex": null,
      "gross_margin": null,
      "op_margin": null,
      "fcf_margin": -0.5640767622979208,
      "rev_growth_yoy": 0.22108061744268065,
      "rev_growth_yoy_accel": 0.08407934857844912,
      "op_leverage_ratio": 1.3642580182920139,
      "fcf_margin_change": -1.352045248322503
    },
    {
      "date": "2025-06-30T00:00:00",
      "quarter_label": "2025-06 (Q2)",
      "revenue": 5597462,
      "gross_profit": null,
      "operating_income": null,
      "net_income": 42732,
      "opex": 2819000,
      "cogs": null,
      "rd": null,
      "sga": 2818974,
      "fcf": 1793017,
      "ocf": 1793017,
      "capex": null,
      "gross_margin": null,
      "op_margin": null,
      "fcf_margin": 0.3203267838173801,
      "rev_growth_yoy": 0.20136648719556768,
      "rev_growth_yoy_accel": -0.019714130247112965,
      "op_leverage_ratio": Infinity,
      "fcf_margin_change": 0.8844035461153009
    },
    {
      "date": "2025-09-30T00:00:00",
      "quarter_label": "2025-09 (Q3)",
      "revenue": 6197108,
      "gross_profit": null,
      "operating_income": null,
      "net_income": 1822743,
      "opex": 2972000,
      "cogs": null,
      "rd": null,
      "sga": 2971686,
      "fcf": 2135017,
      "ocf": 2135017,
      "capex": null,
      "gross_margin": null,
      "op_margin": null,
      "fcf_margin": 0.3445182817533598,
      "rev_growth_yoy": 0.24171529649568682,
      "rev_growth_yoy_accel": 0.04034880930011914,
      "op_leverage_ratio": 1.9738194861577356,
      "fcf_margin_change": 0.02419149793597969
    }
  ],
  "signals": [
    {
      "quarter": "2025-09 (Q3)",
      "signal": "OPERATING LEVERAGE",
      "detail": "Rev growth +10.7% vs OpEx growth +5.4% (leverage: 2.0x)",
      "severity": "MEDIUM"
    },
    {
      "quarter": "2025-06 (Q2)",
      "signal": "FCF TURNED POSITIVE",
      "detail": "FCF margin: -56.4% -> +32.0%",
      "severity": "HIGH"
    },
    {
      "quarter": "2025-03 (Q1)",
      "signal": "YoY REVENUE GROWTH ACCELERATION",
      "detail": "YoY growth: +22.1% vs prior quarter YoY: +13.7% (accel: +8.4%)",
      "severity": "MEDIUM"
    },
    {
      "quarter": "2024-12 (Q4)",
      "signal": "FCF TURNED POSITIVE",
      "detail": "FCF margin: -22.5% -> +78.8%",
      "severity": "HIGH"
    },
    {
      "quarter": "2024-12 (Q4)",
      "signal": "YoY REVENUE GROWTH ACCELERATION",
      "detail": "YoY growth: +13.7% vs prior quarter YoY: +5.5% (accel: +8.2%)",
      "severity": "MEDIUM"
    },
    {
      "quarter": "2024-06 (Q2)",
      "signal": "FCF TURNED POSITIVE",
      "detail": "FCF margin: -22.6% -> +25.5%",
      "severity": "HIGH"
    },
    {
      "quarter": "2024-03 (Q1)",
      "signal": "YoY REVENUE GROWTH DECELERATION",
      "detail": "YoY growth: +7.5% vs prior quarter YoY: +13.8% (decel: -6.4%)",
      "severity": "WARNING"
    },
    {
      "quarter": "2023-09 (Q3)",
      "signal": "FCF MARGIN EXPANSION",
      "detail": "FCF margin: +44.4% -> +53.0% (+8.6%)",
      "severity": "MEDIUM"
    },
    {
      "quarter": "2023-09 (Q3)",
      "signal": "YoY REVENUE GROWTH ACCELERATION",
      "detail": "YoY growth: +17.1% vs prior quarter YoY: +6.9% (accel: +10.2%)",
      "severity": "MEDIUM"
    },
    {
      "quarter": "2023-06 (Q2)",
      "signal": "FCF TURNED POSITIVE",
      "detail": "FCF margin: -44.3% -> +44.4%",
      "severity": "HIGH"
    },
    {
      "quarter": "2023-03 (Q1)",
      "signal": "YoY REVENUE GROWTH ACCELERATION",
      "detail": "YoY growth: +6.1% vs prior quarter YoY: +0.5% (accel: +5.7%)",
      "severity": "MEDIUM"
    },
    {
      "quarter": "2022-12 (Q4)",
      "signal": "YoY REVENUE GROWTH DECELERATION",
      "detail": "YoY growth: +0.5% vs prior quarter YoY: +12.5% (decel: -12.0%)",
      "severity": "WARNING"
    },
    {
      "quarter": "2022-09 (Q3)",
      "signal": "FCF MARGIN EXPANSION",
      "detail": "FCF margin: +52.7% -> +72.0% (+19.4%)",
      "severity": "MEDIUM"
    },
    {
      "quarter": "2022-09 (Q3)",
      "signal": "YoY REVENUE GROWTH DECELERATION",
      "detail": "YoY growth: +12.5% vs prior quarter YoY: +24.6% (decel: -12.1%)",
      "severity": "WARNING"
    },
    {
      "quarter": "2022-06 (Q2)",
      "signal": "FCF TURNED POSITIVE",
      "detail": "FCF margin: -9.9% -> +52.7%",
      "severity": "HIGH"
    },
    {
      "quarter": "2022-03 (Q1)",
      "signal": "YoY REVENUE GROWTH DECELERATION",
      "detail": "YoY growth: +26.3% vs prior quarter YoY: +38.2% (decel: -11.9%)",
      "severity": "WARNING"
    },
    {
      "quarter": "2021-06 (Q2)",
      "signal": "FCF MARGIN EXPANSION",
      "detail": "FCF margin: +3.5% -> +48.8% (+45.3%)",
      "severity": "MEDIUM"
    }
  ],
  "data_quality": {
    "n_quarters": 20,
    "coverage": {
      "revenue": [
        20,
        20
      ],
      "gross_profit": [
        0,
        20
      ],
      "op_income": [
        0,
        20
      ],
      "fcf": [
        20,
        20
      ]
    },
    "gaps": [],
    "warnings": [
      "gross_profit: no data",
      "op_income: no data"
    ]
  },
  "market_cap": null,
  "source": "SEC EDGAR",
  "last_updated": "2026-02-02T23:50:24.702014",
  "sector": "Financial Services",
  "industry": "Asset Management"
}