{
  "ticker": "BMY",
  "name": "BRISTOL-MYERS SQUIBB COMPANY",
  "quarters": [
    {
      "date": "2020-12-31T00:00:00",
      "quarter_label": "2020-12 (Q4)",
      "revenue": 11068000000,
      "gross_profit": 8158000000,
      "operating_income": null,
      "net_income": -10027000000,
      "opex": 21519000000,
      "cogs": 2910000000,
      "rd": 3750000000,
      "sga": 2721000000,
      "fcf": 3072000000,
      "ocf": 3355000000,
      "capex": -283000000,
      "gross_margin": 0.7370798698951934,
      "op_margin": null,
      "fcf_margin": 0.2775569208529093
    },
    {
      "date": "2021-03-31T00:00:00",
      "quarter_label": "2021-03 (Q1)",
      "revenue": 11073000000,
      "gross_profit": 8232000000,
      "operating_income": null,
      "net_income": 2021000000,
      "opex": 8543000000,
      "cogs": 2841000000,
      "rd": 2225000000,
      "sga": 1666000000,
      "fcf": 3651000000,
      "ocf": 3824000000,
      "capex": -173000000,
      "gross_margin": 0.7434299647791927,
      "op_margin": null,
      "fcf_margin": 0.32972094283392034,
      "fcf_margin_change": 0.052164021981011055
    },
    {
      "date": "2021-06-30T00:00:00",
      "quarter_label": "2021-06 (Q2)",
      "revenue": 11703000000,
      "gross_profit": 9251000000,
      "operating_income": null,
      "net_income": 1055000000,
      "opex": 10150000000,
      "cogs": 2452000000,
      "rd": 3271000000,
      "sga": 1882000000,
      "fcf": 2850000000,
      "ocf": 3060000000,
      "capex": -210000000,
      "gross_margin": 0.7904810732290866,
      "op_margin": null,
      "fcf_margin": 0.24352730069213022,
      "op_leverage_ratio": 0.302461275404257,
      "fcf_margin_change": -0.08619364214179012
    },
    {
      "date": "2021-09-30T00:00:00",
      "quarter_label": "2021-09 (Q3)",
      "revenue": 11624000000,
      "gross_profit": 9333000000,
      "operating_income": null,
      "net_income": 1546000000,
      "opex": 9467000000,
      "cogs": 2291000000,
      "rd": 3251000000,
      "sga": 1788000000,
      "fcf": 4996000000,
      "ocf": 5266000000,
      "capex": -270000000,
      "gross_margin": 0.8029077770130764,
      "op_margin": null,
      "fcf_margin": 0.42980041293874743,
      "fcf_margin_change": 0.18627311224661722
    },
    {
      "date": "2021-12-31T00:00:00",
      "quarter_label": "2021-12 (Q4)",
      "revenue": 11985000000,
      "gross_profit": 9629000000,
      "operating_income": null,
      "net_income": 2372000000,
      "opex": 10127000000,
      "cogs": 2356000000,
      "rd": 2607000000,
      "sga": 2354000000,
      "fcf": 3737000000,
      "ocf": 4057000000,
      "capex": -320000000,
      "gross_margin": 0.8034209428452231,
      "op_margin": null,
      "fcf_margin": 0.3118064246975386,
      "rev_growth_yoy": 0.08285146367907481,
      "op_leverage_ratio": 0.4454716208888611,
      "fcf_margin_change": -0.11799398824120882
    },
    {
      "date": "2022-03-31T00:00:00",
      "quarter_label": "2022-03 (Q1)",
      "revenue": 11648000000,
      "gross_profit": 9177000000,
      "operating_income": null,
      "net_income": 1278000000,
      "opex": 9961000000,
      "cogs": 2471000000,
      "rd": 2260000000,
      "sga": 1831000000,
      "fcf": 3559000000,
      "ocf": 3812000000,
      "capex": -253000000,
      "gross_margin": 0.7878605769230769,
      "op_margin": null,
      "fcf_margin": 0.3055460164835165,
      "rev_growth_yoy": 0.05192811342906168,
      "rev_growth_yoy_accel": -0.03092335025001313,
      "fcf_margin_change": -0.0062604082140221284
    },
    {
      "date": "2022-06-30T00:00:00",
      "quarter_label": "2022-06 (Q2)",
      "revenue": 11887000000,
      "gross_profit": 9167000000,
      "operating_income": null,
      "net_income": 1421000000,
      "opex": 9929000000,
      "cogs": 2720000000,
      "rd": 2321000000,
      "sga": 1787000000,
      "fcf": 1989000000,
      "ocf": 2261000000,
      "capex": -272000000,
      "gross_margin": 0.7711785984689157,
      "op_margin": null,
      "fcf_margin": 0.16732564986960546,
      "rev_growth_yoy": 0.015722464325386654,
      "rev_growth_yoy_accel": -0.036205649103675026,
      "op_leverage_ratio": Infinity,
      "fcf_margin_change": -0.13822036661391102
    },
    {
      "date": "2022-09-30T00:00:00",
      "quarter_label": "2022-09 (Q3)",
      "revenue": 11218000000,
      "gross_profit": 8865000000,
      "operating_income": null,
      "net_income": 1606000000,
      "opex": 9009000000,
      "cogs": 2353000000,
      "rd": 2418000000,
      "sga": 1930000000,
      "fcf": 3440000000,
      "ocf": 3687000000,
      "capex": -247000000,
      "gross_margin": 0.790247816009984,
      "op_margin": null,
      "fcf_margin": 0.3066500267427349,
      "rev_growth_yoy": -0.03492773571920165,
      "rev_growth_yoy_accel": -0.050650200044588305,
      "fcf_margin_change": 0.13932437687312943
    },
    {
      "date": "2022-12-31T00:00:00",
      "quarter_label": "2022-12 (Q4)",
      "revenue": 11406000000,
      "gross_profit": 8813000000,
      "operating_income": null,
      "net_income": 2022000000,
      "opex": 9547000000,
      "cogs": 2593000000,
      "rd": 2510000000,
      "sga": 2266000000,
      "fcf": 2960000000,
      "ocf": 3306000000,
      "capex": -346000000,
      "gross_margin": 0.7726635104331054,
      "op_margin": null,
      "fcf_margin": 0.25951253726109064,
      "rev_growth_yoy": -0.048310387984981225,
      "rev_growth_yoy_accel": -0.013382652265779574,
      "op_leverage_ratio": 0.2806316985248747,
      "fcf_margin_change": -0.04713748948164426
    },
    {
      "date": "2023-03-31T00:00:00",
      "quarter_label": "2023-03 (Q1)",
      "revenue": 11337000000,
      "gross_profit": 8771000000,
      "operating_income": null,
      "net_income": 2262000000,
      "opex": 8567000000,
      "cogs": 2566000000,
      "rd": 2321000000,
      "sga": 1762000000,
      "fcf": 2692000000,
      "ocf": 2970000000,
      "capex": -278000000,
      "gross_margin": 0.773661462468025,
      "op_margin": null,
      "fcf_margin": 0.2374525888683073,
      "rev_growth_yoy": -0.026699862637362636,
      "rev_growth_yoy_accel": 0.02161052534761859,
      "fcf_margin_change": -0.02205994839278333
    },
    {
      "date": "2023-06-30T00:00:00",
      "quarter_label": "2023-06 (Q2)",
      "revenue": 11226000000,
      "gross_profit": 8350000000,
      "operating_income": null,
      "net_income": 2073000000,
      "opex": 9367000000,
      "cogs": 2876000000,
      "rd": 2258000000,
      "sga": 1934000000,
      "fcf": 1628000000,
      "ocf": 1887000000,
      "capex": -259000000,
      "gross_margin": 0.7438090147871014,
      "op_margin": null,
      "fcf_margin": 0.14502048815250312,
      "rev_growth_yoy": -0.05560696559266425,
      "rev_growth_yoy_accel": -0.028907102955301616,
      "fcf_margin_change": -0.09243210071580418
    },
    {
      "date": "2023-09-30T00:00:00",
      "quarter_label": "2023-09 (Q3)",
      "revenue": 10966000000,
      "gross_profit": 8460000000,
      "operating_income": null,
      "net_income": 1928000000,
      "opex": 8829000000,
      "cogs": 2506000000,
      "rd": 2242000000,
      "sga": 2003000000,
      "fcf": 4409000000,
      "ocf": 4751000000,
      "capex": -342000000,
      "gross_margin": 0.7714754696334124,
      "op_margin": null,
      "fcf_margin": 0.4020609155571767,
      "rev_growth_yoy": -0.02246389730789802,
      "rev_growth_yoy_accel": 0.033143068284766236,
      "fcf_margin_change": 0.2570404274046736
    },
    {
      "date": "2023-12-31T00:00:00",
      "quarter_label": "2023-12 (Q4)",
      "revenue": 11477000000,
      "gross_profit": 8732000000,
      "operating_income": null,
      "net_income": 1762000000,
      "opex": 9803000000,
      "cogs": 2745000000,
      "rd": 2478000000,
      "sga": 2073000000,
      "fcf": 3922000000,
      "ocf": 4252000000,
      "capex": -330000000,
      "gross_margin": 0.7608259998257384,
      "op_margin": null,
      "fcf_margin": 0.3417269321251198,
      "rev_growth_yoy": 0.006224793968086972,
      "rev_growth_yoy_accel": 0.02868869127598499,
      "op_leverage_ratio": 0.42240127315304615,
      "fcf_margin_change": -0.060333983432056926
    },
    {
      "date": "2024-03-31T00:00:00",
      "quarter_label": "2024-03 (Q1)",
      "revenue": 11865000000,
      "gross_profit": 8933000000,
      "operating_income": null,
      "net_income": -11911000000,
      "opex": 23381000000,
      "cogs": 2932000000,
      "rd": 2695000000,
      "sga": 2367000000,
      "fcf": 2550000000,
      "ocf": 2834000000,
      "capex": -284000000,
      "gross_margin": 0.7528866413822166,
      "op_margin": null,
      "fcf_margin": 0.21491782553729458,
      "rev_growth_yoy": 0.04657316750463086,
      "rev_growth_yoy_accel": 0.040348373536543886,
      "op_leverage_ratio": 0.024407682329762922,
      "fcf_margin_change": -0.1268091065878252
    },
    {
      "date": "2024-06-30T00:00:00",
      "quarter_label": "2024-06 (Q2)",
      "revenue": 12201000000,
      "gross_profit": 8934000000,
      "operating_income": null,
      "net_income": 1680000000,
      "opex": 10915000000,
      "cogs": 3267000000,
      "rd": 2899000000,
      "sga": 1928000000,
      "fcf": 2064000000,
      "ocf": 2326000000,
      "capex": -262000000,
      "gross_margin": 0.7322350626997787,
      "op_margin": null,
      "fcf_margin": 0.16916646176542907,
      "rev_growth_yoy": 0.086851950828434,
      "rev_growth_yoy_accel": 0.04027878332380314,
      "op_leverage_ratio": Infinity,
      "fcf_margin_change": -0.045751363771865505
    },
    {
      "date": "2024-09-30T00:00:00",
      "quarter_label": "2024-09 (Q3)",
      "revenue": 11892000000,
      "gross_profit": 8935000000,
      "operating_income": null,
      "net_income": 1211000000,
      "opex": 10216000000,
      "cogs": 2957000000,
      "rd": 2374000000,
      "sga": 1983000000,
      "fcf": 5267000000,
      "ocf": 5591000000,
      "capex": -324000000,
      "gross_margin": 0.7513454423141608,
      "op_margin": null,
      "fcf_margin": 0.4429027917928019,
      "rev_growth_yoy": 0.08444282327193142,
      "rev_growth_yoy_accel": -0.002409127556502577,
      "fcf_margin_change": 0.27373633002737285
    },
    {
      "date": "2024-12-31T00:00:00",
      "quarter_label": "2024-12 (Q4)",
      "revenue": 12342000000,
      "gross_profit": 7530000000,
      "operating_income": null,
      "net_income": 72000000,
      "opex": 12167000000,
      "cogs": 4812000000,
      "rd": 3191000000,
      "sga": 2136000000,
      "fcf": 4061000000,
      "ocf": 4439000000,
      "capex": -378000000,
      "gross_margin": 0.6101118133203695,
      "op_margin": null,
      "fcf_margin": 0.32903905363798414,
      "rev_growth_yoy": 0.07536812755946676,
      "rev_growth_yoy_accel": -0.009074695712464664,
      "op_leverage_ratio": 0.19814413783508264,
      "fcf_margin_change": -0.11386373815481776
    },
    {
      "date": "2025-03-31T00:00:00",
      "quarter_label": "2025-03 (Q1)",
      "revenue": 11201000000,
      "gross_profit": 8168000000,
      "operating_income": null,
      "net_income": 2456000000,
      "opex": 8230000000,
      "cogs": 3033000000,
      "rd": 2257000000,
      "sga": 1584000000,
      "fcf": 1694000000,
      "ocf": 1954000000,
      "capex": -260000000,
      "gross_margin": 0.729220605303098,
      "op_margin": null,
      "fcf_margin": 0.1512364967413624,
      "rev_growth_yoy": -0.05596291613990729,
      "rev_growth_yoy_accel": -0.13133104369937404,
      "fcf_margin_change": -0.17780255689662175
    },
    {
      "date": "2025-06-30T00:00:00",
      "quarter_label": "2025-06 (Q2)",
      "revenue": 12269000000,
      "gross_profit": 8897000000,
      "operating_income": null,
      "net_income": 1310000000,
      "opex": 10496000000,
      "cogs": 3372000000,
      "rd": 2580000000,
      "sga": 1713000000,
      "fcf": 3556000000,
      "ocf": 3917000000,
      "capex": -361000000,
      "gross_margin": 0.7251609748145733,
      "op_margin": null,
      "fcf_margin": 0.28983617246719373,
      "rev_growth_yoy": 0.005573313662814524,
      "rev_growth_yoy_accel": 0.06153622980272181,
      "op_leverage_ratio": 0.34630150992854386,
      "fcf_margin_change": 0.13859967572583134
    },
    {
      "date": "2025-09-30T00:00:00",
      "quarter_label": "2025-09 (Q3)",
      "revenue": 12222000000,
      "gross_profit": 8787000000,
      "operating_income": null,
      "net_income": 2201000000,
      "opex": 9108000000,
      "cogs": 3435000000,
      "rd": 2528000000,
      "sga": 1789000000,
      "fcf": 5991000000,
      "ocf": 6311000000,
      "capex": -320000000,
      "gross_margin": 0.7189494354442808,
      "op_margin": null,
      "fcf_margin": 0.49018163966617573,
      "rev_growth_yoy": 0.027749747729566093,
      "rev_growth_yoy_accel": 0.02217643406675157,
      "fcf_margin_change": 0.200345467198982
    }
  ],
  "signals": [
    {
      "quarter": "2025-09 (Q3)",
      "signal": "FCF MARGIN EXPANSION",
      "detail": "FCF margin: +29.0% -> +49.0% (+20.0%)",
      "severity": "MEDIUM"
    },
    {
      "quarter": "2025-06 (Q2)",
      "signal": "FCF MARGIN EXPANSION",
      "detail": "FCF margin: +15.1% -> +29.0% (+13.9%)",
      "severity": "MEDIUM"
    },
    {
      "quarter": "2025-06 (Q2)",
      "signal": "YoY REVENUE GROWTH ACCELERATION",
      "detail": "YoY growth: +0.6% vs prior quarter YoY: -5.6% (accel: +6.2%)",
      "severity": "MEDIUM"
    },
    {
      "quarter": "2025-03 (Q1)",
      "signal": "GROSS MARGIN INFLECTION",
      "detail": "GM: +75.1% -> +61.0% -> +72.9% (reversal +11.9%)",
      "severity": "HIGH"
    },
    {
      "quarter": "2025-03 (Q1)",
      "signal": "YoY REVENUE GROWTH DECELERATION",
      "detail": "YoY growth: -5.6% vs prior quarter YoY: +7.5% (decel: -13.1%)",
      "severity": "WARNING"
    },
    {
      "quarter": "2024-09 (Q3)",
      "signal": "FCF MARGIN EXPANSION",
      "detail": "FCF margin: +16.9% -> +44.3% (+27.4%)",
      "severity": "MEDIUM"
    },
    {
      "quarter": "2023-09 (Q3)",
      "signal": "FCF MARGIN EXPANSION",
      "detail": "FCF margin: +14.5% -> +40.2% (+25.7%)",
      "severity": "MEDIUM"
    },
    {
      "quarter": "2023-09 (Q3)",
      "signal": "GROSS MARGIN INFLECTION",
      "detail": "GM: +77.4% -> +74.4% -> +77.1% (reversal +2.8%)",
      "severity": "MEDIUM"
    },
    {
      "quarter": "2022-09 (Q3)",
      "signal": "FCF MARGIN EXPANSION",
      "detail": "FCF margin: +16.7% -> +30.7% (+13.9%)",
      "severity": "MEDIUM"
    },
    {
      "quarter": "2022-09 (Q3)",
      "signal": "YoY REVENUE GROWTH DECELERATION",
      "detail": "YoY growth: -3.5% vs prior quarter YoY: +1.6% (decel: -5.1%)",
      "severity": "WARNING"
    },
    {
      "quarter": "2021-09 (Q3)",
      "signal": "FCF MARGIN EXPANSION",
      "detail": "FCF margin: +24.4% -> +43.0% (+18.6%)",
      "severity": "MEDIUM"
    },
    {
      "quarter": "2021-03 (Q1)",
      "signal": "FCF MARGIN EXPANSION",
      "detail": "FCF margin: +27.8% -> +33.0% (+5.2%)",
      "severity": "MEDIUM"
    }
  ],
  "data_quality": {
    "n_quarters": 20,
    "coverage": {
      "revenue": [
        20,
        20
      ],
      "gross_profit": [
        20,
        20
      ],
      "op_income": [
        0,
        20
      ],
      "fcf": [
        20,
        20
      ]
    },
    "gaps": [],
    "warnings": [
      "op_income: no data"
    ]
  },
  "market_cap": null,
  "source": "SEC EDGAR",
  "last_updated": "2026-02-02T19:49:19.955012",
  "sector": "Healthcare",
  "industry": "Drug Manufacturers - General"
}