{
  "ticker": "BNL",
  "name": "BROADSTONE NET LEASE, INC.",
  "quarters": [
    {
      "date": "2020-12-31T00:00:00",
      "quarter_label": "2020-12 (Q4)",
      "revenue": 82291000,
      "gross_profit": null,
      "operating_income": null,
      "net_income": 16262000,
      "opex": 46078000,
      "cogs": null,
      "rd": null,
      "sga": null,
      "fcf": 42887000,
      "ocf": 46064000,
      "capex": -3177000,
      "gross_margin": null,
      "op_margin": null,
      "fcf_margin": 0.5211627030902529
    },
    {
      "date": "2021-03-31T00:00:00",
      "quarter_label": "2021-03 (Q1)",
      "revenue": 82698000,
      "gross_profit": null,
      "operating_income": null,
      "net_income": 22223000,
      "opex": 47963000,
      "cogs": null,
      "rd": null,
      "sga": null,
      "fcf": 50446000,
      "ocf": 51780000,
      "capex": -1334000,
      "gross_margin": null,
      "op_margin": null,
      "fcf_margin": 0.6100026602819899,
      "fcf_margin_change": 0.08883995719173698
    },
    {
      "date": "2021-06-30T00:00:00",
      "quarter_label": "2021-06 (Q2)",
      "revenue": 84759000,
      "gross_profit": null,
      "operating_income": null,
      "net_income": 21214000,
      "opex": 44452000,
      "cogs": null,
      "rd": null,
      "sga": null,
      "fcf": 47233000,
      "ocf": 47235000,
      "capex": -2000,
      "gross_margin": null,
      "op_margin": null,
      "fcf_margin": 0.5572623556200521,
      "op_leverage_ratio": Infinity,
      "fcf_margin_change": -0.0527403046619378
    },
    {
      "date": "2021-09-30T00:00:00",
      "quarter_label": "2021-09 (Q3)",
      "revenue": 122777000,
      "gross_profit": null,
      "operating_income": null,
      "net_income": 28698000,
      "opex": 76065000,
      "cogs": null,
      "rd": null,
      "sga": null,
      "fcf": 88188000,
      "ocf": 88303000,
      "capex": -115000,
      "gross_margin": null,
      "op_margin": null,
      "fcf_margin": 0.7182778533438673,
      "op_leverage_ratio": 0.6307090119525512,
      "fcf_margin_change": 0.16101549772381518
    },
    {
      "date": "2021-12-31T00:00:00",
      "quarter_label": "2021-12 (Q4)",
      "revenue": 92642000,
      "gross_profit": null,
      "operating_income": null,
      "net_income": 30291000,
      "opex": 46649000,
      "cogs": null,
      "rd": null,
      "sga": null,
      "fcf": 57472000,
      "ocf": 57619000,
      "capex": -147000,
      "gross_margin": null,
      "op_margin": null,
      "fcf_margin": 0.620366572396969,
      "rev_growth_yoy": 0.1257853228178051,
      "fcf_margin_change": -0.09791128094689827
    },
    {
      "date": "2022-03-31T00:00:00",
      "quarter_label": "2022-03 (Q1)",
      "revenue": 93841000,
      "gross_profit": null,
      "operating_income": null,
      "net_income": 26758000,
      "opex": 48162000,
      "cogs": null,
      "rd": null,
      "sga": null,
      "fcf": 58326000,
      "ocf": 59104000,
      "capex": -778000,
      "gross_margin": null,
      "op_margin": null,
      "fcf_margin": 0.6215406911691052,
      "rev_growth_yoy": 0.13474328278797554,
      "rev_growth_yoy_accel": 0.008957959970170432,
      "op_leverage_ratio": 0.39903838230624694,
      "fcf_margin_change": 0.0011741187721361346
    },
    {
      "date": "2022-06-30T00:00:00",
      "quarter_label": "2022-06 (Q2)",
      "revenue": 98013000,
      "gross_profit": null,
      "operating_income": null,
      "net_income": 33516000,
      "opex": 50875000,
      "cogs": null,
      "rd": null,
      "sga": null,
      "fcf": 41344000,
      "ocf": 58855000,
      "capex": -17511000,
      "gross_margin": null,
      "op_margin": null,
      "fcf_margin": 0.42182159509452827,
      "rev_growth_yoy": 0.15637277457261176,
      "rev_growth_yoy_accel": 0.021629491784636218,
      "op_leverage_ratio": 0.7892351011987154,
      "fcf_margin_change": -0.19971909607457689
    },
    {
      "date": "2022-09-30T00:00:00",
      "quarter_label": "2022-09 (Q3)",
      "revenue": 103524000,
      "gross_profit": null,
      "operating_income": null,
      "net_income": 27109000,
      "opex": 59133000,
      "cogs": null,
      "rd": null,
      "sga": null,
      "fcf": 76633000,
      "ocf": 77515000,
      "capex": -882000,
      "gross_margin": null,
      "op_margin": null,
      "fcf_margin": 0.740243808199065,
      "rev_growth_yoy": -0.15681275808987025,
      "rev_growth_yoy_accel": -0.313185532662482,
      "op_leverage_ratio": 0.34639871505224895,
      "fcf_margin_change": 0.3184222131045367
    },
    {
      "date": "2022-12-31T00:00:00",
      "quarter_label": "2022-12 (Q4)",
      "revenue": 112135000,
      "gross_profit": null,
      "operating_income": null,
      "net_income": 34732000,
      "opex": 61320000,
      "cogs": null,
      "rd": null,
      "sga": null,
      "fcf": 48237000,
      "ocf": 60440000,
      "capex": -12203000,
      "gross_margin": null,
      "op_margin": null,
      "fcf_margin": 0.43016899273197484,
      "rev_growth_yoy": 0.21041212409058527,
      "rev_growth_yoy_accel": 0.3672248821804555,
      "op_leverage_ratio": 2.249021849979295,
      "fcf_margin_change": -0.31007481546709015
    },
    {
      "date": "2023-03-31T00:00:00",
      "quarter_label": "2023-03 (Q1)",
      "revenue": 118992000,
      "gross_profit": null,
      "operating_income": null,
      "net_income": 39304000,
      "opex": 59559000,
      "cogs": null,
      "rd": null,
      "sga": null,
      "fcf": 58793000,
      "ocf": 74376000,
      "capex": -15583000,
      "gross_margin": null,
      "op_margin": null,
      "fcf_margin": 0.49409203980099503,
      "rev_growth_yoy": 0.26801717799256186,
      "rev_growth_yoy_accel": 0.057605053901976594,
      "op_leverage_ratio": Infinity,
      "fcf_margin_change": 0.06392304706902019
    },
    {
      "date": "2023-06-30T00:00:00",
      "quarter_label": "2023-06 (Q2)",
      "revenue": 109353000,
      "gross_profit": null,
      "operating_income": null,
      "net_income": 60014000,
      "opex": 53502000,
      "cogs": null,
      "rd": null,
      "sga": null,
      "fcf": 54218000,
      "ocf": 62228000,
      "capex": -8010000,
      "gross_margin": null,
      "op_margin": null,
      "fcf_margin": 0.4958071566395069,
      "rev_growth_yoy": 0.11569893789599339,
      "rev_growth_yoy_accel": -0.15231824009656847,
      "fcf_margin_change": 0.0017151168385118876
    },
    {
      "date": "2023-09-30T00:00:00",
      "quarter_label": "2023-09 (Q3)",
      "revenue": 109543000,
      "gross_profit": null,
      "operating_income": null,
      "net_income": 49682000,
      "opex": 54383000,
      "cogs": null,
      "rd": null,
      "sga": null,
      "fcf": 68026000,
      "ocf": 73888000,
      "capex": -5862000,
      "gross_margin": null,
      "op_margin": null,
      "fcf_margin": 0.6209981468464438,
      "rev_growth_yoy": 0.05814110737606738,
      "rev_growth_yoy_accel": -0.05755783051992601,
      "fcf_margin_change": 0.12519099020693691
    },
    {
      "date": "2023-12-31T00:00:00",
      "quarter_label": "2023-12 (Q4)",
      "revenue": 105001000,
      "gross_profit": null,
      "operating_income": null,
      "net_income": 6478000,
      "opex": 84457000,
      "cogs": null,
      "rd": null,
      "sga": null,
      "fcf": 43785000,
      "ocf": 60582000,
      "capex": -16797000,
      "gross_margin": null,
      "op_margin": null,
      "fcf_margin": 0.41699602860925133,
      "rev_growth_yoy": -0.06361974405850092,
      "rev_growth_yoy_accel": -0.1217608514345683,
      "fcf_margin_change": -0.2040021182371925
    },
    {
      "date": "2024-03-31T00:00:00",
      "quarter_label": "2024-03 (Q1)",
      "revenue": 105366000,
      "gross_profit": null,
      "operating_income": null,
      "net_income": 65114000,
      "opex": 79264000,
      "cogs": null,
      "rd": null,
      "sga": null,
      "fcf": 67735000,
      "ocf": 70867000,
      "capex": -3132000,
      "gross_margin": null,
      "op_margin": null,
      "fcf_margin": 0.6428544312206974,
      "rev_growth_yoy": -0.11451189995966116,
      "rev_growth_yoy_accel": -0.05089215590116024,
      "fcf_margin_change": 0.22585840261144607
    },
    {
      "date": "2024-06-30T00:00:00",
      "quarter_label": "2024-06 (Q2)",
      "revenue": 105907000,
      "gross_profit": null,
      "operating_income": null,
      "net_income": 35329000,
      "opex": 56463000,
      "cogs": null,
      "rd": null,
      "sga": null,
      "fcf": 74000000,
      "ocf": 74172000,
      "capex": -172000,
      "gross_margin": null,
      "op_margin": null,
      "fcf_margin": 0.6987262409472461,
      "rev_growth_yoy": -0.031512624253564145,
      "rev_growth_yoy_accel": 0.08299927570609701,
      "fcf_margin_change": 0.055871809726548705
    },
    {
      "date": "2024-09-30T00:00:00",
      "quarter_label": "2024-09 (Q3)",
      "revenue": 108397000,
      "gross_profit": null,
      "operating_income": null,
      "net_income": 35608000,
      "opex": 54811000,
      "cogs": null,
      "rd": null,
      "sga": null,
      "fcf": 60255000,
      "ocf": 67303000,
      "capex": -7048000,
      "gross_margin": null,
      "op_margin": null,
      "fcf_margin": 0.5558733175272378,
      "rev_growth_yoy": -0.010461645198689098,
      "rev_growth_yoy_accel": 0.021050979054875046,
      "op_leverage_ratio": Infinity,
      "fcf_margin_change": -0.14285292342000833
    },
    {
      "date": "2024-12-31T00:00:00",
      "quarter_label": "2024-12 (Q4)",
      "revenue": 112130000,
      "gross_profit": null,
      "operating_income": null,
      "net_income": 26390000,
      "opex": 77370000,
      "cogs": null,
      "rd": null,
      "sga": null,
      "fcf": 57468000,
      "ocf": 63911000,
      "capex": -6443000,
      "gross_margin": null,
      "op_margin": null,
      "fcf_margin": 0.5125122625523946,
      "rev_growth_yoy": 0.06789459148008115,
      "rev_growth_yoy_accel": 0.07835623667877024,
      "op_leverage_ratio": 0.08367362964922068,
      "fcf_margin_change": -0.043361054974843216
    },
    {
      "date": "2025-03-31T00:00:00",
      "quarter_label": "2025-03 (Q1)",
      "revenue": 108690000,
      "gross_profit": null,
      "operating_income": null,
      "net_income": 16743000,
      "opex": 70785000,
      "cogs": null,
      "rd": null,
      "sga": null,
      "fcf": 57111000,
      "ocf": 71459000,
      "capex": -14348000,
      "gross_margin": null,
      "op_margin": null,
      "fcf_margin": 0.5254485233232128,
      "rev_growth_yoy": 0.03154717840669666,
      "rev_growth_yoy_accel": -0.03634741307338449,
      "fcf_margin_change": 0.01293626077081822
    },
    {
      "date": "2025-06-30T00:00:00",
      "quarter_label": "2025-06 (Q2)",
      "revenue": 112986000,
      "gross_profit": null,
      "operating_income": null,
      "net_income": 20160000,
      "opex": 69088000,
      "cogs": null,
      "rd": null,
      "sga": null,
      "fcf": 76672000,
      "ocf": 79280000,
      "capex": -2608000,
      "gross_margin": null,
      "op_margin": null,
      "fcf_margin": 0.6785973483440426,
      "rev_growth_yoy": 0.06684166296845345,
      "rev_growth_yoy_accel": 0.035294484561756795,
      "op_leverage_ratio": Infinity,
      "fcf_margin_change": 0.15314882502082983
    },
    {
      "date": "2025-09-30T00:00:00",
      "quarter_label": "2025-09 (Q3)",
      "revenue": 114167000,
      "gross_profit": null,
      "operating_income": null,
      "net_income": 26466000,
      "opex": 63417000,
      "cogs": null,
      "rd": null,
      "sga": null,
      "fcf": 58024000,
      "ocf": 64190000,
      "capex": -6166000,
      "gross_margin": null,
      "op_margin": null,
      "fcf_margin": 0.508237932152023,
      "rev_growth_yoy": 0.05323025544987407,
      "rev_growth_yoy_accel": -0.01361140751857938,
      "op_leverage_ratio": Infinity,
      "fcf_margin_change": -0.17035941619201966
    }
  ],
  "signals": [
    {
      "quarter": "2025-06 (Q2)",
      "signal": "FCF MARGIN EXPANSION",
      "detail": "FCF margin: +52.5% -> +67.9% (+15.3%)",
      "severity": "MEDIUM"
    },
    {
      "quarter": "2024-12 (Q4)",
      "signal": "YoY REVENUE GROWTH ACCELERATION",
      "detail": "YoY growth: +6.8% vs prior quarter YoY: -1.0% (accel: +7.8%)",
      "severity": "MEDIUM"
    },
    {
      "quarter": "2024-06 (Q2)",
      "signal": "FCF MARGIN EXPANSION",
      "detail": "FCF margin: +64.3% -> +69.9% (+5.6%)",
      "severity": "MEDIUM"
    },
    {
      "quarter": "2024-06 (Q2)",
      "signal": "YoY REVENUE GROWTH ACCELERATION",
      "detail": "YoY growth: -3.2% vs prior quarter YoY: -11.5% (accel: +8.3%)",
      "severity": "MEDIUM"
    },
    {
      "quarter": "2024-03 (Q1)",
      "signal": "FCF MARGIN EXPANSION",
      "detail": "FCF margin: +41.7% -> +64.3% (+22.6%)",
      "severity": "MEDIUM"
    },
    {
      "quarter": "2024-03 (Q1)",
      "signal": "YoY REVENUE GROWTH DECELERATION",
      "detail": "YoY growth: -11.5% vs prior quarter YoY: -6.4% (decel: -5.1%)",
      "severity": "WARNING"
    },
    {
      "quarter": "2023-12 (Q4)",
      "signal": "YoY REVENUE GROWTH DECELERATION",
      "detail": "YoY growth: -6.4% vs prior quarter YoY: +5.8% (decel: -12.2%)",
      "severity": "WARNING"
    },
    {
      "quarter": "2023-09 (Q3)",
      "signal": "FCF MARGIN EXPANSION",
      "detail": "FCF margin: +49.6% -> +62.1% (+12.5%)",
      "severity": "MEDIUM"
    },
    {
      "quarter": "2023-09 (Q3)",
      "signal": "YoY REVENUE GROWTH DECELERATION",
      "detail": "YoY growth: +5.8% vs prior quarter YoY: +11.6% (decel: -5.8%)",
      "severity": "WARNING"
    },
    {
      "quarter": "2023-06 (Q2)",
      "signal": "YoY REVENUE GROWTH DECELERATION",
      "detail": "YoY growth: +11.6% vs prior quarter YoY: +26.8% (decel: -15.2%)",
      "severity": "WARNING"
    },
    {
      "quarter": "2023-03 (Q1)",
      "signal": "FCF MARGIN EXPANSION",
      "detail": "FCF margin: +43.0% -> +49.4% (+6.4%)",
      "severity": "MEDIUM"
    },
    {
      "quarter": "2023-03 (Q1)",
      "signal": "YoY REVENUE GROWTH ACCELERATION",
      "detail": "YoY growth: +26.8% vs prior quarter YoY: +21.0% (accel: +5.8%)",
      "severity": "MEDIUM"
    },
    {
      "quarter": "2022-12 (Q4)",
      "signal": "OPERATING LEVERAGE",
      "detail": "Rev growth +8.3% vs OpEx growth +3.7% (leverage: 2.2x)",
      "severity": "MEDIUM"
    },
    {
      "quarter": "2022-12 (Q4)",
      "signal": "YoY REVENUE GROWTH ACCELERATION",
      "detail": "YoY growth: +21.0% vs prior quarter YoY: -15.7% (accel: +36.7%)",
      "severity": "HIGH"
    },
    {
      "quarter": "2022-09 (Q3)",
      "signal": "FCF MARGIN EXPANSION",
      "detail": "FCF margin: +42.2% -> +74.0% (+31.8%)",
      "severity": "MEDIUM"
    },
    {
      "quarter": "2022-09 (Q3)",
      "signal": "YoY REVENUE GROWTH DECELERATION",
      "detail": "YoY growth: -15.7% vs prior quarter YoY: +15.6% (decel: -31.3%)",
      "severity": "WARNING"
    },
    {
      "quarter": "2021-09 (Q3)",
      "signal": "FCF MARGIN EXPANSION",
      "detail": "FCF margin: +55.7% -> +71.8% (+16.1%)",
      "severity": "MEDIUM"
    },
    {
      "quarter": "2021-03 (Q1)",
      "signal": "FCF MARGIN EXPANSION",
      "detail": "FCF margin: +52.1% -> +61.0% (+8.9%)",
      "severity": "MEDIUM"
    }
  ],
  "data_quality": {
    "n_quarters": 20,
    "coverage": {
      "revenue": [
        20,
        20
      ],
      "gross_profit": [
        0,
        20
      ],
      "op_income": [
        0,
        20
      ],
      "fcf": [
        20,
        20
      ]
    },
    "gaps": [],
    "warnings": [
      "gross_profit: no data",
      "op_income: no data"
    ]
  },
  "market_cap": null,
  "source": "SEC EDGAR",
  "last_updated": "2026-02-02T21:16:37.867066"
}