{
  "ticker": "BNO",
  "name": "UNITED STATES BRENT OIL FUND, LP",
  "quarters": [
    {
      "date": "2020-03-31T00:00:00",
      "quarter_label": "2020-03 (Q1)",
      "revenue": -78698540,
      "gross_profit": null,
      "operating_income": null,
      "net_income": null,
      "opex": 241406,
      "cogs": null,
      "rd": null,
      "sga": null,
      "fcf": null,
      "ocf": null,
      "capex": null,
      "gross_margin": null,
      "op_margin": null,
      "fcf_margin": null
    },
    {
      "date": "2020-06-30T00:00:00",
      "quarter_label": "2020-06 (Q2)",
      "revenue": 135556854,
      "gross_profit": null,
      "operating_income": null,
      "net_income": null,
      "opex": 943650,
      "cogs": null,
      "rd": null,
      "sga": null,
      "fcf": null,
      "ocf": null,
      "capex": null,
      "gross_margin": null,
      "op_margin": null,
      "fcf_margin": null
    },
    {
      "date": "2020-09-30T00:00:00",
      "quarter_label": "2020-09 (Q3)",
      "revenue": -335557,
      "gross_profit": null,
      "operating_income": null,
      "net_income": null,
      "opex": 1129381,
      "cogs": null,
      "rd": null,
      "sga": null,
      "fcf": null,
      "ocf": null,
      "capex": null,
      "gross_margin": null,
      "op_margin": null,
      "fcf_margin": null
    },
    {
      "date": "2020-12-31T00:00:00",
      "quarter_label": "2020-12 (Q4)",
      "revenue": 65143998,
      "gross_profit": null,
      "operating_income": null,
      "net_income": 64378265,
      "opex": 929012,
      "cogs": null,
      "rd": null,
      "sga": null,
      "fcf": 55659454,
      "ocf": 55659454,
      "capex": null,
      "gross_margin": null,
      "op_margin": null,
      "fcf_margin": 0.8544064796268721
    },
    {
      "date": "2021-03-31T00:00:00",
      "quarter_label": "2021-03 (Q1)",
      "revenue": 77412046,
      "gross_profit": null,
      "operating_income": null,
      "net_income": 76615279,
      "opex": 935872,
      "cogs": null,
      "rd": null,
      "sga": null,
      "fcf": 89890656,
      "ocf": 89890656,
      "capex": null,
      "gross_margin": null,
      "op_margin": null,
      "fcf_margin": 1.161197263795353,
      "op_leverage_ratio": 25.5034107853165,
      "fcf_margin_change": 0.3067907841684808
    },
    {
      "date": "2021-06-30T00:00:00",
      "quarter_label": "2021-06 (Q2)",
      "revenue": 63817914,
      "gross_profit": null,
      "operating_income": null,
      "net_income": 62965476,
      "opex": 915484,
      "cogs": null,
      "rd": null,
      "sga": null,
      "fcf": 46401083,
      "ocf": 46401083,
      "capex": null,
      "gross_margin": null,
      "op_margin": null,
      "fcf_margin": 0.727085548424538,
      "rev_growth_yoy": -0.5292166193234317,
      "fcf_margin_change": -0.43411171537081494
    },
    {
      "date": "2021-09-30T00:00:00",
      "quarter_label": "2021-09 (Q3)",
      "revenue": 17515210,
      "gross_profit": null,
      "operating_income": null,
      "net_income": 16765779,
      "opex": 749431,
      "cogs": null,
      "rd": null,
      "sga": null,
      "fcf": 9562669,
      "ocf": 9562669,
      "capex": null,
      "gross_margin": null,
      "op_margin": null,
      "fcf_margin": 0.5459637081142619,
      "fcf_margin_change": -0.18112184031027612
    },
    {
      "date": "2021-12-31T00:00:00",
      "quarter_label": "2021-12 (Q4)",
      "revenue": 1794774,
      "gross_profit": null,
      "operating_income": null,
      "net_income": 1112436,
      "opex": 682338,
      "cogs": null,
      "rd": null,
      "sga": null,
      "fcf": -2269483,
      "ocf": -2269483,
      "capex": null,
      "gross_margin": null,
      "op_margin": null,
      "fcf_margin": -1.2644951397780444,
      "rev_growth_yoy": -0.9724491272396268,
      "fcf_margin_change": -1.8104588478923063
    },
    {
      "date": "2022-03-31T00:00:00",
      "quarter_label": "2022-03 (Q1)",
      "revenue": 90601437,
      "gross_profit": null,
      "operating_income": null,
      "net_income": 89894322,
      "opex": 707115,
      "cogs": null,
      "rd": null,
      "sga": null,
      "fcf": 115262372,
      "ocf": 115262372,
      "capex": null,
      "gross_margin": null,
      "op_margin": null,
      "fcf_margin": 1.2721914333433806,
      "rev_growth_yoy": 0.1703790518597067,
      "rev_growth_yoy_accel": 1.1428281790993335,
      "op_leverage_ratio": 1362.657212219232,
      "fcf_margin_change": 2.536686573121425
    },
    {
      "date": "2022-06-30T00:00:00",
      "quarter_label": "2022-06 (Q2)",
      "revenue": 29160307,
      "gross_profit": null,
      "operating_income": null,
      "net_income": 28340284,
      "opex": 820023,
      "cogs": null,
      "rd": null,
      "sga": null,
      "fcf": 25306166,
      "ocf": 25306166,
      "capex": null,
      "gross_margin": null,
      "op_margin": null,
      "fcf_margin": 0.86782920358143,
      "rev_growth_yoy": -0.5430701949925847,
      "rev_growth_yoy_accel": -0.7134492468522914,
      "fcf_margin_change": -0.4043622297619506
    },
    {
      "date": "2022-09-30T00:00:00",
      "quarter_label": "2022-09 (Q3)",
      "revenue": -38716682,
      "gross_profit": null,
      "operating_income": null,
      "net_income": -39275187,
      "opex": 558505,
      "cogs": null,
      "rd": null,
      "sga": null,
      "fcf": -34384581,
      "ocf": -34384581,
      "capex": null,
      "gross_margin": null,
      "op_margin": null,
      "fcf_margin": 0.8881076379427348,
      "rev_growth_yoy": -3.2104606225103782,
      "rev_growth_yoy_accel": -2.6673904275177938,
      "fcf_margin_change": 0.02027843436130483
    },
    {
      "date": "2022-12-31T00:00:00",
      "quarter_label": "2022-12 (Q4)",
      "revenue": 4170945,
      "gross_profit": null,
      "operating_income": null,
      "net_income": 3611340,
      "opex": 559605,
      "cogs": null,
      "rd": null,
      "sga": null,
      "fcf": -22542527,
      "ocf": -22542527,
      "capex": null,
      "gross_margin": null,
      "op_margin": null,
      "fcf_margin": -5.404656978214769,
      "rev_growth_yoy": 1.3239388357531365,
      "rev_growth_yoy_accel": 4.534399458263515,
      "fcf_margin_change": -6.292764616157504
    },
    {
      "date": "2023-03-31T00:00:00",
      "quarter_label": "2023-03 (Q1)",
      "revenue": -13512234,
      "gross_profit": null,
      "operating_income": null,
      "net_income": -14033172,
      "opex": 520938,
      "cogs": null,
      "rd": null,
      "sga": null,
      "fcf": -15356237,
      "ocf": -15356237,
      "capex": null,
      "gross_margin": null,
      "op_margin": null,
      "fcf_margin": 1.1364691434443779,
      "rev_growth_yoy": -1.1491392901417226,
      "rev_growth_yoy_accel": -2.473078125894859,
      "fcf_margin_change": 6.541126121659147
    },
    {
      "date": "2023-06-30T00:00:00",
      "quarter_label": "2023-06 (Q2)",
      "revenue": -5234958,
      "gross_profit": null,
      "operating_income": null,
      "net_income": -5673948,
      "opex": 438990,
      "cogs": null,
      "rd": null,
      "sga": null,
      "fcf": 11812532,
      "ocf": 11812532,
      "capex": null,
      "gross_margin": null,
      "op_margin": null,
      "fcf_margin": -2.2564712076009017,
      "rev_growth_yoy": -1.1795234185977534,
      "rev_growth_yoy_accel": -0.03038412845603089,
      "fcf_margin_change": -3.3929403510452794
    },
    {
      "date": "2023-09-30T00:00:00",
      "quarter_label": "2023-09 (Q3)",
      "revenue": 38927613,
      "gross_profit": null,
      "operating_income": null,
      "net_income": 38521696,
      "opex": 405917,
      "cogs": null,
      "rd": null,
      "sga": null,
      "fcf": 38611865,
      "ocf": 38611865,
      "capex": null,
      "gross_margin": null,
      "op_margin": null,
      "fcf_margin": 0.9918888425036491,
      "fcf_margin_change": 3.2483600501045506
    },
    {
      "date": "2023-12-31T00:00:00",
      "quarter_label": "2023-12 (Q4)",
      "revenue": -22505345,
      "gross_profit": null,
      "operating_income": null,
      "net_income": -22906295,
      "opex": 400950,
      "cogs": null,
      "rd": null,
      "sga": null,
      "fcf": -22944675,
      "ocf": -22944675,
      "capex": null,
      "gross_margin": null,
      "op_margin": null,
      "fcf_margin": 1.0195211404224196,
      "rev_growth_yoy": -6.395742451650645,
      "fcf_margin_change": 0.027632297918770532
    },
    {
      "date": "2024-03-31T00:00:00",
      "quarter_label": "2024-03 (Q1)",
      "revenue": 20613253,
      "gross_profit": null,
      "operating_income": null,
      "net_income": 20216876,
      "opex": 396377,
      "cogs": null,
      "rd": null,
      "sga": null,
      "fcf": 16794906,
      "ocf": 16794906,
      "capex": null,
      "gross_margin": null,
      "op_margin": null,
      "fcf_margin": 0.8147625219561415,
      "fcf_margin_change": -0.20475861846627808
    },
    {
      "date": "2024-06-30T00:00:00",
      "quarter_label": "2024-06 (Q2)",
      "revenue": 1016871,
      "gross_profit": null,
      "operating_income": null,
      "net_income": 632665,
      "opex": 384206,
      "cogs": null,
      "rd": null,
      "sga": null,
      "fcf": 997679,
      "ocf": 997679,
      "capex": null,
      "gross_margin": null,
      "op_margin": null,
      "fcf_margin": 0.9811264162317541,
      "fcf_margin_change": 0.1663638942756126
    },
    {
      "date": "2024-09-30T00:00:00",
      "quarter_label": "2024-09 (Q3)",
      "revenue": -22009901,
      "gross_profit": null,
      "operating_income": null,
      "net_income": -22493609,
      "opex": 483708,
      "cogs": null,
      "rd": null,
      "sga": null,
      "fcf": -16893346,
      "ocf": -16893346,
      "capex": null,
      "gross_margin": null,
      "op_margin": null,
      "fcf_margin": 0.767533938476143,
      "rev_growth_yoy": -1.5654058726899078,
      "fcf_margin_change": -0.21359247775561108
    },
    {
      "date": "2024-12-31T00:00:00",
      "quarter_label": "2024-12 (Q4)",
      "revenue": 12653359,
      "gross_profit": null,
      "operating_income": null,
      "net_income": 12241895,
      "opex": 411464,
      "cogs": null,
      "rd": null,
      "sga": null,
      "fcf": 6135222,
      "ocf": 6135222,
      "capex": null,
      "gross_margin": null,
      "op_margin": null,
      "fcf_margin": 0.484869037541731,
      "fcf_margin_change": -0.28266490093441204
    }
  ],
  "signals": [
    {
      "quarter": "2024-06 (Q2)",
      "signal": "FCF MARGIN EXPANSION",
      "detail": "FCF margin: +81.5% -> +98.1% (+16.6%)",
      "severity": "MEDIUM"
    },
    {
      "quarter": "2023-09 (Q3)",
      "signal": "FCF TURNED POSITIVE",
      "detail": "FCF margin: -225.6% -> +99.2%",
      "severity": "HIGH"
    },
    {
      "quarter": "2023-03 (Q1)",
      "signal": "FCF TURNED POSITIVE",
      "detail": "FCF margin: -540.5% -> +113.6%",
      "severity": "HIGH"
    },
    {
      "quarter": "2023-03 (Q1)",
      "signal": "YoY REVENUE GROWTH DECELERATION",
      "detail": "YoY growth: -114.9% vs prior quarter YoY: +132.4% (decel: -247.3%)",
      "severity": "WARNING"
    },
    {
      "quarter": "2022-12 (Q4)",
      "signal": "YoY REVENUE GROWTH ACCELERATION",
      "detail": "YoY growth: +132.4% vs prior quarter YoY: -321.0% (accel: +453.4%)",
      "severity": "HIGH"
    },
    {
      "quarter": "2022-09 (Q3)",
      "signal": "YoY REVENUE GROWTH DECELERATION",
      "detail": "YoY growth: -321.0% vs prior quarter YoY: -54.3% (decel: -266.7%)",
      "severity": "WARNING"
    },
    {
      "quarter": "2022-06 (Q2)",
      "signal": "YoY REVENUE GROWTH DECELERATION",
      "detail": "YoY growth: -54.3% vs prior quarter YoY: +17.0% (decel: -71.3%)",
      "severity": "WARNING"
    },
    {
      "quarter": "2022-03 (Q1)",
      "signal": "FCF TURNED POSITIVE",
      "detail": "FCF margin: -126.4% -> +127.2%",
      "severity": "HIGH"
    },
    {
      "quarter": "2022-03 (Q1)",
      "signal": "OPERATING LEVERAGE",
      "detail": "Rev growth +4948.1% vs OpEx growth +3.6% (leverage: 1362.7x)",
      "severity": "MEDIUM"
    },
    {
      "quarter": "2022-03 (Q1)",
      "signal": "YoY REVENUE GROWTH ACCELERATION",
      "detail": "YoY growth: +17.0% vs prior quarter YoY: -97.2% (accel: +114.3%)",
      "severity": "HIGH"
    },
    {
      "quarter": "2021-03 (Q1)",
      "signal": "FCF MARGIN EXPANSION",
      "detail": "FCF margin: +85.4% -> +116.1% (+30.7%)",
      "severity": "MEDIUM"
    },
    {
      "quarter": "2021-03 (Q1)",
      "signal": "OPERATING LEVERAGE",
      "detail": "Rev growth +18.8% vs OpEx growth +0.7% (leverage: 25.5x)",
      "severity": "MEDIUM"
    }
  ],
  "data_quality": {
    "n_quarters": 20,
    "coverage": {
      "revenue": [
        20,
        20
      ],
      "gross_profit": [
        0,
        20
      ],
      "op_income": [
        0,
        20
      ],
      "fcf": [
        17,
        20
      ]
    },
    "gaps": [],
    "warnings": [
      "gross_profit: no data",
      "op_income: no data"
    ]
  },
  "market_cap": null,
  "source": "SEC EDGAR",
  "last_updated": "2026-02-03T00:39:29.173745"
}