{
  "ticker": "BOC",
  "name": "BOSTON OMAHA Corp",
  "quarters": [
    {
      "date": "2020-12-31T00:00:00",
      "quarter_label": "2020-12 (Q4)",
      "revenue": 11233883,
      "gross_profit": 6943794,
      "operating_income": -1260150,
      "net_income": 18324042,
      "opex": 12494033,
      "cogs": null,
      "rd": null,
      "sga": null,
      "fcf": -590888,
      "ocf": 1682440,
      "capex": -2273328,
      "gross_margin": 0.6181116538244167,
      "op_margin": -0.11217403635056551,
      "fcf_margin": -0.05259873188994402
    },
    {
      "date": "2021-03-31T00:00:00",
      "quarter_label": "2021-03 (Q1)",
      "revenue": 13205019,
      "gross_profit": 8457849,
      "operating_income": -1485778,
      "net_income": 84437627,
      "opex": 14690797,
      "cogs": null,
      "rd": null,
      "sga": null,
      "fcf": 1405725,
      "ocf": 4029984,
      "capex": -2624259,
      "gross_margin": 0.640502599806937,
      "op_margin": -0.11251615768216615,
      "fcf_margin": 0.10645384152798265,
      "op_leverage_ratio": 0.9979434665334594,
      "fcf_margin_change": 0.15905257341792667
    },
    {
      "date": "2021-06-30T00:00:00",
      "quarter_label": "2021-06 (Q2)",
      "revenue": 14179881,
      "gross_profit": 9379317,
      "operating_income": -1093472,
      "net_income": 8637563,
      "opex": 15273353,
      "cogs": null,
      "rd": null,
      "sga": null,
      "fcf": -2819060,
      "ocf": 1260129,
      "capex": -4079189,
      "gross_margin": 0.661452448014197,
      "op_margin": -0.07711432839245971,
      "fcf_margin": -0.19880702807026376,
      "op_leverage_ratio": 1.8617089627612657,
      "fcf_margin_change": -0.3052608695982464
    },
    {
      "date": "2021-09-30T00:00:00",
      "quarter_label": "2021-09 (Q3)",
      "revenue": 14498147,
      "gross_profit": 9734238,
      "operating_income": -2760998,
      "net_income": -26276094,
      "opex": 17259145,
      "cogs": null,
      "rd": null,
      "sga": null,
      "fcf": -3431230,
      "ocf": 1329984,
      "capex": -4761214,
      "gross_margin": 0.671412560515492,
      "op_margin": -0.19043799183440477,
      "fcf_margin": -0.2366667961084958,
      "op_leverage_ratio": 0.17263080364920122,
      "fcf_margin_change": -0.037859768038232045
    },
    {
      "date": "2021-12-31T00:00:00",
      "quarter_label": "2021-12 (Q4)",
      "revenue": 15088764,
      "gross_profit": 10809316,
      "operating_income": -18426621,
      "net_income": -14050919,
      "opex": 33515385,
      "cogs": null,
      "rd": null,
      "sga": null,
      "fcf": -8392824,
      "ocf": 1148140,
      "capex": -9540964,
      "gross_margin": 0.716381805693296,
      "op_margin": -1.221214739656608,
      "fcf_margin": -0.5562300530381415,
      "incr_op_margin_yoy": -4.453177932081431,
      "rev_growth_yoy": 0.3431476898949366,
      "op_leverage_ratio": 0.04325064808487453,
      "fcf_margin_change": -0.3195632569296457
    },
    {
      "date": "2022-03-31T00:00:00",
      "quarter_label": "2022-03 (Q1)",
      "revenue": 16292947,
      "gross_profit": 10673909,
      "operating_income": -2449736,
      "net_income": 16302593,
      "opex": 18742683,
      "cogs": null,
      "rd": null,
      "sga": null,
      "fcf": -21671345,
      "ocf": -15677555,
      "capex": -5993790,
      "gross_margin": 0.6551245149204745,
      "op_margin": -0.15035561092784502,
      "fcf_margin": -1.3301059041068506,
      "incr_op_margin_yoy": -0.31216984333831616,
      "rev_growth_yoy": 0.2338450251377904,
      "rev_growth_yoy_accel": -0.1093026647571462,
      "op_leverage_ratio": Infinity,
      "fcf_margin_change": -0.773875851068709
    },
    {
      "date": "2022-06-30T00:00:00",
      "quarter_label": "2022-06 (Q2)",
      "revenue": 20895016,
      "gross_profit": 14167628,
      "operating_income": -716982,
      "net_income": -11496339,
      "opex": 21611998,
      "cogs": null,
      "rd": null,
      "sga": null,
      "fcf": -6652551,
      "ocf": 997719,
      "capex": -7650270,
      "gross_margin": 0.6780386289247158,
      "op_margin": -0.03431354156417014,
      "fcf_margin": -0.31837979927844995,
      "incr_op_margin_yoy": 0.05606588698514624,
      "rev_growth_yoy": 0.4735677965139482,
      "rev_growth_yoy_accel": 0.2397227713761578,
      "op_leverage_ratio": 1.8450452097546268,
      "fcf_margin_change": 1.0117261048284005
    },
    {
      "date": "2022-09-30T00:00:00",
      "quarter_label": "2022-09 (Q3)",
      "revenue": 21447546,
      "gross_profit": 13911509,
      "operating_income": -1795197,
      "net_income": -1408521,
      "opex": 23242743,
      "cogs": null,
      "rd": null,
      "sga": null,
      "fcf": -11446400,
      "ocf": 5104778,
      "capex": -16551178,
      "gross_margin": 0.6486294049678224,
      "op_margin": -0.08370174377991776,
      "fcf_margin": -0.5336927590690329,
      "incr_op_margin_yoy": 0.13897619060295718,
      "rev_growth_yoy": 0.4793301516393785,
      "rev_growth_yoy_accel": 0.005762355125430274,
      "op_leverage_ratio": 0.35044673515506775,
      "fcf_margin_change": -0.21531295979058296
    },
    {
      "date": "2022-12-31T00:00:00",
      "quarter_label": "2022-12 (Q4)",
      "revenue": 22598685,
      "gross_profit": 15791437,
      "operating_income": -267980,
      "net_income": 3741815,
      "opex": 22866665,
      "cogs": null,
      "rd": null,
      "sga": null,
      "fcf": -5452183,
      "ocf": 4409893,
      "capex": -9862076,
      "gross_margin": 0.6987768093585977,
      "op_margin": -0.011858212103934366,
      "fcf_margin": -0.24126107337661462,
      "incr_op_margin_yoy": 2.4179536642262947,
      "rev_growth_yoy": 0.49771611511718256,
      "rev_growth_yoy_accel": 0.01838596347780408,
      "op_leverage_ratio": Infinity,
      "fcf_margin_change": 0.2924316856924183
    },
    {
      "date": "2023-03-31T00:00:00",
      "quarter_label": "2023-03 (Q1)",
      "revenue": 22815785,
      "gross_profit": 14870738,
      "operating_income": -2976792,
      "net_income": -3321154,
      "opex": 25792577,
      "cogs": null,
      "rd": null,
      "sga": null,
      "fcf": -6643278,
      "ocf": 1368181,
      "capex": -8011459,
      "gross_margin": 0.6517741116512099,
      "op_margin": -0.13047072454443273,
      "fcf_margin": -0.29117025778424893,
      "incr_op_margin_yoy": -0.08080163879587382,
      "rev_growth_yoy": 0.40034734047806086,
      "rev_growth_yoy_accel": -0.09736877463912169,
      "fcf_margin_change": -0.04990918440763431
    },
    {
      "date": "2023-06-30T00:00:00",
      "quarter_label": "2023-06 (Q2)",
      "revenue": 24216394,
      "gross_profit": 16379217,
      "operating_income": -1642904,
      "net_income": 1541612,
      "opex": 25859298,
      "cogs": null,
      "rd": null,
      "sga": null,
      "fcf": -9908590,
      "ocf": 2995527,
      "capex": -12904117,
      "gross_margin": 0.6763689507199131,
      "op_margin": -0.06784263586064879,
      "fcf_margin": -0.40916868134867646,
      "incr_op_margin_yoy": -0.27877645965018133,
      "rev_growth_yoy": 0.1589555136019039,
      "rev_growth_yoy_accel": -0.24139182687615696,
      "op_leverage_ratio": 23.730871405306477,
      "fcf_margin_change": -0.11799842356442752
    },
    {
      "date": "2023-09-30T00:00:00",
      "quarter_label": "2023-09 (Q3)",
      "revenue": 24548101,
      "gross_profit": 16554084,
      "operating_income": -1942729,
      "net_income": -1642506,
      "opex": 26490830,
      "cogs": null,
      "rd": null,
      "sga": null,
      "fcf": -14310936,
      "ocf": 7877987,
      "capex": -22188923,
      "gross_margin": 0.6743529367098497,
      "op_margin": -0.0791396857948401,
      "fcf_margin": -0.5829752778025478,
      "incr_op_margin_yoy": -0.047582448948655966,
      "rev_growth_yoy": 0.1445645576421657,
      "rev_growth_yoy_accel": -0.014390955959738216,
      "op_leverage_ratio": 0.560875580672758,
      "fcf_margin_change": -0.1738065964538713
    },
    {
      "date": "2023-12-31T00:00:00",
      "quarter_label": "2023-12 (Q4)",
      "revenue": 24673456,
      "gross_profit": 16549195,
      "operating_income": -2289978,
      "net_income": -3581961,
      "opex": -4937068,
      "cogs": null,
      "rd": null,
      "sga": null,
      "fcf": -4944411,
      "ocf": 3817430,
      "capex": -8761841,
      "gross_margin": 0.6707286972688382,
      "op_margin": -0.09281140023513527,
      "fcf_margin": -0.20039393751730605,
      "incr_op_margin_yoy": -0.9745644218084791,
      "rev_growth_yoy": 0.09180936855396675,
      "rev_growth_yoy_accel": -0.05275518908819894,
      "fcf_margin_change": 0.3825813402852417
    },
    {
      "date": "2024-03-31T00:00:00",
      "quarter_label": "2024-03 (Q1)",
      "revenue": 25552731,
      "gross_profit": 17357064,
      "operating_income": -2058281,
      "net_income": -2808081,
      "opex": 19415345,
      "cogs": 8195667,
      "rd": null,
      "sga": null,
      "fcf": -6030794,
      "ocf": 2415294,
      "capex": -8446088,
      "gross_margin": 0.6792645373208837,
      "op_margin": -0.0805503333479306,
      "fcf_margin": -0.2360136769725318,
      "incr_op_margin_yoy": 0.3355970486812674,
      "rev_growth_yoy": 0.11995844105298152,
      "rev_growth_yoy_accel": 0.02814907249901477,
      "op_leverage_ratio": Infinity,
      "fcf_margin_change": -0.03561973945522576
    },
    {
      "date": "2024-06-30T00:00:00",
      "quarter_label": "2024-06 (Q2)",
      "revenue": 27087783,
      "gross_profit": 18475861,
      "operating_income": -4396615,
      "net_income": -2235219,
      "opex": 22872476,
      "cogs": 8611922,
      "rd": null,
      "sga": null,
      "fcf": -4317340,
      "ocf": 4505253,
      "capex": -8822593,
      "gross_margin": 0.6820735753826734,
      "op_margin": -0.16230988708082902,
      "fcf_margin": -0.15938329098398343,
      "incr_op_margin_yoy": -0.9590170471503513,
      "rev_growth_yoy": 0.11857211275964538,
      "rev_growth_yoy_accel": -0.0013863282933361393,
      "op_leverage_ratio": 0.3373766677773867,
      "fcf_margin_change": 0.07663038598854838
    },
    {
      "date": "2024-09-30T00:00:00",
      "quarter_label": "2024-09 (Q3)",
      "revenue": 27700936,
      "gross_profit": 18688874,
      "operating_income": -740022,
      "net_income": -1595136,
      "opex": 19428896,
      "cogs": 9012062,
      "rd": null,
      "sga": null,
      "fcf": -1230936,
      "ocf": 5196644,
      "capex": -6427580,
      "gross_margin": 0.6746657946865044,
      "op_margin": -0.02671469296199955,
      "fcf_margin": -0.04443662120298029,
      "incr_op_margin_yoy": 0.3814684244497413,
      "rev_growth_yoy": 0.12843498566345316,
      "rev_growth_yoy_accel": 0.009862872903807773,
      "op_leverage_ratio": Infinity,
      "fcf_margin_change": 0.11494666978100315
    },
    {
      "date": "2024-12-31T00:00:00",
      "quarter_label": "2024-12 (Q4)",
      "revenue": 27933451,
      "gross_profit": 19411576,
      "operating_income": -1272560,
      "net_income": 5345986,
      "opex": 20684136,
      "cogs": 8521875,
      "rd": null,
      "sga": null,
      "fcf": 619459,
      "ocf": 9124389,
      "capex": -8504930,
      "gross_margin": 0.6949222278335748,
      "op_margin": -0.04555684866864463,
      "fcf_margin": 0.022176243100073816,
      "incr_op_margin_yoy": 0.31209188971148727,
      "rev_growth_yoy": 0.1321255927827865,
      "rev_growth_yoy_accel": 0.0036906071193333334,
      "fcf_margin_change": 0.0666128643030541
    },
    {
      "date": "2025-03-31T00:00:00",
      "quarter_label": "2025-03 (Q1)",
      "revenue": 27730494,
      "gross_profit": 18649554,
      "operating_income": -797403,
      "net_income": -669285,
      "opex": 19446957,
      "cogs": 9080940,
      "rd": null,
      "sga": null,
      "fcf": -4302922,
      "ocf": 2555668,
      "capex": -6858590,
      "gross_margin": 0.6725287331700618,
      "op_margin": -0.028755455997285875,
      "fcf_margin": -0.15516932370552072,
      "incr_op_margin_yoy": 0.5789785206195532,
      "rev_growth_yoy": 0.08522623276549188,
      "rev_growth_yoy_accel": -0.04689936001729461,
      "fcf_margin_change": -0.17734556680559455
    },
    {
      "date": "2025-06-30T00:00:00",
      "quarter_label": "2025-06 (Q2)",
      "revenue": 28203670,
      "gross_profit": 18636324,
      "operating_income": -820490,
      "net_income": -2320083,
      "opex": 19456814,
      "cogs": 9567346,
      "rd": null,
      "sga": null,
      "fcf": -2740609,
      "ocf": 4559167,
      "capex": -7299776,
      "gross_margin": 0.6607765585117115,
      "op_margin": -0.029091604035928656,
      "fcf_margin": -0.09717207015966361,
      "incr_op_margin_yoy": 3.204737576475037,
      "rev_growth_yoy": 0.04119521335503906,
      "rev_growth_yoy_accel": -0.044031019410452815,
      "op_leverage_ratio": Infinity,
      "fcf_margin_change": 0.05799725354585711
    },
    {
      "date": "2025-09-30T00:00:00",
      "quarter_label": "2025-09 (Q3)",
      "revenue": 28734355,
      "gross_profit": 19018936,
      "operating_income": -1052152,
      "net_income": -2587905,
      "opex": 20071088,
      "cogs": 9715419,
      "rd": null,
      "sga": null,
      "fcf": -489408,
      "ocf": 4935358,
      "capex": -5424766,
      "gross_margin": 0.6618883910914305,
      "op_margin": -0.036616517057717145,
      "fcf_margin": -0.017032155411179407,
      "incr_op_margin_yoy": -0.3020362505431001,
      "rev_growth_yoy": 0.037306284524104165,
      "rev_growth_yoy_accel": -0.003888928830934897,
      "op_leverage_ratio": 0.5959924819243438,
      "fcf_margin_change": 0.08013991474848421
    }
  ],
  "signals": [
    {
      "quarter": "2025-09 (Q3)",
      "signal": "FCF MARGIN EXPANSION",
      "detail": "FCF margin: -9.7% -> -1.7% (+8.0%)",
      "severity": "MEDIUM"
    },
    {
      "quarter": "2025-06 (Q2)",
      "signal": "FCF MARGIN EXPANSION",
      "detail": "FCF margin: -15.5% -> -9.7% (+5.8%)",
      "severity": "MEDIUM"
    },
    {
      "quarter": "2025-06 (Q2)",
      "signal": "OPERATING LEVERAGE",
      "detail": "Rev growth +1.7% vs OpEx growth +0.1% (leverage: 33.7x)",
      "severity": "MEDIUM"
    },
    {
      "quarter": "2024-12 (Q4)",
      "signal": "FCF TURNED POSITIVE",
      "detail": "FCF margin: -4.4% -> +2.2%",
      "severity": "HIGH"
    },
    {
      "quarter": "2024-12 (Q4)",
      "signal": "GROSS MARGIN INFLECTION",
      "detail": "GM: +68.2% -> +67.5% -> +69.5% (reversal +2.0%)",
      "severity": "MEDIUM"
    },
    {
      "quarter": "2024-09 (Q3)",
      "signal": "FCF MARGIN EXPANSION",
      "detail": "FCF margin: -15.9% -> -4.4% (+11.5%)",
      "severity": "MEDIUM"
    },
    {
      "quarter": "2024-06 (Q2)",
      "signal": "FCF MARGIN EXPANSION",
      "detail": "FCF margin: -23.6% -> -15.9% (+7.7%)",
      "severity": "MEDIUM"
    },
    {
      "quarter": "2023-12 (Q4)",
      "signal": "FCF MARGIN EXPANSION",
      "detail": "FCF margin: -58.3% -> -20.0% (+38.3%)",
      "severity": "MEDIUM"
    },
    {
      "quarter": "2023-12 (Q4)",
      "signal": "YoY REVENUE GROWTH DECELERATION",
      "detail": "YoY growth: +9.2% vs prior quarter YoY: +14.5% (decel: -5.3%)",
      "severity": "WARNING"
    },
    {
      "quarter": "2023-06 (Q2)",
      "signal": "OPERATING LEVERAGE",
      "detail": "Rev growth +6.1% vs OpEx growth +0.3% (leverage: 23.7x)",
      "severity": "MEDIUM"
    },
    {
      "quarter": "2023-06 (Q2)",
      "signal": "GROSS MARGIN INFLECTION",
      "detail": "GM: +69.9% -> +65.2% -> +67.6% (reversal +2.5%)",
      "severity": "MEDIUM"
    },
    {
      "quarter": "2023-06 (Q2)",
      "signal": "YoY REVENUE GROWTH DECELERATION",
      "detail": "YoY growth: +15.9% vs prior quarter YoY: +40.0% (decel: -24.1%)",
      "severity": "WARNING"
    },
    {
      "quarter": "2023-03 (Q1)",
      "signal": "YoY REVENUE GROWTH DECELERATION",
      "detail": "YoY growth: +40.0% vs prior quarter YoY: +49.8% (decel: -9.7%)",
      "severity": "WARNING"
    },
    {
      "quarter": "2022-12 (Q4)",
      "signal": "FCF MARGIN EXPANSION",
      "detail": "FCF margin: -53.4% -> -24.1% (+29.2%)",
      "severity": "MEDIUM"
    },
    {
      "quarter": "2022-12 (Q4)",
      "signal": "GROSS MARGIN INFLECTION",
      "detail": "GM: +67.8% -> +64.9% -> +69.9% (reversal +5.0%)",
      "severity": "HIGH"
    },
    {
      "quarter": "2022-06 (Q2)",
      "signal": "FCF MARGIN EXPANSION",
      "detail": "FCF margin: -133.0% -> -31.8% (+101.2%)",
      "severity": "MEDIUM"
    },
    {
      "quarter": "2022-06 (Q2)",
      "signal": "OPERATING LEVERAGE",
      "detail": "Rev growth +28.2% vs OpEx growth +15.3% (leverage: 1.8x)",
      "severity": "MEDIUM"
    },
    {
      "quarter": "2022-06 (Q2)",
      "signal": "GROSS MARGIN INFLECTION",
      "detail": "GM: +71.6% -> +65.5% -> +67.8% (reversal +2.3%)",
      "severity": "MEDIUM"
    },
    {
      "quarter": "2022-06 (Q2)",
      "signal": "YoY REVENUE GROWTH ACCELERATION",
      "detail": "YoY growth: +47.4% vs prior quarter YoY: +23.4% (accel: +24.0%)",
      "severity": "HIGH"
    },
    {
      "quarter": "2022-03 (Q1)",
      "signal": "YoY REVENUE GROWTH DECELERATION",
      "detail": "YoY growth: +23.4% vs prior quarter YoY: +34.3% (decel: -10.9%)",
      "severity": "WARNING"
    },
    {
      "quarter": "2021-06 (Q2)",
      "signal": "OPERATING LEVERAGE",
      "detail": "Rev growth +7.4% vs OpEx growth +4.0% (leverage: 1.9x)",
      "severity": "MEDIUM"
    },
    {
      "quarter": "2021-03 (Q1)",
      "signal": "FCF TURNED POSITIVE",
      "detail": "FCF margin: -5.3% -> +10.6%",
      "severity": "HIGH"
    }
  ],
  "data_quality": {
    "n_quarters": 20,
    "coverage": {
      "revenue": [
        20,
        20
      ],
      "gross_profit": [
        20,
        20
      ],
      "op_income": [
        20,
        20
      ],
      "fcf": [
        20,
        20
      ]
    },
    "gaps": [],
    "warnings": []
  },
  "market_cap": null,
  "source": "SEC EDGAR",
  "last_updated": "2026-02-02T22:36:08.550335"
}