{
  "ticker": "BODI",
  "name": "The Beachbody Company, Inc.",
  "quarters": [
    {
      "date": "2020-12-31T00:00:00",
      "quarter_label": "2020-12 (Q4)",
      "revenue": 224283000,
      "gross_profit": 153737000,
      "operating_income": -531404,
      "net_income": -531394,
      "opex": 155195000,
      "cogs": 70546000,
      "rd": null,
      "sga": null,
      "fcf": -11168627,
      "ocf": -1342627,
      "capex": -9826000,
      "gross_margin": 0.6854598877311254,
      "op_margin": -0.002369345871064682,
      "fcf_margin": -0.04979702875385116
    },
    {
      "date": "2021-03-31T00:00:00",
      "quarter_label": "2021-03 (Q1)",
      "revenue": 226219000,
      "gross_profit": 158102000,
      "operating_income": -2724770,
      "net_income": -16590561,
      "opex": 189731000,
      "cogs": 68117000,
      "rd": null,
      "sga": null,
      "fcf": -22179000,
      "ocf": -8880000,
      "capex": -13299000,
      "gross_margin": 0.6988891295602934,
      "op_margin": -0.012044832662154814,
      "fcf_margin": -0.09804216268306376,
      "fcf_margin_change": -0.0482451339292126
    },
    {
      "date": "2021-06-30T00:00:00",
      "quarter_label": "2021-06 (Q2)",
      "revenue": 223108000,
      "gross_profit": 154338000,
      "operating_income": -30036000,
      "net_income": -12440000,
      "opex": 184374000,
      "cogs": 68770000,
      "rd": null,
      "sga": null,
      "fcf": -30508000,
      "ocf": -16607000,
      "capex": -13901000,
      "gross_margin": 0.6917636301701419,
      "op_margin": -0.13462538322247522,
      "fcf_margin": -0.1367409505710239,
      "fcf_margin_change": -0.038698787887960134
    },
    {
      "date": "2021-09-30T00:00:00",
      "quarter_label": "2021-09 (Q3)",
      "revenue": 208052000,
      "gross_profit": 134985000,
      "operating_income": -71823000,
      "net_income": -39922000,
      "opex": 206808000,
      "cogs": 73067000,
      "rd": null,
      "sga": null,
      "fcf": -147637000,
      "ocf": -113772000,
      "capex": -33865000,
      "gross_margin": 0.6488041451175668,
      "op_margin": -0.34521658047026704,
      "fcf_margin": -0.7096158652644531,
      "fcf_margin_change": -0.5728749146934292
    },
    {
      "date": "2021-12-31T00:00:00",
      "quarter_label": "2021-12 (Q4)",
      "revenue": 216266000,
      "gross_profit": 97558000,
      "operating_income": -163830000,
      "net_income": -145962000,
      "opex": 261388000,
      "cogs": 118708000,
      "rd": null,
      "sga": null,
      "fcf": -92836000,
      "ocf": -75990000,
      "capex": -16846000,
      "gross_margin": 0.45110188379125704,
      "op_margin": -0.7575393265700573,
      "fcf_margin": -0.4292676611210269,
      "incr_op_margin_yoy": 20.369040289385058,
      "rev_growth_yoy": -0.03574501857028843,
      "op_leverage_ratio": 0.14959483766908147,
      "fcf_margin_change": 0.2803482041434262
    },
    {
      "date": "2022-03-31T00:00:00",
      "quarter_label": "2022-03 (Q1)",
      "revenue": 198922000,
      "gross_profit": 93017000,
      "operating_income": -74420000,
      "net_income": -73533000,
      "opex": 167437000,
      "cogs": 105905000,
      "rd": null,
      "sga": null,
      "fcf": -45774000,
      "ocf": -33371000,
      "capex": -12403000,
      "gross_margin": 0.46760539306863996,
      "op_margin": -0.37411648786961726,
      "fcf_margin": -0.23011029448728648,
      "incr_op_margin_yoy": 2.6264875261017693,
      "rev_growth_yoy": -0.12066625703411296,
      "rev_growth_yoy_accel": -0.08492123846382453,
      "fcf_margin_change": 0.1991573666337404
    },
    {
      "date": "2022-06-30T00:00:00",
      "quarter_label": "2022-06 (Q2)",
      "revenue": 179136000,
      "gross_profit": 87269000,
      "operating_income": -44404000,
      "net_income": -41867000,
      "opex": 131673000,
      "cogs": 91867000,
      "rd": null,
      "sga": null,
      "fcf": -6704000,
      "ocf": 115000,
      "capex": -6819000,
      "gross_margin": 0.4871661754197928,
      "op_margin": -0.2478787066809575,
      "fcf_margin": -0.037424080028581636,
      "incr_op_margin_yoy": 0.32675338851996727,
      "rev_growth_yoy": -0.19708840561521773,
      "rev_growth_yoy_accel": -0.07642214858110477,
      "fcf_margin_change": 0.19268621445870485
    },
    {
      "date": "2022-09-30T00:00:00",
      "quarter_label": "2022-09 (Q3)",
      "revenue": 165975000,
      "gross_profit": 104666000,
      "operating_income": -36189000,
      "net_income": -33859000,
      "opex": 140855000,
      "cogs": 61309000,
      "rd": null,
      "sga": null,
      "fcf": -7701000,
      "ocf": -3687000,
      "capex": -4014000,
      "gross_margin": 0.6306130441331526,
      "op_margin": -0.2180388612742883,
      "fcf_margin": -0.04639855399909625,
      "incr_op_margin_yoy": -0.8468759654918364,
      "rev_growth_yoy": -0.20224270855363083,
      "rev_growth_yoy_accel": -0.005154302938413097,
      "fcf_margin_change": -0.008974473970514617
    },
    {
      "date": "2022-12-31T00:00:00",
      "quarter_label": "2022-12 (Q4)",
      "revenue": 148166000,
      "gross_profit": 84621000,
      "operating_income": -48144000,
      "net_income": -44933000,
      "opex": 132765000,
      "cogs": 63545000,
      "rd": null,
      "sga": null,
      "fcf": -13487000,
      "ocf": -10230000,
      "capex": -3257000,
      "gross_margin": 0.5711229296869728,
      "op_margin": -0.32493284559210617,
      "fcf_margin": -0.09102628133309937,
      "incr_op_margin_yoy": -1.6987665198237885,
      "rev_growth_yoy": -0.31488999657828787,
      "rev_growth_yoy_accel": -0.11264728802465704,
      "fcf_margin_change": -0.044627727334003116
    },
    {
      "date": "2023-03-31T00:00:00",
      "quarter_label": "2023-03 (Q1)",
      "revenue": 144901000,
      "gross_profit": 91340000,
      "operating_income": -27435000,
      "net_income": -29188000,
      "opex": 118775000,
      "cogs": 53561000,
      "rd": null,
      "sga": null,
      "fcf": -11286000,
      "ocf": -7869000,
      "capex": -3417000,
      "gross_margin": 0.6303614191758511,
      "op_margin": -0.1893361674522605,
      "fcf_margin": -0.07788766123077136,
      "incr_op_margin_yoy": -0.8697543547879528,
      "rev_growth_yoy": -0.2715687555926444,
      "rev_growth_yoy_accel": 0.043321240985643494,
      "fcf_margin_change": 0.01313862010232801
    },
    {
      "date": "2023-06-30T00:00:00",
      "quarter_label": "2023-06 (Q2)",
      "revenue": 134948000,
      "gross_profit": 82744000,
      "operating_income": -24178000,
      "net_income": -25748000,
      "opex": 106922000,
      "cogs": 52204000,
      "rd": null,
      "sga": null,
      "fcf": -8111000,
      "ocf": -6498000,
      "capex": -1613000,
      "gross_margin": 0.6131546966238848,
      "op_margin": -0.17916530811868275,
      "fcf_margin": -0.06010463289563387,
      "incr_op_margin_yoy": -0.45772607947859145,
      "rev_growth_yoy": -0.246672918899607,
      "rev_growth_yoy_accel": 0.024895836693037382,
      "fcf_margin_change": 0.017783028335137487
    },
    {
      "date": "2023-09-30T00:00:00",
      "quarter_label": "2023-09 (Q3)",
      "revenue": 128250000,
      "gross_profit": 75031000,
      "operating_income": -29004000,
      "net_income": -32666000,
      "opex": 104035000,
      "cogs": 53219000,
      "rd": null,
      "sga": null,
      "fcf": -685000,
      "ocf": -216000,
      "capex": -469000,
      "gross_margin": 0.585037037037037,
      "op_margin": -0.22615204678362574,
      "fcf_margin": -0.005341130604288499,
      "incr_op_margin_yoy": -0.1904572564612326,
      "rev_growth_yoy": -0.22729326705829192,
      "rev_growth_yoy_accel": 0.01937965184131507,
      "fcf_margin_change": 0.05476350229134537
    },
    {
      "date": "2023-12-31T00:00:00",
      "quarter_label": "2023-12 (Q4)",
      "revenue": 119010000,
      "gross_profit": 73972000,
      "operating_income": -60371000,
      "net_income": -65039000,
      "opex": 134343000,
      "cogs": 45038000,
      "rd": null,
      "sga": null,
      "fcf": -9031000,
      "ocf": -7954000,
      "capex": -1077000,
      "gross_margin": 0.6215612133434165,
      "op_margin": -0.5072766994370221,
      "fcf_margin": -0.07588437946391059,
      "incr_op_margin_yoy": 0.41936479626834955,
      "rev_growth_yoy": -0.19677928809578446,
      "rev_growth_yoy_accel": 0.03051397896250746,
      "fcf_margin_change": -0.0705432488596221
    },
    {
      "date": "2024-03-31T00:00:00",
      "quarter_label": "2024-03 (Q1)",
      "revenue": 120046000,
      "gross_profit": 81282000,
      "operating_income": -10823000,
      "net_income": -14216000,
      "opex": 92105000,
      "cogs": 38764000,
      "rd": null,
      "sga": null,
      "fcf": 7435000,
      "ocf": 9134000,
      "capex": -1699000,
      "gross_margin": 0.6770904486613465,
      "op_margin": -0.09015710644253036,
      "fcf_margin": 0.06193459173983307,
      "incr_op_margin_yoy": -0.6683564675115671,
      "rev_growth_yoy": -0.1715309073091283,
      "rev_growth_yoy_accel": 0.02524838078665617,
      "fcf_margin_change": 0.13781897120374365
    },
    {
      "date": "2024-06-30T00:00:00",
      "quarter_label": "2024-06 (Q2)",
      "revenue": 110183000,
      "gross_profit": 76376000,
      "operating_income": -9482000,
      "net_income": -10865000,
      "opex": 85858000,
      "cogs": 33807000,
      "rd": null,
      "sga": null,
      "fcf": -2171000,
      "ocf": -925000,
      "capex": -1246000,
      "gross_margin": 0.6931740831162702,
      "op_margin": -0.08605683272374141,
      "fcf_margin": -0.019703584037464944,
      "incr_op_margin_yoy": -0.5934181304260044,
      "rev_growth_yoy": -0.18351513175445358,
      "rev_growth_yoy_accel": -0.011984224445325292,
      "fcf_margin_change": -0.08163817577729801
    },
    {
      "date": "2024-09-30T00:00:00",
      "quarter_label": "2024-09 (Q3)",
      "revenue": 102193000,
      "gross_profit": 68811000,
      "operating_income": -13010000,
      "net_income": -12003000,
      "opex": 81821000,
      "cogs": 33382000,
      "rd": null,
      "sga": null,
      "fcf": 53000,
      "ocf": 1082000,
      "capex": -1029000,
      "gross_margin": 0.6733435753916609,
      "op_margin": -0.12730813265096436,
      "fcf_margin": 0.0005186265204074643,
      "incr_op_margin_yoy": -0.6138081897378823,
      "rev_growth_yoy": -0.20317348927875245,
      "rev_growth_yoy_accel": -0.01965835752429887,
      "fcf_margin_change": 0.02022221055787241
    },
    {
      "date": "2024-12-31T00:00:00",
      "quarter_label": "2024-12 (Q4)",
      "revenue": 86374000,
      "gross_profit": 60875000,
      "operating_income": -32893000,
      "net_income": -34558000,
      "opex": 93768000,
      "cogs": 25499000,
      "rd": null,
      "sga": null,
      "fcf": -7297000,
      "ocf": -6729000,
      "capex": -568000,
      "gross_margin": 0.7047838469909926,
      "op_margin": -0.38082061731539585,
      "fcf_margin": -0.08448144117442749,
      "incr_op_margin_yoy": -0.8419536707929893,
      "rev_growth_yoy": -0.27422905638181666,
      "rev_growth_yoy_accel": -0.07105556710306421,
      "fcf_margin_change": -0.08500006769483495
    },
    {
      "date": "2025-03-31T00:00:00",
      "quarter_label": "2025-03 (Q1)",
      "revenue": 72363000,
      "gross_profit": 51549000,
      "operating_income": -3674000,
      "net_income": -5748000,
      "opex": 55223000,
      "cogs": 20814000,
      "rd": null,
      "sga": null,
      "fcf": 1648000,
      "ocf": 2342000,
      "capex": -694000,
      "gross_margin": 0.712366817296132,
      "op_margin": -0.05077180326962674,
      "fcf_margin": 0.02277406962121526,
      "incr_op_margin_yoy": -0.14992764716985088,
      "rev_growth_yoy": -0.3972060710061143,
      "rev_growth_yoy_accel": -0.12297701462429766,
      "fcf_margin_change": 0.10725551079564274
    },
    {
      "date": "2025-06-30T00:00:00",
      "quarter_label": "2025-06 (Q2)",
      "revenue": 63941000,
      "gross_profit": 46238000,
      "operating_income": -3964000,
      "net_income": -5900000,
      "opex": 50202000,
      "cogs": 17703000,
      "rd": null,
      "sga": null,
      "fcf": 2421000,
      "ocf": 4238000,
      "capex": -1817000,
      "gross_margin": 0.7231353904380601,
      "op_margin": -0.06199465131918487,
      "fcf_margin": 0.03786302998076352,
      "incr_op_margin_yoy": -0.11932874875654167,
      "rev_growth_yoy": -0.4196836172549304,
      "rev_growth_yoy_accel": -0.022477546248816094,
      "fcf_margin_change": 0.015088960359548258
    },
    {
      "date": "2025-09-30T00:00:00",
      "quarter_label": "2025-09 (Q3)",
      "revenue": 59887000,
      "gross_profit": 44649000,
      "operating_income": 4986000,
      "net_income": 3569000,
      "opex": 39663000,
      "cogs": 15238000,
      "rd": null,
      "sga": null,
      "fcf": 9000000,
      "ocf": 10187000,
      "capex": -1187000,
      "gross_margin": 0.7455541269390685,
      "op_margin": 0.08325680030724532,
      "fcf_margin": 0.15028303304556914,
      "incr_op_margin_yoy": -0.4253770150806032,
      "rev_growth_yoy": -0.4139813881577016,
      "rev_growth_yoy_accel": 0.005702229097228839,
      "fcf_margin_change": 0.11242000306480562
    }
  ],
  "signals": [
    {
      "quarter": "2025-09 (Q3)",
      "signal": "FCF MARGIN EXPANSION",
      "detail": "FCF margin: +3.8% -> +15.0% (+11.2%)",
      "severity": "MEDIUM"
    },
    {
      "quarter": "2025-09 (Q3)",
      "signal": "OP MARGIN TURNED POSITIVE (YoY)",
      "detail": "Op margin: -12.7% (year-ago) -> +8.3%",
      "severity": "HIGH"
    },
    {
      "quarter": "2025-09 (Q3)",
      "signal": "OP MARGIN TURNED POSITIVE (QoQ)",
      "detail": "Op margin: -6.2% -> +8.3%",
      "severity": "HIGH"
    },
    {
      "quarter": "2025-03 (Q1)",
      "signal": "FCF TURNED POSITIVE",
      "detail": "FCF margin: -8.4% -> +2.3%",
      "severity": "HIGH"
    },
    {
      "quarter": "2025-03 (Q1)",
      "signal": "YoY REVENUE GROWTH DECELERATION",
      "detail": "YoY growth: -39.7% vs prior quarter YoY: -27.4% (decel: -12.3%)",
      "severity": "WARNING"
    },
    {
      "quarter": "2024-12 (Q4)",
      "signal": "GROSS MARGIN INFLECTION",
      "detail": "GM: +69.3% -> +67.3% -> +70.5% (reversal +3.1%)",
      "severity": "MEDIUM"
    },
    {
      "quarter": "2024-12 (Q4)",
      "signal": "YoY REVENUE GROWTH DECELERATION",
      "detail": "YoY growth: -27.4% vs prior quarter YoY: -20.3% (decel: -7.1%)",
      "severity": "WARNING"
    },
    {
      "quarter": "2024-09 (Q3)",
      "signal": "FCF TURNED POSITIVE",
      "detail": "FCF margin: -2.0% -> +0.1%",
      "severity": "HIGH"
    },
    {
      "quarter": "2024-03 (Q1)",
      "signal": "FCF TURNED POSITIVE",
      "detail": "FCF margin: -7.6% -> +6.2%",
      "severity": "HIGH"
    },
    {
      "quarter": "2023-12 (Q4)",
      "signal": "GROSS MARGIN INFLECTION",
      "detail": "GM: +61.3% -> +58.5% -> +62.2% (reversal +3.7%)",
      "severity": "MEDIUM"
    },
    {
      "quarter": "2023-09 (Q3)",
      "signal": "FCF MARGIN EXPANSION",
      "detail": "FCF margin: -6.0% -> -0.5% (+5.5%)",
      "severity": "MEDIUM"
    },
    {
      "quarter": "2023-03 (Q1)",
      "signal": "GROSS MARGIN INFLECTION",
      "detail": "GM: +63.1% -> +57.1% -> +63.0% (reversal +5.9%)",
      "severity": "HIGH"
    },
    {
      "quarter": "2022-12 (Q4)",
      "signal": "YoY REVENUE GROWTH DECELERATION",
      "detail": "YoY growth: -31.5% vs prior quarter YoY: -20.2% (decel: -11.3%)",
      "severity": "WARNING"
    },
    {
      "quarter": "2022-06 (Q2)",
      "signal": "FCF MARGIN EXPANSION",
      "detail": "FCF margin: -23.0% -> -3.7% (+19.3%)",
      "severity": "MEDIUM"
    },
    {
      "quarter": "2022-06 (Q2)",
      "signal": "YoY REVENUE GROWTH DECELERATION",
      "detail": "YoY growth: -19.7% vs prior quarter YoY: -12.1% (decel: -7.6%)",
      "severity": "WARNING"
    },
    {
      "quarter": "2022-03 (Q1)",
      "signal": "FCF MARGIN EXPANSION",
      "detail": "FCF margin: -42.9% -> -23.0% (+19.9%)",
      "severity": "MEDIUM"
    },
    {
      "quarter": "2022-03 (Q1)",
      "signal": "YoY REVENUE GROWTH DECELERATION",
      "detail": "YoY growth: -12.1% vs prior quarter YoY: -3.6% (decel: -8.5%)",
      "severity": "WARNING"
    },
    {
      "quarter": "2021-12 (Q4)",
      "signal": "FCF MARGIN EXPANSION",
      "detail": "FCF margin: -71.0% -> -42.9% (+28.0%)",
      "severity": "MEDIUM"
    }
  ],
  "data_quality": {
    "n_quarters": 20,
    "coverage": {
      "revenue": [
        20,
        20
      ],
      "gross_profit": [
        20,
        20
      ],
      "op_income": [
        20,
        20
      ],
      "fcf": [
        20,
        20
      ]
    },
    "gaps": [],
    "warnings": []
  },
  "market_cap": null,
  "source": "SEC EDGAR",
  "last_updated": "2026-02-02T23:28:29.053476"
}