{
  "ticker": "BOW",
  "name": "Bowhead Specialty Holdings Inc.",
  "quarters": [
    {
      "date": "2023-06-30T00:00:00",
      "quarter_label": "2023-06 (Q2)",
      "revenue": 65453000,
      "gross_profit": null,
      "operating_income": null,
      "net_income": 6555000,
      "opex": 14616000,
      "cogs": null,
      "rd": null,
      "sga": null,
      "fcf": null,
      "ocf": null,
      "capex": null,
      "gross_margin": null,
      "op_margin": null,
      "fcf_margin": null
    },
    {
      "date": "2023-09-30T00:00:00",
      "quarter_label": "2023-09 (Q3)",
      "revenue": 76093000,
      "gross_profit": null,
      "operating_income": null,
      "net_income": 8708000,
      "opex": 16376000,
      "cogs": null,
      "rd": null,
      "sga": null,
      "fcf": 87182000,
      "ocf": 88271000,
      "capex": -1089000,
      "gross_margin": null,
      "op_margin": null,
      "fcf_margin": 1.1457295677657604,
      "op_leverage_ratio": 1.3499818745720387
    },
    {
      "date": "2023-12-31T00:00:00",
      "quarter_label": "2023-12 (Q4)",
      "revenue": 82805000,
      "gross_profit": null,
      "operating_income": null,
      "net_income": 4784000,
      "opex": 18000000,
      "cogs": null,
      "rd": null,
      "sga": null,
      "fcf": 60450000,
      "ocf": 61374000,
      "capex": -924000,
      "gross_margin": null,
      "op_margin": null,
      "fcf_margin": 0.7300283799287483,
      "op_leverage_ratio": 0.8894653735553959,
      "fcf_margin_change": -0.41570118783701215
    },
    {
      "date": "2024-03-31T00:00:00",
      "quarter_label": "2024-03 (Q1)",
      "revenue": 90672000,
      "gross_profit": null,
      "operating_income": null,
      "net_income": 7012000,
      "opex": 20522000,
      "cogs": null,
      "rd": null,
      "sga": null,
      "fcf": 41102000,
      "ocf": 41910000,
      "capex": -808000,
      "gross_margin": null,
      "op_margin": null,
      "fcf_margin": 0.45330421739897653,
      "op_leverage_ratio": 0.6780785581059732,
      "fcf_margin_change": -0.2767241625297717
    },
    {
      "date": "2024-06-30T00:00:00",
      "quarter_label": "2024-06 (Q2)",
      "revenue": 98898000,
      "gross_profit": null,
      "operating_income": null,
      "net_income": 5533000,
      "opex": 22855000,
      "cogs": null,
      "rd": null,
      "sga": null,
      "fcf": 70715000,
      "ocf": 71506000,
      "capex": -791000,
      "gross_margin": null,
      "op_margin": null,
      "fcf_margin": 0.715029626483852,
      "rev_growth_yoy": 0.5109773425205872,
      "op_leverage_ratio": 0.7980322720231303,
      "fcf_margin_change": 0.2617254090848755
    },
    {
      "date": "2024-09-30T00:00:00",
      "quarter_label": "2024-09 (Q3)",
      "revenue": 116761000,
      "gross_profit": null,
      "operating_income": null,
      "net_income": 12092000,
      "opex": 22386000,
      "cogs": null,
      "rd": null,
      "sga": null,
      "fcf": 118443000,
      "ocf": 119449000,
      "capex": -1006000,
      "gross_margin": null,
      "op_margin": null,
      "fcf_margin": 1.0144054949854833,
      "rev_growth_yoy": 0.5344512635853496,
      "rev_growth_yoy_accel": 0.023473921064762315,
      "op_leverage_ratio": Infinity,
      "fcf_margin_change": 0.2993758685016312
    },
    {
      "date": "2024-12-31T00:00:00",
      "quarter_label": "2024-12 (Q4)",
      "revenue": 119330000,
      "gross_profit": null,
      "operating_income": null,
      "net_income": 13606000,
      "opex": 23351000,
      "cogs": null,
      "rd": null,
      "sga": null,
      "fcf": 60915000,
      "ocf": 61422000,
      "capex": -507000,
      "gross_margin": null,
      "op_margin": null,
      "fcf_margin": 0.5104751529372329,
      "rev_growth_yoy": 0.4410965521405712,
      "rev_growth_yoy_accel": -0.09335471144477836,
      "op_leverage_ratio": 0.5104056632580091,
      "fcf_margin_change": -0.5039303420482504
    },
    {
      "date": "2025-03-31T00:00:00",
      "quarter_label": "2025-03 (Q1)",
      "revenue": 122716000,
      "gross_profit": null,
      "operating_income": null,
      "net_income": 11425000,
      "opex": 23937000,
      "cogs": null,
      "rd": null,
      "sga": null,
      "fcf": 46489000,
      "ocf": 47722000,
      "capex": -1233000,
      "gross_margin": null,
      "op_margin": null,
      "fcf_margin": 0.37883405586883534,
      "rev_growth_yoy": 0.35340568201870476,
      "rev_growth_yoy_accel": -0.08769087012186644,
      "op_leverage_ratio": 1.1306942430847544,
      "fcf_margin_change": -0.13164109706839755
    },
    {
      "date": "2025-06-30T00:00:00",
      "quarter_label": "2025-06 (Q2)",
      "revenue": 133263000,
      "gross_profit": null,
      "operating_income": null,
      "net_income": 12342000,
      "opex": 25849000,
      "cogs": null,
      "rd": null,
      "sga": null,
      "fcf": 107418000,
      "ocf": 108980000,
      "capex": -1562000,
      "gross_margin": null,
      "op_margin": null,
      "fcf_margin": 0.8060601967537876,
      "rev_growth_yoy": 0.3474792210155918,
      "rev_growth_yoy_accel": -0.005926461003112948,
      "op_leverage_ratio": 1.0759933496479475,
      "fcf_margin_change": 0.42722614088495225
    },
    {
      "date": "2025-09-30T00:00:00",
      "quarter_label": "2025-09 (Q3)",
      "revenue": 143932000,
      "gross_profit": null,
      "operating_income": null,
      "net_income": 15176000,
      "opex": 25837000,
      "cogs": null,
      "rd": null,
      "sga": null,
      "fcf": 113474000,
      "ocf": 114736000,
      "capex": -1262000,
      "gross_margin": null,
      "op_margin": null,
      "fcf_margin": 0.788386182363894,
      "rev_growth_yoy": 0.23270612618939543,
      "rev_growth_yoy_accel": -0.11477309482619638,
      "op_leverage_ratio": Infinity,
      "fcf_margin_change": -0.017674014389893578
    }
  ],
  "signals": [
    {
      "quarter": "2025-09 (Q3)",
      "signal": "YoY REVENUE GROWTH DECELERATION",
      "detail": "YoY growth: +23.3% vs prior quarter YoY: +34.7% (decel: -11.5%)",
      "severity": "WARNING"
    },
    {
      "quarter": "2025-06 (Q2)",
      "signal": "FCF MARGIN EXPANSION",
      "detail": "FCF margin: +37.9% -> +80.6% (+42.7%)",
      "severity": "MEDIUM"
    },
    {
      "quarter": "2025-03 (Q1)",
      "signal": "YoY REVENUE GROWTH DECELERATION",
      "detail": "YoY growth: +35.3% vs prior quarter YoY: +44.1% (decel: -8.8%)",
      "severity": "WARNING"
    },
    {
      "quarter": "2024-12 (Q4)",
      "signal": "YoY REVENUE GROWTH DECELERATION",
      "detail": "YoY growth: +44.1% vs prior quarter YoY: +53.4% (decel: -9.3%)",
      "severity": "WARNING"
    },
    {
      "quarter": "2024-09 (Q3)",
      "signal": "FCF MARGIN EXPANSION",
      "detail": "FCF margin: +71.5% -> +101.4% (+29.9%)",
      "severity": "MEDIUM"
    },
    {
      "quarter": "2024-06 (Q2)",
      "signal": "FCF MARGIN EXPANSION",
      "detail": "FCF margin: +45.3% -> +71.5% (+26.2%)",
      "severity": "MEDIUM"
    }
  ],
  "data_quality": {
    "n_quarters": 10,
    "coverage": {
      "revenue": [
        10,
        10
      ],
      "gross_profit": [
        0,
        10
      ],
      "op_income": [
        0,
        10
      ],
      "fcf": [
        9,
        10
      ]
    },
    "gaps": [],
    "warnings": [
      "gross_profit: no data",
      "op_income: no data"
    ]
  },
  "market_cap": null,
  "source": "SEC EDGAR",
  "last_updated": "2026-02-02T22:06:45.278258"
}