{
  "ticker": "BRBS",
  "name": "BLUE RIDGE BANKSHARES, INC.",
  "quarters": [
    {
      "date": "2018-09-30T00:00:00",
      "quarter_label": "2018-09 (Q3)",
      "revenue": 8862000,
      "gross_profit": null,
      "operating_income": null,
      "net_income": null,
      "opex": 7263000,
      "cogs": null,
      "rd": null,
      "sga": null,
      "fcf": null,
      "ocf": null,
      "capex": null,
      "gross_margin": null,
      "op_margin": null,
      "fcf_margin": null
    },
    {
      "date": "2018-12-31T00:00:00",
      "quarter_label": "2018-12 (Q4)",
      "revenue": 9489000,
      "gross_profit": null,
      "operating_income": null,
      "net_income": null,
      "opex": 8300000,
      "cogs": null,
      "rd": null,
      "sga": null,
      "fcf": null,
      "ocf": null,
      "capex": null,
      "gross_margin": null,
      "op_margin": null,
      "fcf_margin": null,
      "op_leverage_ratio": 0.4955335719867934
    },
    {
      "date": "2019-03-31T00:00:00",
      "quarter_label": "2019-03 (Q1)",
      "revenue": 10570000,
      "gross_profit": null,
      "operating_income": null,
      "net_income": null,
      "opex": 8967000,
      "cogs": null,
      "rd": null,
      "sga": null,
      "fcf": null,
      "ocf": null,
      "capex": null,
      "gross_margin": null,
      "op_margin": null,
      "fcf_margin": null,
      "op_leverage_ratio": 1.4176124078333896
    },
    {
      "date": "2019-06-30T00:00:00",
      "quarter_label": "2019-06 (Q2)",
      "revenue": 540000,
      "gross_profit": null,
      "operating_income": null,
      "net_income": null,
      "opex": null,
      "cogs": null,
      "rd": null,
      "sga": null,
      "fcf": null,
      "ocf": null,
      "capex": null,
      "gross_margin": null,
      "op_margin": null,
      "fcf_margin": null
    },
    {
      "date": "2019-09-30T00:00:00",
      "quarter_label": "2019-09 (Q3)",
      "revenue": 13090000,
      "gross_profit": null,
      "operating_income": null,
      "net_income": null,
      "opex": 11458000,
      "cogs": null,
      "rd": null,
      "sga": null,
      "fcf": null,
      "ocf": null,
      "capex": null,
      "gross_margin": null,
      "op_margin": null,
      "fcf_margin": null,
      "rev_growth_yoy": 0.47709320695102686
    },
    {
      "date": "2019-12-31T00:00:00",
      "quarter_label": "2019-12 (Q4)",
      "revenue": 12998000,
      "gross_profit": null,
      "operating_income": null,
      "net_income": null,
      "opex": 12481000,
      "cogs": null,
      "rd": null,
      "sga": null,
      "fcf": null,
      "ocf": null,
      "capex": null,
      "gross_margin": null,
      "op_margin": null,
      "fcf_margin": null,
      "rev_growth_yoy": 0.36979660659711244,
      "rev_growth_yoy_accel": -0.10729660035391442
    },
    {
      "date": "2020-03-31T00:00:00",
      "quarter_label": "2020-03 (Q1)",
      "revenue": 15421000,
      "gross_profit": null,
      "operating_income": null,
      "net_income": null,
      "opex": 14313000,
      "cogs": null,
      "rd": null,
      "sga": null,
      "fcf": null,
      "ocf": null,
      "capex": null,
      "gross_margin": null,
      "op_margin": null,
      "fcf_margin": null,
      "rev_growth_yoy": 0.4589403973509934,
      "rev_growth_yoy_accel": 0.08914379075388096,
      "op_leverage_ratio": 1.2699914447704752
    },
    {
      "date": "2020-06-30T00:00:00",
      "quarter_label": "2020-06 (Q2)",
      "revenue": 29692000,
      "gross_profit": null,
      "operating_income": null,
      "net_income": null,
      "opex": 21830000,
      "cogs": null,
      "rd": null,
      "sga": null,
      "fcf": null,
      "ocf": null,
      "capex": null,
      "gross_margin": null,
      "op_margin": null,
      "fcf_margin": null,
      "rev_growth_yoy": 53.98518518518519,
      "rev_growth_yoy_accel": 53.526244787834194,
      "op_leverage_ratio": 1.7620896083224264
    },
    {
      "date": "2020-09-30T00:00:00",
      "quarter_label": "2020-09 (Q3)",
      "revenue": 32193000,
      "gross_profit": null,
      "operating_income": null,
      "net_income": null,
      "opex": 25427000,
      "cogs": null,
      "rd": null,
      "sga": null,
      "fcf": null,
      "ocf": null,
      "capex": null,
      "gross_margin": null,
      "op_margin": null,
      "fcf_margin": null,
      "rev_growth_yoy": 1.4593582887700536,
      "rev_growth_yoy_accel": -52.52582689641513,
      "op_leverage_ratio": 0.5111961069238661
    },
    {
      "date": "2020-12-31T00:00:00",
      "quarter_label": "2020-12 (Q4)",
      "revenue": 33980000,
      "gross_profit": null,
      "operating_income": null,
      "net_income": 5581000,
      "opex": 27217000,
      "cogs": null,
      "rd": null,
      "sga": null,
      "fcf": 8789000,
      "ocf": 9014000,
      "capex": -225000,
      "gross_margin": null,
      "op_margin": null,
      "fcf_margin": 0.2586521483225427,
      "rev_growth_yoy": 1.614248345899369,
      "rev_growth_yoy_accel": 0.15489005712931547,
      "op_leverage_ratio": 0.7885063497095989
    },
    {
      "date": "2021-03-31T00:00:00",
      "quarter_label": "2021-03 (Q1)",
      "revenue": 38385000,
      "gross_profit": null,
      "operating_income": null,
      "net_income": 4228000,
      "opex": 33071000,
      "cogs": null,
      "rd": null,
      "sga": null,
      "fcf": 35638000,
      "ocf": 35716000,
      "capex": -78000,
      "gross_margin": null,
      "op_margin": null,
      "fcf_margin": 0.9284355868177674,
      "rev_growth_yoy": 1.4891381881849426,
      "rev_growth_yoy_accel": -0.12511015771442646,
      "op_leverage_ratio": 0.6027123262080851,
      "fcf_margin_change": 0.6697834384952247
    },
    {
      "date": "2021-06-30T00:00:00",
      "quarter_label": "2021-06 (Q2)",
      "revenue": 70237000,
      "gross_profit": null,
      "operating_income": null,
      "net_income": 28646000,
      "opex": 33898000,
      "cogs": null,
      "rd": null,
      "sga": null,
      "fcf": -29020000,
      "ocf": -28307000,
      "capex": -713000,
      "gross_margin": null,
      "op_margin": null,
      "fcf_margin": -0.4131725443854379,
      "rev_growth_yoy": 1.3655193318065473,
      "rev_growth_yoy_accel": -0.12361885637839531,
      "op_leverage_ratio": 33.1831018357729,
      "fcf_margin_change": -1.3416081312032053
    },
    {
      "date": "2021-09-30T00:00:00",
      "quarter_label": "2021-09 (Q3)",
      "revenue": 37272000,
      "gross_profit": null,
      "operating_income": null,
      "net_income": 6810000,
      "opex": 28267000,
      "cogs": null,
      "rd": null,
      "sga": null,
      "fcf": 5941000,
      "ocf": 6104000,
      "capex": -163000,
      "gross_margin": null,
      "op_margin": null,
      "fcf_margin": 0.15939579308864563,
      "rev_growth_yoy": 0.15776721647563136,
      "rev_growth_yoy_accel": -1.2077521153309159,
      "fcf_margin_change": 0.5725683374740835
    }
  ],
  "signals": [
    {
      "quarter": "2021-09 (Q3)",
      "signal": "FCF TURNED POSITIVE",
      "detail": "FCF margin: -41.3% -> +15.9%",
      "severity": "HIGH"
    },
    {
      "quarter": "2021-09 (Q3)",
      "signal": "YoY REVENUE GROWTH DECELERATION",
      "detail": "YoY growth: +15.8% vs prior quarter YoY: +136.6% (decel: -120.8%)",
      "severity": "WARNING"
    },
    {
      "quarter": "2021-06 (Q2)",
      "signal": "OPERATING LEVERAGE",
      "detail": "Rev growth +83.0% vs OpEx growth +2.5% (leverage: 33.2x)",
      "severity": "MEDIUM"
    },
    {
      "quarter": "2021-06 (Q2)",
      "signal": "YoY REVENUE GROWTH DECELERATION",
      "detail": "YoY growth: +136.6% vs prior quarter YoY: +148.9% (decel: -12.4%)",
      "severity": "WARNING"
    },
    {
      "quarter": "2021-03 (Q1)",
      "signal": "FCF MARGIN EXPANSION",
      "detail": "FCF margin: +25.9% -> +92.8% (+67.0%)",
      "severity": "MEDIUM"
    },
    {
      "quarter": "2021-03 (Q1)",
      "signal": "YoY REVENUE GROWTH DECELERATION",
      "detail": "YoY growth: +148.9% vs prior quarter YoY: +161.4% (decel: -12.5%)",
      "severity": "WARNING"
    },
    {
      "quarter": "2020-12 (Q4)",
      "signal": "YoY REVENUE GROWTH ACCELERATION",
      "detail": "YoY growth: +161.4% vs prior quarter YoY: +145.9% (accel: +15.5%)",
      "severity": "HIGH"
    },
    {
      "quarter": "2020-09 (Q3)",
      "signal": "YoY REVENUE GROWTH DECELERATION",
      "detail": "YoY growth: +145.9% vs prior quarter YoY: +5398.5% (decel: -5252.6%)",
      "severity": "WARNING"
    },
    {
      "quarter": "2020-06 (Q2)",
      "signal": "OPERATING LEVERAGE",
      "detail": "Rev growth +92.5% vs OpEx growth +52.5% (leverage: 1.8x)",
      "severity": "MEDIUM"
    },
    {
      "quarter": "2020-06 (Q2)",
      "signal": "YoY REVENUE GROWTH ACCELERATION",
      "detail": "YoY growth: +5398.5% vs prior quarter YoY: +45.9% (accel: +5352.6%)",
      "severity": "HIGH"
    },
    {
      "quarter": "2020-03 (Q1)",
      "signal": "YoY REVENUE GROWTH ACCELERATION",
      "detail": "YoY growth: +45.9% vs prior quarter YoY: +37.0% (accel: +8.9%)",
      "severity": "MEDIUM"
    },
    {
      "quarter": "2019-12 (Q4)",
      "signal": "YoY REVENUE GROWTH DECELERATION",
      "detail": "YoY growth: +37.0% vs prior quarter YoY: +47.7% (decel: -10.7%)",
      "severity": "WARNING"
    }
  ],
  "data_quality": {
    "n_quarters": 13,
    "coverage": {
      "revenue": [
        13,
        13
      ],
      "gross_profit": [
        0,
        13
      ],
      "op_income": [
        0,
        13
      ],
      "fcf": [
        4,
        13
      ]
    },
    "gaps": [],
    "warnings": [
      "gross_profit: no data",
      "op_income: no data",
      "fcf: 4/13Q"
    ]
  },
  "market_cap": null,
  "source": "SEC EDGAR",
  "last_updated": "2026-02-02T22:35:04.668830"
}