{
  "ticker": "BRID",
  "name": "BRIDGFORD FOODS CORPORATION",
  "quarters": [
    {
      "date": "2019-04-19T00:00:00",
      "quarter_label": "2019-04 (Q2)",
      "revenue": 41443000,
      "gross_profit": 14401000,
      "operating_income": null,
      "net_income": 2220000,
      "opex": null,
      "cogs": 27042000,
      "rd": null,
      "sga": 11608000,
      "fcf": null,
      "ocf": null,
      "capex": null,
      "gross_margin": 0.3474893226841686,
      "op_margin": null,
      "fcf_margin": null
    },
    {
      "date": "2019-07-12T00:00:00",
      "quarter_label": "2019-07 (Q3)",
      "revenue": 42837000,
      "gross_profit": 13415000,
      "operating_income": null,
      "net_income": 1105000,
      "opex": null,
      "cogs": 29422000,
      "rd": null,
      "sga": 11819000,
      "fcf": null,
      "ocf": null,
      "capex": null,
      "gross_margin": 0.3131638536778953,
      "op_margin": null,
      "fcf_margin": null
    },
    {
      "date": "2020-01-24T00:00:00",
      "quarter_label": "2020-01 (Q1)",
      "revenue": 46642000,
      "gross_profit": 15054000,
      "operating_income": 2109000,
      "net_income": 1859000,
      "opex": 12945000,
      "cogs": 31588000,
      "rd": null,
      "sga": 12618000,
      "fcf": -10163000,
      "ocf": -3989000,
      "capex": -6174000,
      "gross_margin": 0.32275631405171307,
      "op_margin": 0.04521675742892672,
      "fcf_margin": -0.2178937438360276
    },
    {
      "date": "2020-04-17T00:00:00",
      "quarter_label": "2020-04 (Q2)",
      "revenue": 42999000,
      "gross_profit": 12910000,
      "operating_income": 220000,
      "net_income": 427000,
      "opex": 12690000,
      "cogs": 30089000,
      "rd": null,
      "sga": 13580000,
      "fcf": null,
      "ocf": null,
      "capex": null,
      "gross_margin": 0.3002395404544292,
      "op_margin": 0.005116398055768739,
      "fcf_margin": null,
      "rev_growth_yoy": 0.037545544482783584
    },
    {
      "date": "2020-07-10T00:00:00",
      "quarter_label": "2020-07 (Q3)",
      "revenue": 41660000,
      "gross_profit": 12032000,
      "operating_income": 1000000,
      "net_income": 3133000,
      "opex": 11032000,
      "cogs": 29628000,
      "rd": null,
      "sga": 10183000,
      "fcf": null,
      "ocf": null,
      "capex": null,
      "gross_margin": 0.2888142102736438,
      "op_margin": 0.02400384061449832,
      "fcf_margin": null,
      "rev_growth_yoy": -0.027476247169503,
      "rev_growth_yoy_accel": -0.06502179165228658
    },
    {
      "date": "2021-01-22T00:00:00",
      "quarter_label": "2021-01 (Q1)",
      "revenue": 54693000,
      "gross_profit": 14551000,
      "operating_income": 649000,
      "net_income": 1464000,
      "opex": 13902000,
      "cogs": 40142000,
      "rd": null,
      "sga": 13976000,
      "fcf": 1645000,
      "ocf": 4793000,
      "capex": -3148000,
      "gross_margin": 0.2660486716764485,
      "op_margin": 0.011866235167206042,
      "fcf_margin": 0.030076975115645513,
      "incr_op_margin_yoy": -0.18134393243075395,
      "rev_growth_yoy": 0.17261266669525321,
      "rev_growth_yoy_accel": 0.20008891386475622,
      "op_leverage_ratio": 1.2025343372012693
    },
    {
      "date": "2021-04-16T00:00:00",
      "quarter_label": "2021-04 (Q2)",
      "revenue": 50477000,
      "gross_profit": 10587000,
      "operating_income": -2311000,
      "net_income": -1773000,
      "opex": 12898000,
      "cogs": 39890000,
      "rd": null,
      "sga": 12906000,
      "fcf": null,
      "ocf": null,
      "capex": null,
      "gross_margin": 0.20973908909008063,
      "op_margin": -0.045783228004833885,
      "fcf_margin": null,
      "incr_op_margin_yoy": -0.3384594811446911,
      "rev_growth_yoy": 0.17391102118653923,
      "rev_growth_yoy_accel": 0.0012983544912860134
    },
    {
      "date": "2021-07-09T00:00:00",
      "quarter_label": "2021-07 (Q3)",
      "revenue": 56538000,
      "gross_profit": 12011000,
      "operating_income": -1837000,
      "net_income": -1410000,
      "opex": 13848000,
      "cogs": 44527000,
      "rd": null,
      "sga": 14144000,
      "fcf": null,
      "ocf": null,
      "capex": null,
      "gross_margin": 0.2124411899961088,
      "op_margin": -0.03249142169868054,
      "fcf_margin": null,
      "incr_op_margin_yoy": -0.1906842317515795,
      "rev_growth_yoy": 0.357129140662506,
      "rev_growth_yoy_accel": 0.18321811947596678,
      "op_leverage_ratio": 1.6302323830655547
    },
    {
      "date": "2022-01-21T00:00:00",
      "quarter_label": "2022-01 (Q1)",
      "revenue": 64086000,
      "gross_profit": 16393000,
      "operating_income": 1680000,
      "net_income": 307000,
      "opex": 14713000,
      "cogs": 47693000,
      "rd": null,
      "sga": 14731000,
      "fcf": -1718000,
      "ocf": -1337000,
      "capex": -381000,
      "gross_margin": 0.25579689791842214,
      "op_margin": 0.026214773897575133,
      "fcf_margin": -0.02680772711668695,
      "incr_op_margin_yoy": 0.10976258916214202,
      "rev_growth_yoy": 0.17174044210410838,
      "rev_growth_yoy_accel": -0.18538869855839762,
      "op_leverage_ratio": 2.1372848012396184
    },
    {
      "date": "2022-04-15T00:00:00",
      "quarter_label": "2022-04 (Q2)",
      "revenue": 59986000,
      "gross_profit": 16682000,
      "operating_income": 1504000,
      "net_income": 805000,
      "opex": 15178000,
      "cogs": 43304000,
      "rd": null,
      "sga": 15178000,
      "fcf": null,
      "ocf": null,
      "capex": null,
      "gross_margin": 0.278098222918681,
      "op_margin": 0.02507251692061481,
      "fcf_margin": null,
      "incr_op_margin_yoy": 0.4011988642338837,
      "rev_growth_yoy": 0.18838282782257265,
      "rev_growth_yoy_accel": 0.01664238571846427
    },
    {
      "date": "2022-07-08T00:00:00",
      "quarter_label": "2022-07 (Q3)",
      "revenue": 59519000,
      "gross_profit": 17021000,
      "operating_income": 59446000,
      "net_income": 41298000,
      "opex": -42425000,
      "cogs": 42498000,
      "rd": null,
      "sga": 15220000,
      "fcf": null,
      "ocf": null,
      "capex": null,
      "gross_margin": 0.28597590685327373,
      "op_margin": 0.9987735008988726,
      "fcf_margin": null,
      "incr_op_margin_yoy": 20.55786648775579,
      "rev_growth_yoy": 0.052725600481092365,
      "rev_growth_yoy_accel": -0.13565722734148028
    },
    {
      "date": "2023-01-20T00:00:00",
      "quarter_label": "2023-01 (Q1)",
      "revenue": 61622000,
      "gross_profit": 17066000,
      "operating_income": 1344000,
      "net_income": 932000,
      "opex": 15722000,
      "cogs": 44556000,
      "rd": null,
      "sga": 15794000,
      "fcf": -2886000,
      "ocf": -2627000,
      "capex": -259000,
      "gross_margin": 0.27694654506507416,
      "op_margin": 0.021810392392327415,
      "fcf_margin": -0.04683392294959592,
      "incr_op_margin_yoy": 0.13636363636363635,
      "rev_growth_yoy": -0.03844833504977686,
      "rev_growth_yoy_accel": -0.09117393553086922,
      "op_leverage_ratio": Infinity
    },
    {
      "date": "2023-04-14T00:00:00",
      "quarter_label": "2023-04 (Q2)",
      "revenue": 55510000,
      "gross_profit": 15457000,
      "operating_income": 284000,
      "net_income": 149000,
      "opex": 15173000,
      "cogs": 40053000,
      "rd": null,
      "sga": 14941000,
      "fcf": null,
      "ocf": null,
      "capex": null,
      "gross_margin": 0.2784543325526932,
      "op_margin": 0.005116195280129706,
      "fcf_margin": null,
      "incr_op_margin_yoy": 0.2725647899910634,
      "rev_growth_yoy": -0.07461741072917014,
      "rev_growth_yoy_accel": -0.03616907567939327
    },
    {
      "date": "2023-07-07T00:00:00",
      "quarter_label": "2023-07 (Q3)",
      "revenue": 54189000,
      "gross_profit": 15291000,
      "operating_income": 597000,
      "net_income": 684000,
      "opex": 14694000,
      "cogs": 38898000,
      "rd": null,
      "sga": 14657000,
      "fcf": null,
      "ocf": null,
      "capex": null,
      "gross_margin": 0.2821790400265737,
      "op_margin": 0.011016996069312961,
      "fcf_margin": null,
      "incr_op_margin_yoy": 11.04108818011257,
      "rev_growth_yoy": -0.08955123573984777,
      "rev_growth_yoy_accel": -0.014933825010677637
    },
    {
      "date": "2024-01-26T00:00:00",
      "quarter_label": "2024-01 (Q1)",
      "revenue": 54842000,
      "gross_profit": 16038000,
      "operating_income": 1011000,
      "net_income": 1235000,
      "opex": 15027000,
      "cogs": 38804000,
      "rd": null,
      "sga": 15027000,
      "fcf": -2563000,
      "ocf": -703000,
      "capex": -1860000,
      "gross_margin": 0.29244010065278436,
      "op_margin": 0.018434776266365194,
      "fcf_margin": -0.04673425476824332,
      "incr_op_margin_yoy": 0.04911504424778761,
      "rev_growth_yoy": -0.11002564019343741,
      "rev_growth_yoy_accel": -0.02047440445358964,
      "op_leverage_ratio": 0.5317381822945683
    },
    {
      "date": "2024-04-19T00:00:00",
      "quarter_label": "2024-04 (Q2)",
      "revenue": 47314000,
      "gross_profit": 10726000,
      "operating_income": -3246000,
      "net_income": -2195000,
      "opex": 13972000,
      "cogs": 36588000,
      "rd": null,
      "sga": 13974000,
      "fcf": null,
      "ocf": null,
      "capex": null,
      "gross_margin": 0.22669822885403898,
      "op_margin": -0.06860548674810839,
      "fcf_margin": null,
      "incr_op_margin_yoy": 0.43069790141532455,
      "rev_growth_yoy": -0.14764907223923618,
      "rev_growth_yoy_accel": -0.037623432045798766
    },
    {
      "date": "2024-07-12T00:00:00",
      "quarter_label": "2024-07 (Q3)",
      "revenue": 49263000,
      "gross_profit": 11224000,
      "operating_income": -3384000,
      "net_income": -1770000,
      "opex": 14608000,
      "cogs": 38039000,
      "rd": null,
      "sga": 14445000,
      "fcf": null,
      "ocf": null,
      "capex": null,
      "gross_margin": 0.22783833708868725,
      "op_margin": -0.06869252786066622,
      "fcf_margin": null,
      "incr_op_margin_yoy": 0.8081607795371498,
      "rev_growth_yoy": -0.09090405801915517,
      "rev_growth_yoy_accel": 0.056745014220081005,
      "op_leverage_ratio": 0.9049480215543793
    },
    {
      "date": "2025-01-24T00:00:00",
      "quarter_label": "2025-01 (Q1)",
      "revenue": 52545000,
      "gross_profit": 12885000,
      "operating_income": -2012000,
      "net_income": -1113000,
      "opex": 14897000,
      "cogs": 39660000,
      "rd": null,
      "sga": 14913000,
      "fcf": -5135000,
      "ocf": -4604000,
      "capex": -531000,
      "gross_margin": 0.24521838424207823,
      "op_margin": -0.03829098867637263,
      "fcf_margin": -0.09772575887334665,
      "incr_op_margin_yoy": 1.3160644318676535,
      "rev_growth_yoy": -0.041883957550782246,
      "rev_growth_yoy_accel": 0.04902010046837293,
      "op_leverage_ratio": 3.36752352513418
    },
    {
      "date": "2025-04-18T00:00:00",
      "quarter_label": "2025-04 (Q2)",
      "revenue": 50639000,
      "gross_profit": 11071000,
      "operating_income": -3187000,
      "net_income": -3860000,
      "opex": 14258000,
      "cogs": 39568000,
      "rd": null,
      "sga": 14286000,
      "fcf": null,
      "ocf": null,
      "capex": null,
      "gross_margin": 0.21862596022828254,
      "op_margin": -0.06293568198424139,
      "fcf_margin": null,
      "incr_op_margin_yoy": 0.01774436090225564,
      "rev_growth_yoy": 0.0702751828211523,
      "rev_growth_yoy_accel": 0.11215914037193456
    },
    {
      "date": "2025-07-11T00:00:00",
      "quarter_label": "2025-07 (Q3)",
      "revenue": 51954000,
      "gross_profit": 10629000,
      "operating_income": -3856000,
      "net_income": -1637000,
      "opex": 14485000,
      "cogs": 41325000,
      "rd": null,
      "sga": 14608000,
      "fcf": null,
      "ocf": null,
      "capex": null,
      "gross_margin": 0.2045848250375332,
      "op_margin": -0.07421950186703623,
      "fcf_margin": null,
      "incr_op_margin_yoy": -0.17539947974730583,
      "rev_growth_yoy": 0.05462517508068936,
      "rev_growth_yoy_accel": -0.01565000774046294,
      "op_leverage_ratio": 1.6310729493809206
    }
  ],
  "signals": [
    {
      "quarter": "2025-07 (Q3)",
      "signal": "OPERATING LEVERAGE",
      "detail": "Rev growth +2.6% vs OpEx growth +1.6% (leverage: 1.6x)",
      "severity": "MEDIUM"
    },
    {
      "quarter": "2025-04 (Q2)",
      "signal": "YoY REVENUE GROWTH ACCELERATION",
      "detail": "YoY growth: +7.0% vs prior quarter YoY: -4.2% (accel: +11.2%)",
      "severity": "MEDIUM"
    },
    {
      "quarter": "2025-01 (Q1)",
      "signal": "OPERATING LEVERAGE",
      "detail": "Rev growth +6.7% vs OpEx growth +2.0% (leverage: 3.4x)",
      "severity": "MEDIUM"
    },
    {
      "quarter": "2024-07 (Q3)",
      "signal": "YoY REVENUE GROWTH ACCELERATION",
      "detail": "YoY growth: -9.1% vs prior quarter YoY: -14.8% (accel: +5.7%)",
      "severity": "MEDIUM"
    },
    {
      "quarter": "2023-07 (Q3)",
      "signal": "INCREMENTAL MARGIN (YoY)",
      "detail": "YoY Incr OPM: +1104.1% vs year-ago OPM: +99.9%",
      "severity": "HIGH"
    },
    {
      "quarter": "2023-04 (Q2)",
      "signal": "INCREMENTAL MARGIN (YoY)",
      "detail": "YoY Incr OPM: +27.3% vs year-ago OPM: +2.5%",
      "severity": "HIGH"
    },
    {
      "quarter": "2023-01 (Q1)",
      "signal": "YoY REVENUE GROWTH DECELERATION",
      "detail": "YoY growth: -3.8% vs prior quarter YoY: +5.3% (decel: -9.1%)",
      "severity": "WARNING"
    },
    {
      "quarter": "2023-01 (Q1)",
      "signal": "INCREMENTAL MARGIN (YoY)",
      "detail": "YoY Incr OPM: +13.6% vs year-ago OPM: +2.6%",
      "severity": "MEDIUM"
    },
    {
      "quarter": "2022-07 (Q3)",
      "signal": "YoY REVENUE GROWTH DECELERATION",
      "detail": "YoY growth: +5.3% vs prior quarter YoY: +18.8% (decel: -13.6%)",
      "severity": "WARNING"
    },
    {
      "quarter": "2022-07 (Q3)",
      "signal": "OP MARGIN TURNED POSITIVE (YoY)",
      "detail": "Op margin: -3.2% (year-ago) -> +99.9%",
      "severity": "HIGH"
    },
    {
      "quarter": "2022-04 (Q2)",
      "signal": "OP MARGIN TURNED POSITIVE (YoY)",
      "detail": "Op margin: -4.6% (year-ago) -> +2.5%",
      "severity": "HIGH"
    },
    {
      "quarter": "2022-01 (Q1)",
      "signal": "OPERATING LEVERAGE",
      "detail": "Rev growth +13.4% vs OpEx growth +6.2% (leverage: 2.1x)",
      "severity": "MEDIUM"
    },
    {
      "quarter": "2022-01 (Q1)",
      "signal": "YoY REVENUE GROWTH DECELERATION",
      "detail": "YoY growth: +17.2% vs prior quarter YoY: +35.7% (decel: -18.5%)",
      "severity": "WARNING"
    },
    {
      "quarter": "2022-01 (Q1)",
      "signal": "OP MARGIN TURNED POSITIVE (QoQ)",
      "detail": "Op margin: -3.2% -> +2.6%",
      "severity": "HIGH"
    },
    {
      "quarter": "2021-07 (Q3)",
      "signal": "OPERATING LEVERAGE",
      "detail": "Rev growth +12.0% vs OpEx growth +7.4% (leverage: 1.6x)",
      "severity": "MEDIUM"
    },
    {
      "quarter": "2021-07 (Q3)",
      "signal": "YoY REVENUE GROWTH ACCELERATION",
      "detail": "YoY growth: +35.7% vs prior quarter YoY: +17.4% (accel: +18.3%)",
      "severity": "HIGH"
    },
    {
      "quarter": "2021-01 (Q1)",
      "signal": "YoY REVENUE GROWTH ACCELERATION",
      "detail": "YoY growth: +17.3% vs prior quarter YoY: -2.7% (accel: +20.0%)",
      "severity": "HIGH"
    },
    {
      "quarter": "2020-07 (Q3)",
      "signal": "YoY REVENUE GROWTH DECELERATION",
      "detail": "YoY growth: -2.7% vs prior quarter YoY: +3.8% (decel: -6.5%)",
      "severity": "WARNING"
    }
  ],
  "data_quality": {
    "n_quarters": 20,
    "coverage": {
      "revenue": [
        20,
        20
      ],
      "gross_profit": [
        20,
        20
      ],
      "op_income": [
        18,
        20
      ],
      "fcf": [
        6,
        20
      ]
    },
    "gaps": [
      [
        "2019-07 (Q3)",
        "2020-01 (Q1)",
        196
      ],
      [
        "2020-07 (Q3)",
        "2021-01 (Q1)",
        196
      ],
      [
        "2021-07 (Q3)",
        "2022-01 (Q1)",
        196
      ],
      [
        "2022-07 (Q3)",
        "2023-01 (Q1)",
        196
      ],
      [
        "2023-07 (Q3)",
        "2024-01 (Q1)",
        203
      ],
      [
        "2024-07 (Q3)",
        "2025-01 (Q1)",
        196
      ]
    ],
    "warnings": [
      "fcf: 6/20Q",
      "gap: 1Q missing between 2019-07 (Q3) and 2020-01 (Q1)",
      "gap: 1Q missing between 2020-07 (Q3) and 2021-01 (Q1)",
      "gap: 1Q missing between 2021-07 (Q3) and 2022-01 (Q1)",
      "gap: 1Q missing between 2022-07 (Q3) and 2023-01 (Q1)",
      "gap: 1Q missing between 2023-07 (Q3) and 2024-01 (Q1)",
      "gap: 1Q missing between 2024-07 (Q3) and 2025-01 (Q1)"
    ]
  },
  "market_cap": null,
  "source": "SEC EDGAR",
  "last_updated": "2026-02-02T23:31:33.792367",
  "sector": "Consumer Defensive",
  "industry": "Packaged Foods"
}