{
  "ticker": "BRK-B",
  "name": "BERKSHIRE HATHAWAY INC",
  "quarters": [
    {
      "date": "2020-12-31T00:00:00",
      "quarter_label": "2020-12 (Q4)",
      "revenue": 64381000000,
      "gross_profit": null,
      "operating_income": null,
      "net_income": 35835000000,
      "opex": 58725000000,
      "cogs": null,
      "rd": null,
      "sga": null,
      "fcf": 7050000000,
      "ocf": 10546000000,
      "capex": -3496000000,
      "gross_margin": null,
      "op_margin": null,
      "fcf_margin": 0.10950435687547569
    },
    {
      "date": "2021-03-31T00:00:00",
      "quarter_label": "2021-03 (Q1)",
      "revenue": 64599000000,
      "gross_profit": null,
      "operating_income": null,
      "net_income": 11711000000,
      "opex": 56022000000,
      "cogs": null,
      "rd": null,
      "sga": null,
      "fcf": 6787000000,
      "ocf": 9306000000,
      "capex": -2519000000,
      "gross_margin": null,
      "op_margin": null,
      "fcf_margin": 0.10506354587532314,
      "fcf_margin_change": -0.0044408110001525475
    },
    {
      "date": "2021-06-30T00:00:00",
      "quarter_label": "2021-06 (Q2)",
      "revenue": 69114000000,
      "gross_profit": null,
      "operating_income": null,
      "net_income": 28094000000,
      "opex": 60934000000,
      "cogs": null,
      "rd": null,
      "sga": null,
      "fcf": 7109000000,
      "ocf": 10253000000,
      "capex": -3144000000,
      "gross_margin": null,
      "op_margin": null,
      "fcf_margin": 0.10285904447724051,
      "op_leverage_ratio": 0.7971356100499333,
      "fcf_margin_change": -0.002204501398082634
    },
    {
      "date": "2021-09-30T00:00:00",
      "quarter_label": "2021-09 (Q3)",
      "revenue": 70583000000,
      "gross_profit": null,
      "operating_income": null,
      "net_income": 10344000000,
      "opex": 63397000000,
      "cogs": null,
      "rd": null,
      "sga": null,
      "fcf": 8486000000,
      "ocf": 12067000000,
      "capex": -3581000000,
      "gross_margin": null,
      "op_margin": null,
      "fcf_margin": 0.12022725018772226,
      "op_leverage_ratio": 0.5258368813147081,
      "fcf_margin_change": 0.017368205710481754
    },
    {
      "date": "2021-12-31T00:00:00",
      "quarter_label": "2021-12 (Q4)",
      "revenue": 71798000000,
      "gross_profit": null,
      "operating_income": null,
      "net_income": 39646000000,
      "opex": 63592000000,
      "cogs": null,
      "rd": null,
      "sga": null,
      "fcf": 3769000000,
      "ocf": 7801000000,
      "capex": -4032000000,
      "gross_margin": null,
      "op_margin": null,
      "fcf_margin": 0.05249449845399593,
      "rev_growth_yoy": 0.11520479644615647,
      "op_leverage_ratio": 5.596419490855829,
      "fcf_margin_change": -0.06773275173372634
    },
    {
      "date": "2022-03-31T00:00:00",
      "quarter_label": "2022-03 (Q1)",
      "revenue": 70810000000,
      "gross_profit": null,
      "operating_income": null,
      "net_income": 5460000000,
      "opex": 62396000000,
      "cogs": null,
      "rd": null,
      "sga": null,
      "fcf": 3736000000,
      "ocf": 6826000000,
      "capex": -3090000000,
      "gross_margin": null,
      "op_margin": null,
      "fcf_margin": 0.052760909476062705,
      "rev_growth_yoy": 0.09614699917955387,
      "rev_growth_yoy_accel": -0.019057797266602602,
      "fcf_margin_change": 0.00026641102206677314
    },
    {
      "date": "2022-06-30T00:00:00",
      "quarter_label": "2022-06 (Q2)",
      "revenue": 76180000000,
      "gross_profit": null,
      "operating_income": null,
      "net_income": -43755000000,
      "opex": 64974000000,
      "cogs": null,
      "rd": null,
      "sga": null,
      "fcf": 4788000000,
      "ocf": 8531000000,
      "capex": -3743000000,
      "gross_margin": null,
      "op_margin": null,
      "fcf_margin": 0.0628511420320294,
      "rev_growth_yoy": 0.10223688398877218,
      "rev_growth_yoy_accel": 0.006089884809218307,
      "op_leverage_ratio": 1.835496360467686,
      "fcf_margin_change": 0.0100902325559667
    },
    {
      "date": "2022-09-30T00:00:00",
      "quarter_label": "2022-09 (Q3)",
      "revenue": 76934000000,
      "gross_profit": null,
      "operating_income": null,
      "net_income": -2688000000,
      "opex": 68027000000,
      "cogs": null,
      "rd": null,
      "sga": null,
      "fcf": 7608000000,
      "ocf": 11682000000,
      "capex": -4074000000,
      "gross_margin": null,
      "op_margin": null,
      "fcf_margin": 0.0988899576260171,
      "rev_growth_yoy": 0.0899791734553646,
      "rev_growth_yoy_accel": -0.012257710533407573,
      "fcf_margin_change": 0.036038815593987694
    },
    {
      "date": "2022-12-31T00:00:00",
      "quarter_label": "2022-12 (Q4)",
      "revenue": 78165000000,
      "gross_profit": null,
      "operating_income": null,
      "net_income": 18164000000,
      "opex": 71232000000,
      "cogs": null,
      "rd": null,
      "sga": null,
      "fcf": 5754000000,
      "ocf": 10311000000,
      "capex": -4557000000,
      "gross_margin": null,
      "op_margin": null,
      "fcf_margin": 0.07361350988293994,
      "rev_growth_yoy": 0.08867935039973258,
      "rev_growth_yoy_accel": -0.0012998230556320184,
      "op_leverage_ratio": 0.3396198179796066,
      "fcf_margin_change": -0.025276447743077163
    },
    {
      "date": "2023-03-31T00:00:00",
      "quarter_label": "2023-03 (Q1)",
      "revenue": 85393000000,
      "gross_profit": null,
      "operating_income": null,
      "net_income": 35504000000,
      "opex": 76087000000,
      "cogs": null,
      "rd": null,
      "sga": null,
      "fcf": 4980000000,
      "ocf": 8693000000,
      "capex": -3713000000,
      "gross_margin": null,
      "op_margin": null,
      "fcf_margin": 0.05831859754312414,
      "rev_growth_yoy": 0.20594548792543427,
      "rev_growth_yoy_accel": 0.11726613752570168,
      "op_leverage_ratio": 1.3567246502437507,
      "fcf_margin_change": -0.015294912339815794
    },
    {
      "date": "2023-06-30T00:00:00",
      "quarter_label": "2023-06 (Q2)",
      "revenue": 92503000000,
      "gross_profit": null,
      "operating_income": null,
      "net_income": 35912000000,
      "opex": 80640000000,
      "cogs": null,
      "rd": null,
      "sga": null,
      "fcf": 7749000000,
      "ocf": 12434000000,
      "capex": -4685000000,
      "gross_margin": null,
      "op_margin": null,
      "fcf_margin": 0.08377025609980217,
      "rev_growth_yoy": 0.2142688369650827,
      "rev_growth_yoy_accel": 0.008323349039648431,
      "op_leverage_ratio": 1.391426082246174,
      "fcf_margin_change": 0.025451658556678025
    },
    {
      "date": "2023-09-30T00:00:00",
      "quarter_label": "2023-09 (Q3)",
      "revenue": 93210000000,
      "gross_profit": null,
      "operating_income": null,
      "net_income": -12767000000,
      "opex": 80653000000,
      "cogs": null,
      "rd": null,
      "sga": null,
      "fcf": 8366000000,
      "ocf": 13669000000,
      "capex": -5303000000,
      "gross_margin": null,
      "op_margin": null,
      "fcf_margin": 0.08975431820620106,
      "rev_growth_yoy": 0.21155795876985467,
      "rev_growth_yoy_accel": -0.002710878195228028,
      "fcf_margin_change": 0.005984062106398888
    },
    {
      "date": "2023-12-31T00:00:00",
      "quarter_label": "2023-12 (Q4)",
      "revenue": 93376000000,
      "gross_profit": null,
      "operating_income": null,
      "net_income": 37574000000,
      "opex": 83764000000,
      "cogs": null,
      "rd": null,
      "sga": null,
      "fcf": 8692000000,
      "ocf": 14400000000,
      "capex": -5708000000,
      "gross_margin": null,
      "op_margin": null,
      "fcf_margin": 0.09308601782042494,
      "rev_growth_yoy": 0.1946011642039276,
      "rev_growth_yoy_accel": -0.01695679456592708,
      "fcf_margin_change": 0.0033316996142238875
    },
    {
      "date": "2024-03-31T00:00:00",
      "quarter_label": "2024-03 (Q1)",
      "revenue": 89869000000,
      "gross_profit": null,
      "operating_income": null,
      "net_income": 12702000000,
      "opex": 76532000000,
      "cogs": null,
      "rd": null,
      "sga": null,
      "fcf": 6173000000,
      "ocf": 10566000000,
      "capex": -4393000000,
      "gross_margin": null,
      "op_margin": null,
      "fcf_margin": 0.06868886935428234,
      "rev_growth_yoy": 0.05241647441827785,
      "rev_growth_yoy_accel": -0.14218468978564974,
      "fcf_margin_change": -0.024397148466142604
    },
    {
      "date": "2024-06-30T00:00:00",
      "quarter_label": "2024-06 (Q2)",
      "revenue": 93653000000,
      "gross_profit": null,
      "operating_income": null,
      "net_income": 30348000000,
      "opex": 79625000000,
      "cogs": null,
      "rd": null,
      "sga": null,
      "fcf": 9067000000,
      "ocf": 13602000000,
      "capex": -4535000000,
      "gross_margin": null,
      "op_margin": null,
      "fcf_margin": 0.09681483775212753,
      "rev_growth_yoy": 0.012432029231484384,
      "rev_growth_yoy_accel": -0.03998444518679346,
      "op_leverage_ratio": 1.0418479976190655,
      "fcf_margin_change": 0.02812596839784519
    },
    {
      "date": "2024-09-30T00:00:00",
      "quarter_label": "2024-09 (Q3)",
      "revenue": 92995000000,
      "gross_profit": null,
      "operating_income": null,
      "net_income": 26251000000,
      "opex": 81223000000,
      "cogs": null,
      "rd": null,
      "sga": null,
      "fcf": -2898000000,
      "ocf": 1803000000,
      "capex": -4701000000,
      "gross_margin": null,
      "op_margin": null,
      "fcf_margin": -0.03116296575084682,
      "rev_growth_yoy": -0.002306619461431177,
      "rev_growth_yoy_accel": -0.014738648692915562,
      "fcf_margin_change": -0.12797780350297436
    },
    {
      "date": "2024-12-31T00:00:00",
      "quarter_label": "2024-12 (Q4)",
      "revenue": 94916000000,
      "gross_profit": null,
      "operating_income": null,
      "net_income": 19694000000,
      "opex": 78317000000,
      "cogs": null,
      "rd": null,
      "sga": null,
      "fcf": -726000000,
      "ocf": 4621000000,
      "capex": -5347000000,
      "gross_margin": null,
      "op_margin": null,
      "fcf_margin": -0.0076488684731762825,
      "rev_growth_yoy": 0.016492460589444827,
      "rev_growth_yoy_accel": 0.018799080050876004,
      "op_leverage_ratio": Infinity,
      "fcf_margin_change": 0.023514097277670537
    },
    {
      "date": "2025-03-31T00:00:00",
      "quarter_label": "2025-03 (Q1)",
      "revenue": 89725000000,
      "gross_profit": null,
      "operating_income": null,
      "net_income": 4603000000,
      "opex": 78268000000,
      "cogs": null,
      "rd": null,
      "sga": null,
      "fcf": 6622000000,
      "ocf": 10903000000,
      "capex": -4281000000,
      "gross_margin": null,
      "op_margin": null,
      "fcf_margin": 0.07380328782390638,
      "rev_growth_yoy": -0.0016023322836573235,
      "rev_growth_yoy_accel": -0.01809479287310215,
      "fcf_margin_change": 0.08145215629708266
    },
    {
      "date": "2025-06-30T00:00:00",
      "quarter_label": "2025-06 (Q2)",
      "revenue": 92515000000,
      "gross_profit": null,
      "operating_income": null,
      "net_income": 12370000000,
      "opex": 79384000000,
      "cogs": null,
      "rd": null,
      "sga": null,
      "fcf": 5227000000,
      "ocf": 10085000000,
      "capex": -4858000000,
      "gross_margin": null,
      "op_margin": null,
      "fcf_margin": 0.056498946116845916,
      "rev_growth_yoy": -0.012151239148772596,
      "rev_growth_yoy_accel": -0.010548906865115273,
      "op_leverage_ratio": 2.1807745890220116,
      "fcf_margin_change": -0.017304341707060467
    },
    {
      "date": "2025-09-30T00:00:00",
      "quarter_label": "2025-09 (Q3)",
      "revenue": 94972000000,
      "gross_profit": null,
      "operating_income": null,
      "net_income": 30796000000,
      "opex": 79136000000,
      "cogs": null,
      "rd": null,
      "sga": null,
      "fcf": 8203000000,
      "ocf": 13789000000,
      "capex": -5586000000,
      "gross_margin": null,
      "op_margin": null,
      "fcf_margin": 0.08637282567493577,
      "rev_growth_yoy": 0.02125920748427335,
      "rev_growth_yoy_accel": 0.033410446633045945,
      "op_leverage_ratio": Infinity,
      "fcf_margin_change": 0.029873879558089858
    }
  ],
  "signals": [
    {
      "quarter": "2025-06 (Q2)",
      "signal": "OPERATING LEVERAGE",
      "detail": "Rev growth +3.1% vs OpEx growth +1.4% (leverage: 2.2x)",
      "severity": "MEDIUM"
    },
    {
      "quarter": "2025-03 (Q1)",
      "signal": "FCF TURNED POSITIVE",
      "detail": "FCF margin: -0.8% -> +7.4%",
      "severity": "HIGH"
    },
    {
      "quarter": "2024-03 (Q1)",
      "signal": "YoY REVENUE GROWTH DECELERATION",
      "detail": "YoY growth: +5.2% vs prior quarter YoY: +19.5% (decel: -14.2%)",
      "severity": "WARNING"
    },
    {
      "quarter": "2023-03 (Q1)",
      "signal": "YoY REVENUE GROWTH ACCELERATION",
      "detail": "YoY growth: +20.6% vs prior quarter YoY: +8.9% (accel: +11.7%)",
      "severity": "MEDIUM"
    },
    {
      "quarter": "2022-06 (Q2)",
      "signal": "OPERATING LEVERAGE",
      "detail": "Rev growth +7.6% vs OpEx growth +4.1% (leverage: 1.8x)",
      "severity": "MEDIUM"
    },
    {
      "quarter": "2021-12 (Q4)",
      "signal": "OPERATING LEVERAGE",
      "detail": "Rev growth +1.7% vs OpEx growth +0.3% (leverage: 5.6x)",
      "severity": "MEDIUM"
    }
  ],
  "data_quality": {
    "n_quarters": 20,
    "coverage": {
      "revenue": [
        20,
        20
      ],
      "gross_profit": [
        0,
        20
      ],
      "op_income": [
        0,
        20
      ],
      "fcf": [
        20,
        20
      ]
    },
    "gaps": [],
    "warnings": [
      "gross_profit: no data",
      "op_income: no data"
    ]
  },
  "market_cap": null,
  "source": "SEC EDGAR",
  "last_updated": "2026-02-02T19:46:02.256527"
}