{
  "ticker": "BRNS",
  "name": "BARINTHUS BIOTHERAPEUTICS PLC",
  "quarters": [
    {
      "date": "2020-06-30T00:00:00",
      "quarter_label": "2020-06 (Q2)",
      "revenue": 511000,
      "gross_profit": null,
      "operating_income": null,
      "net_income": null,
      "opex": null,
      "cogs": null,
      "rd": null,
      "sga": null,
      "fcf": null,
      "ocf": null,
      "capex": null,
      "gross_margin": null,
      "op_margin": null,
      "fcf_margin": null
    },
    {
      "date": "2020-09-30T00:00:00",
      "quarter_label": "2020-09 (Q3)",
      "revenue": 3251000,
      "gross_profit": null,
      "operating_income": null,
      "net_income": null,
      "opex": null,
      "cogs": null,
      "rd": null,
      "sga": null,
      "fcf": null,
      "ocf": null,
      "capex": null,
      "gross_margin": null,
      "op_margin": null,
      "fcf_margin": null
    },
    {
      "date": "2020-12-31T00:00:00",
      "quarter_label": "2020-12 (Q4)",
      "revenue": 354000,
      "gross_profit": null,
      "operating_income": -9633000,
      "net_income": -10455000,
      "opex": 9987000,
      "cogs": null,
      "rd": 2566000,
      "sga": null,
      "fcf": -5091000,
      "ocf": -4896000,
      "capex": -195000,
      "gross_margin": null,
      "op_margin": -27.21186440677966,
      "fcf_margin": -14.38135593220339
    },
    {
      "date": "2021-03-31T00:00:00",
      "quarter_label": "2021-03 (Q1)",
      "revenue": 215000,
      "gross_profit": null,
      "operating_income": -6172000,
      "net_income": -15268000,
      "opex": 6387000,
      "cogs": null,
      "rd": 4610000,
      "sga": null,
      "fcf": -8361000,
      "ocf": -7969000,
      "capex": -392000,
      "gross_margin": null,
      "op_margin": -28.706976744186047,
      "fcf_margin": -38.88837209302326,
      "fcf_margin_change": -24.507016160819866
    },
    {
      "date": "2021-06-30T00:00:00",
      "quarter_label": "2021-06 (Q2)",
      "revenue": 35000,
      "gross_profit": null,
      "operating_income": -16845000,
      "net_income": -15927000,
      "opex": 16880000,
      "cogs": null,
      "rd": 4509000,
      "sga": null,
      "fcf": -14826000,
      "ocf": -14624000,
      "capex": -202000,
      "gross_margin": null,
      "op_margin": -481.2857142857143,
      "fcf_margin": -423.6,
      "rev_growth_yoy": -0.9315068493150684,
      "fcf_margin_change": -384.7116279069768
    },
    {
      "date": "2021-09-30T00:00:00",
      "quarter_label": "2021-09 (Q3)",
      "revenue": 19000,
      "gross_profit": null,
      "operating_income": -5536000,
      "net_income": -4557000,
      "opex": 5555000,
      "cogs": null,
      "rd": 4371000,
      "sga": null,
      "fcf": -2146000,
      "ocf": -2018000,
      "capex": -128000,
      "gross_margin": null,
      "op_margin": -291.36842105263156,
      "fcf_margin": -112.94736842105263,
      "rev_growth_yoy": -0.9941556444171025,
      "rev_growth_yoy_accel": -0.06264879510203403,
      "fcf_margin_change": 310.6526315789474
    },
    {
      "date": "2021-12-31T00:00:00",
      "quarter_label": "2021-12 (Q4)",
      "revenue": -1000,
      "gross_profit": null,
      "operating_income": -16668000,
      "net_income": -15113000,
      "opex": 16667000,
      "cogs": null,
      "rd": 6881000,
      "sga": null,
      "fcf": -8396000,
      "ocf": -7972000,
      "capex": -424000,
      "gross_margin": null,
      "op_margin": 16668.0,
      "fcf_margin": 8396.0,
      "rev_growth_yoy": -1.002824858757062,
      "rev_growth_yoy_accel": -0.008669214339959597,
      "fcf_margin_change": 8508.947368421053
    },
    {
      "date": "2022-03-31T00:00:00",
      "quarter_label": "2022-03 (Q1)",
      "revenue": 15018000,
      "gross_profit": null,
      "operating_income": 654000,
      "net_income": 2596000,
      "opex": 14364000,
      "cogs": null,
      "rd": 10701000,
      "sga": null,
      "fcf": -7671000,
      "ocf": -6579000,
      "capex": -1092000,
      "gross_margin": null,
      "op_margin": 0.043547742708749504,
      "fcf_margin": -0.51078705553336,
      "incr_op_margin_yoy": 0.4611227453894481,
      "rev_growth_yoy": 68.85116279069767,
      "rev_growth_yoy_accel": 69.85398764945474,
      "fcf_margin_change": -8396.510787055533
    },
    {
      "date": "2022-06-30T00:00:00",
      "quarter_label": "2022-06 (Q2)",
      "revenue": 17063000,
      "gross_profit": null,
      "operating_income": 13788000,
      "net_income": 15693000,
      "opex": 3275000,
      "cogs": null,
      "rd": 9720000,
      "sga": null,
      "fcf": -10447000,
      "ocf": -8393000,
      "capex": -2054000,
      "gross_margin": null,
      "op_margin": 0.808064232549962,
      "fcf_margin": -0.61226044658032,
      "incr_op_margin_yoy": 1.7989781536293163,
      "rev_growth_yoy": 486.51428571428573,
      "rev_growth_yoy_accel": 417.66312292358805,
      "op_leverage_ratio": Infinity,
      "fcf_margin_change": -0.10147339104695996
    },
    {
      "date": "2022-09-30T00:00:00",
      "quarter_label": "2022-09 (Q3)",
      "revenue": 6165000,
      "gross_profit": null,
      "operating_income": 7553000,
      "net_income": 8242000,
      "opex": -1388000,
      "cogs": null,
      "rd": 9744000,
      "sga": null,
      "fcf": 9478000,
      "ocf": 11884000,
      "capex": -2406000,
      "gross_margin": null,
      "op_margin": 1.2251419302514193,
      "fcf_margin": 1.537388483373885,
      "incr_op_margin_yoy": 2.1296778392450375,
      "rev_growth_yoy": 323.4736842105263,
      "rev_growth_yoy_accel": -163.04060150375943,
      "fcf_margin_change": 2.1496489299542048
    },
    {
      "date": "2022-12-31T00:00:00",
      "quarter_label": "2022-12 (Q4)",
      "revenue": 6457000,
      "gross_profit": null,
      "operating_income": -26036000,
      "net_income": -21189000,
      "opex": 32493000,
      "cogs": null,
      "rd": 12185000,
      "sga": null,
      "fcf": -11929000,
      "ocf": -11343000,
      "capex": -586000,
      "gross_margin": null,
      "op_margin": -4.03221310205978,
      "fcf_margin": -1.8474523772649838,
      "incr_op_margin_yoy": -1.4506039021368844,
      "op_leverage_ratio": Infinity,
      "fcf_margin_change": -3.3848408606388687
    },
    {
      "date": "2023-03-31T00:00:00",
      "quarter_label": "2023-03 (Q1)",
      "revenue": 468000,
      "gross_profit": null,
      "operating_income": -21484000,
      "net_income": -18180000,
      "opex": 21952000,
      "cogs": null,
      "rd": 9814000,
      "sga": null,
      "fcf": -5681000,
      "ocf": -3174000,
      "capex": -2507000,
      "gross_margin": null,
      "op_margin": -45.9059829059829,
      "fcf_margin": -12.13888888888889,
      "incr_op_margin_yoy": 1.521512027491409,
      "rev_growth_yoy": -0.968837395125849,
      "fcf_margin_change": -10.291436511623905
    },
    {
      "date": "2023-06-30T00:00:00",
      "quarter_label": "2023-06 (Q2)",
      "revenue": 334000,
      "gross_profit": null,
      "operating_income": -26337000,
      "net_income": -23802000,
      "opex": 26671000,
      "cogs": null,
      "rd": 13543000,
      "sga": null,
      "fcf": -19980000,
      "ocf": -16957000,
      "capex": -3023000,
      "gross_margin": null,
      "op_margin": -78.85329341317366,
      "fcf_margin": -59.82035928143713,
      "incr_op_margin_yoy": 2.3985294996712296,
      "rev_growth_yoy": -0.9804254820371564,
      "rev_growth_yoy_accel": -0.011588086911307416,
      "fcf_margin_change": -47.681470392548235
    },
    {
      "date": "2023-09-30T00:00:00",
      "quarter_label": "2023-09 (Q3)",
      "revenue": 0,
      "gross_profit": null,
      "operating_income": -16105000,
      "net_income": -14072000,
      "opex": 16105000,
      "cogs": null,
      "rd": 15144000,
      "sga": null,
      "fcf": -11227000,
      "ocf": -11191000,
      "capex": -36000,
      "gross_margin": null,
      "op_margin": null,
      "fcf_margin": null,
      "incr_op_margin_yoy": 3.837469586374696,
      "rev_growth_yoy": -1.0,
      "rev_growth_yoy_accel": -0.019574517962843596
    },
    {
      "date": "2023-12-31T00:00:00",
      "quarter_label": "2023-12 (Q4)",
      "revenue": 0,
      "gross_profit": null,
      "operating_income": -19988000,
      "net_income": -17293000,
      "opex": 19988000,
      "cogs": null,
      "rd": 6373000,
      "sga": null,
      "fcf": -19450000,
      "ocf": -19603000,
      "capex": 153000,
      "gross_margin": null,
      "op_margin": null,
      "fcf_margin": null,
      "incr_op_margin_yoy": -0.9366578906612978,
      "rev_growth_yoy": -1.0,
      "rev_growth_yoy_accel": 0.0
    },
    {
      "date": "2024-03-31T00:00:00",
      "quarter_label": "2024-03 (Q1)",
      "revenue": 0,
      "gross_profit": null,
      "operating_income": -16914000,
      "net_income": -15489000,
      "opex": 17119000,
      "cogs": null,
      "rd": 11125000,
      "sga": null,
      "fcf": -12130000,
      "ocf": -11822000,
      "capex": -308000,
      "gross_margin": null,
      "op_margin": null,
      "fcf_margin": null,
      "rev_growth_yoy": -1.0,
      "rev_growth_yoy_accel": 0.0
    },
    {
      "date": "2024-06-30T00:00:00",
      "quarter_label": "2024-06 (Q2)",
      "revenue": 0,
      "gross_profit": null,
      "operating_income": -18286000,
      "net_income": -16931000,
      "opex": 18863000,
      "cogs": null,
      "rd": 11662000,
      "sga": null,
      "fcf": -12198000,
      "ocf": -12006000,
      "capex": -192000,
      "gross_margin": null,
      "op_margin": null,
      "fcf_margin": null,
      "rev_growth_yoy": -1.0,
      "rev_growth_yoy_accel": 0.0
    },
    {
      "date": "2024-09-30T00:00:00",
      "quarter_label": "2024-09 (Q3)",
      "revenue": 14969000,
      "gross_profit": null,
      "operating_income": -9380000,
      "net_income": -8114000,
      "opex": 24559000,
      "cogs": null,
      "rd": 11139000,
      "sga": null,
      "fcf": -18312000,
      "ocf": -18198000,
      "capex": -114000,
      "gross_margin": null,
      "op_margin": -0.6266283652882624,
      "fcf_margin": -1.223328211637384,
      "incr_op_margin_yoy": 0.44926180773598773
    },
    {
      "date": "2024-12-31T00:00:00",
      "quarter_label": "2024-12 (Q4)",
      "revenue": 0,
      "gross_profit": null,
      "operating_income": -23390000,
      "net_income": -20540000,
      "opex": 23574000,
      "cogs": null,
      "rd": 8310000,
      "sga": null,
      "fcf": 12808000,
      "ocf": 13086000,
      "capex": -278000,
      "gross_margin": null,
      "op_margin": null,
      "fcf_margin": null
    },
    {
      "date": "2025-09-30T00:00:00",
      "quarter_label": "2025-09 (Q3)",
      "revenue": 0,
      "gross_profit": null,
      "operating_income": -15066000,
      "net_income": -14566000,
      "opex": 15222000,
      "cogs": null,
      "rd": 5390000,
      "sga": null,
      "fcf": -10726000,
      "ocf": -10726000,
      "capex": null,
      "gross_margin": null,
      "op_margin": null,
      "fcf_margin": null,
      "incr_op_margin_yoy": 0.3798516934998998,
      "rev_growth_yoy": -1.0
    }
  ],
  "signals": [
    {
      "quarter": "2022-09 (Q3)",
      "signal": "FCF TURNED POSITIVE",
      "detail": "FCF margin: -61.2% -> +153.7%",
      "severity": "HIGH"
    },
    {
      "quarter": "2022-09 (Q3)",
      "signal": "YoY REVENUE GROWTH DECELERATION",
      "detail": "YoY growth: +32347.4% vs prior quarter YoY: +48651.4% (decel: -16304.1%)",
      "severity": "WARNING"
    },
    {
      "quarter": "2022-09 (Q3)",
      "signal": "OP MARGIN TURNED POSITIVE (YoY)",
      "detail": "Op margin: -29136.8% (year-ago) -> +122.5%",
      "severity": "HIGH"
    },
    {
      "quarter": "2022-06 (Q2)",
      "signal": "YoY REVENUE GROWTH ACCELERATION",
      "detail": "YoY growth: +48651.4% vs prior quarter YoY: +6885.1% (accel: +41766.3%)",
      "severity": "HIGH"
    },
    {
      "quarter": "2022-06 (Q2)",
      "signal": "OP MARGIN TURNED POSITIVE (YoY)",
      "detail": "Op margin: -48128.6% (year-ago) -> +80.8%",
      "severity": "HIGH"
    },
    {
      "quarter": "2022-03 (Q1)",
      "signal": "YoY REVENUE GROWTH ACCELERATION",
      "detail": "YoY growth: +6885.1% vs prior quarter YoY: -100.3% (accel: +6985.4%)",
      "severity": "HIGH"
    },
    {
      "quarter": "2022-03 (Q1)",
      "signal": "OP MARGIN TURNED POSITIVE (YoY)",
      "detail": "Op margin: -2870.7% (year-ago) -> +4.4%",
      "severity": "HIGH"
    },
    {
      "quarter": "2021-12 (Q4)",
      "signal": "FCF TURNED POSITIVE",
      "detail": "FCF margin: -11294.7% -> +839600.0%",
      "severity": "HIGH"
    },
    {
      "quarter": "2021-12 (Q4)",
      "signal": "OP MARGIN TURNED POSITIVE (YoY)",
      "detail": "Op margin: -2721.2% (year-ago) -> +1666800.0%",
      "severity": "HIGH"
    },
    {
      "quarter": "2021-12 (Q4)",
      "signal": "OP MARGIN TURNED POSITIVE (QoQ)",
      "detail": "Op margin: -29136.8% -> +1666800.0%",
      "severity": "HIGH"
    },
    {
      "quarter": "2021-09 (Q3)",
      "signal": "FCF MARGIN EXPANSION",
      "detail": "FCF margin: -42360.0% -> -11294.7% (+31065.3%)",
      "severity": "MEDIUM"
    },
    {
      "quarter": "2021-09 (Q3)",
      "signal": "YoY REVENUE GROWTH DECELERATION",
      "detail": "YoY growth: -99.4% vs prior quarter YoY: -93.2% (decel: -6.3%)",
      "severity": "WARNING"
    }
  ],
  "data_quality": {
    "n_quarters": 20,
    "coverage": {
      "revenue": [
        20,
        20
      ],
      "gross_profit": [
        0,
        20
      ],
      "op_income": [
        18,
        20
      ],
      "fcf": [
        18,
        20
      ]
    },
    "gaps": [
      [
        "2024-12 (Q4)",
        "2025-09 (Q3)",
        273
      ]
    ],
    "warnings": [
      "gross_profit: no data",
      "gap: 2Q missing between 2024-12 (Q4) and 2025-09 (Q3)"
    ]
  },
  "market_cap": null,
  "source": "SEC EDGAR",
  "last_updated": "2026-02-02T23:51:39.088753",
  "sector": "Healthcare",
  "industry": "Biotechnology"
}