{
  "ticker": "BRO",
  "name": "BROWN & BROWN, INC.",
  "quarters": [
    {
      "date": "2020-12-31T00:00:00",
      "quarter_label": "2020-12 (Q4)",
      "revenue": 642111000,
      "gross_profit": null,
      "operating_income": null,
      "net_income": 97320000,
      "opex": 511195000,
      "cogs": null,
      "rd": null,
      "sga": null,
      "fcf": 158532000,
      "ocf": 173412000,
      "capex": -14880000,
      "gross_margin": null,
      "op_margin": null,
      "fcf_margin": 0.24689189252325533
    },
    {
      "date": "2021-03-31T00:00:00",
      "quarter_label": "2021-03 (Q1)",
      "revenue": 815276000,
      "gross_profit": null,
      "operating_income": null,
      "net_income": 199744000,
      "opex": 576069000,
      "cogs": null,
      "rd": null,
      "sga": null,
      "fcf": 126600000,
      "ocf": 138000000,
      "capex": -11400000,
      "gross_margin": null,
      "op_margin": null,
      "fcf_margin": 0.15528483605551985,
      "op_leverage_ratio": 2.12503422099278,
      "fcf_margin_change": -0.09160705646773548
    },
    {
      "date": "2021-06-30T00:00:00",
      "quarter_label": "2021-06 (Q2)",
      "revenue": 727352000,
      "gross_profit": null,
      "operating_income": null,
      "net_income": 139290000,
      "opex": 541043000,
      "cogs": null,
      "rd": null,
      "sga": null,
      "fcf": 228200000,
      "ocf": 241900000,
      "capex": -13700000,
      "gross_margin": null,
      "op_margin": null,
      "fcf_margin": 0.31374080225255446,
      "fcf_margin_change": 0.15845596619703461
    },
    {
      "date": "2021-09-30T00:00:00",
      "quarter_label": "2021-09 (Q3)",
      "revenue": 770305000,
      "gross_profit": null,
      "operating_income": null,
      "net_income": 146354000,
      "opex": 573816000,
      "cogs": null,
      "rd": null,
      "sga": null,
      "fcf": 238400000,
      "ocf": 247900000,
      "capex": -9500000,
      "gross_margin": null,
      "op_margin": null,
      "fcf_margin": 0.3094878002868994,
      "op_leverage_ratio": 0.9749098295139947,
      "fcf_margin_change": -0.00425300196565509
    },
    {
      "date": "2021-12-31T00:00:00",
      "quarter_label": "2021-12 (Q4)",
      "revenue": 738465000,
      "gross_profit": null,
      "operating_income": null,
      "net_income": 101717000,
      "opex": 597646000,
      "cogs": null,
      "rd": null,
      "sga": null,
      "fcf": 170600000,
      "ocf": 181000000,
      "capex": -10400000,
      "gross_margin": null,
      "op_margin": null,
      "fcf_margin": 0.2310197504282532,
      "rev_growth_yoy": 0.15005816751309353,
      "fcf_margin_change": -0.07846804985864617
    },
    {
      "date": "2022-03-31T00:00:00",
      "quarter_label": "2022-03 (Q1)",
      "revenue": 904700000,
      "gross_profit": null,
      "operating_income": null,
      "net_income": 220300000,
      "opex": 639700000,
      "cogs": null,
      "rd": null,
      "sga": null,
      "fcf": 93600000,
      "ocf": 103600000,
      "capex": -10000000,
      "gross_margin": null,
      "op_margin": null,
      "fcf_margin": 0.10345971040123798,
      "rev_growth_yoy": 0.10968555433987999,
      "rev_growth_yoy_accel": -0.04037261317321354,
      "op_leverage_ratio": 3.19911062373447,
      "fcf_margin_change": -0.1275600400270152
    },
    {
      "date": "2022-06-30T00:00:00",
      "quarter_label": "2022-06 (Q2)",
      "revenue": 839700000,
      "gross_profit": null,
      "operating_income": null,
      "net_income": 145200000,
      "opex": 640900000,
      "cogs": null,
      "rd": null,
      "sga": null,
      "fcf": 234300000,
      "ocf": 242600000,
      "capex": -8300000,
      "gross_margin": null,
      "op_margin": null,
      "fcf_margin": 0.27902822436584496,
      "rev_growth_yoy": 0.15446166367865902,
      "rev_growth_yoy_accel": 0.04477610933877903,
      "fcf_margin_change": 0.175568513964607
    },
    {
      "date": "2022-09-30T00:00:00",
      "quarter_label": "2022-09 (Q3)",
      "revenue": 927600000,
      "gross_profit": null,
      "operating_income": null,
      "net_income": 161100000,
      "opex": 709600000,
      "cogs": null,
      "rd": null,
      "sga": null,
      "fcf": 239500000,
      "ocf": 253600000,
      "capex": -14100000,
      "gross_margin": null,
      "op_margin": null,
      "fcf_margin": 0.2581931867184131,
      "rev_growth_yoy": 0.2041983370223483,
      "rev_growth_yoy_accel": 0.04973667334368928,
      "op_leverage_ratio": 0.9765584818449925,
      "fcf_margin_change": -0.02083503764743183
    },
    {
      "date": "2022-12-31T00:00:00",
      "quarter_label": "2022-12 (Q4)",
      "revenue": 901400000,
      "gross_profit": null,
      "operating_income": null,
      "net_income": 145200000,
      "opex": 707100000,
      "cogs": null,
      "rd": null,
      "sga": null,
      "fcf": 261600000,
      "ocf": 281200000,
      "capex": -19600000,
      "gross_margin": null,
      "op_margin": null,
      "fcf_margin": 0.2902152207676947,
      "rev_growth_yoy": 0.2206401115828103,
      "rev_growth_yoy_accel": 0.016441774560462002,
      "fcf_margin_change": 0.032022034049281556
    },
    {
      "date": "2023-03-31T00:00:00",
      "quarter_label": "2023-03 (Q1)",
      "revenue": 1116000000,
      "gross_profit": null,
      "operating_income": null,
      "net_income": 235500000,
      "opex": 821800000,
      "cogs": null,
      "rd": null,
      "sga": null,
      "fcf": 48000000,
      "ocf": 60000000,
      "capex": -12000000,
      "gross_margin": null,
      "op_margin": null,
      "fcf_margin": 0.043010752688172046,
      "rev_growth_yoy": 0.23355808555322205,
      "rev_growth_yoy_accel": 0.01291797397041175,
      "op_leverage_ratio": 1.4676739408948087,
      "fcf_margin_change": -0.24720446807952262
    },
    {
      "date": "2023-06-30T00:00:00",
      "quarter_label": "2023-06 (Q2)",
      "revenue": 1047300000,
      "gross_profit": null,
      "operating_income": null,
      "net_income": 190400000,
      "opex": 792900000,
      "cogs": null,
      "rd": null,
      "sga": null,
      "fcf": 314700000,
      "ocf": 328000000,
      "capex": -13300000,
      "gross_margin": null,
      "op_margin": null,
      "fcf_margin": 0.30048696648524775,
      "rev_growth_yoy": 0.24723115398356557,
      "rev_growth_yoy_accel": 0.013673068430343521,
      "fcf_margin_change": 0.2574762137970757
    },
    {
      "date": "2023-09-30T00:00:00",
      "quarter_label": "2023-09 (Q3)",
      "revenue": 1067700000,
      "gross_profit": null,
      "operating_income": null,
      "net_income": 175900000,
      "opex": 825400000,
      "cogs": null,
      "rd": null,
      "sga": null,
      "fcf": 302200000,
      "ocf": 316000000,
      "capex": -13800000,
      "gross_margin": null,
      "op_margin": null,
      "fcf_margin": 0.28303830664044205,
      "rev_growth_yoy": 0.15103492884864167,
      "rev_growth_yoy_accel": -0.0961962251349239,
      "op_leverage_ratio": 0.4752193552651874,
      "fcf_margin_change": -0.017448659844805703
    },
    {
      "date": "2023-12-31T00:00:00",
      "quarter_label": "2023-12 (Q4)",
      "revenue": 1026200000,
      "gross_profit": null,
      "operating_income": null,
      "net_income": 268700000,
      "opex": 671100000,
      "cogs": null,
      "rd": null,
      "sga": null,
      "fcf": 275000000,
      "ocf": 306000000,
      "capex": -31000000,
      "gross_margin": null,
      "op_margin": null,
      "fcf_margin": 0.26797895147144807,
      "rev_growth_yoy": 0.13845129798091857,
      "rev_growth_yoy_accel": -0.0125836308677231,
      "fcf_margin_change": -0.015059355168993982
    },
    {
      "date": "2024-03-31T00:00:00",
      "quarter_label": "2024-03 (Q1)",
      "revenue": 1258000000,
      "gross_profit": null,
      "operating_income": null,
      "net_income": 293000000,
      "opex": 894000000,
      "cogs": null,
      "rd": null,
      "sga": null,
      "fcf": 0,
      "ocf": 13000000,
      "capex": -13000000,
      "gross_margin": null,
      "op_margin": null,
      "fcf_margin": 0.0,
      "rev_growth_yoy": 0.12724014336917563,
      "rev_growth_yoy_accel": -0.011211154611742935,
      "op_leverage_ratio": 0.6800777896369493,
      "fcf_margin_change": -0.26797895147144807
    },
    {
      "date": "2024-06-30T00:00:00",
      "quarter_label": "2024-06 (Q2)",
      "revenue": 1178000000,
      "gross_profit": null,
      "operating_income": null,
      "net_income": 257000000,
      "opex": 832000000,
      "cogs": null,
      "rd": null,
      "sga": null,
      "fcf": 334000000,
      "ocf": 360000000,
      "capex": -26000000,
      "gross_margin": null,
      "op_margin": null,
      "fcf_margin": 0.2835314091680815,
      "rev_growth_yoy": 0.12479709729781342,
      "rev_growth_yoy_accel": -0.002443046071362212,
      "fcf_margin_change": 0.2835314091680815
    },
    {
      "date": "2024-09-30T00:00:00",
      "quarter_label": "2024-09 (Q3)",
      "revenue": 1186000000,
      "gross_profit": null,
      "operating_income": null,
      "net_income": 234000000,
      "opex": 869000000,
      "cogs": null,
      "rd": null,
      "sga": null,
      "fcf": 417000000,
      "ocf": 440000000,
      "capex": -23000000,
      "gross_margin": null,
      "op_margin": null,
      "fcf_margin": 0.35160202360876897,
      "rev_growth_yoy": 0.11079891355249602,
      "rev_growth_yoy_accel": -0.013998183745317402,
      "fcf_margin_change": 0.06807061444068746
    },
    {
      "date": "2024-12-31T00:00:00",
      "quarter_label": "2024-12 (Q4)",
      "revenue": 1183000000,
      "gross_profit": null,
      "operating_income": null,
      "net_income": 210000000,
      "opex": null,
      "cogs": null,
      "rd": null,
      "sga": null,
      "fcf": 341000000,
      "ocf": 361000000,
      "capex": -20000000,
      "gross_margin": null,
      "op_margin": null,
      "fcf_margin": 0.2882502113271344,
      "rev_growth_yoy": 0.15279672578444747,
      "rev_growth_yoy_accel": 0.041997812231951454,
      "fcf_margin_change": -0.06335181228163456
    },
    {
      "date": "2025-03-31T00:00:00",
      "quarter_label": "2025-03 (Q1)",
      "revenue": 1404000000,
      "gross_profit": null,
      "operating_income": null,
      "net_income": 331000000,
      "opex": null,
      "cogs": null,
      "rd": null,
      "sga": null,
      "fcf": 196000000,
      "ocf": 213000000,
      "capex": -17000000,
      "gross_margin": null,
      "op_margin": null,
      "fcf_margin": 0.1396011396011396,
      "rev_growth_yoy": 0.11605723370429252,
      "rev_growth_yoy_accel": -0.03673949208015495,
      "fcf_margin_change": -0.1486490717259948
    },
    {
      "date": "2025-06-30T00:00:00",
      "quarter_label": "2025-06 (Q2)",
      "revenue": 1285000000,
      "gross_profit": null,
      "operating_income": null,
      "net_income": 231000000,
      "opex": null,
      "cogs": null,
      "rd": null,
      "sga": null,
      "fcf": 310000000,
      "ocf": 325000000,
      "capex": -15000000,
      "gross_margin": null,
      "op_margin": null,
      "fcf_margin": 0.24124513618677043,
      "rev_growth_yoy": 0.09083191850594227,
      "rev_growth_yoy_accel": -0.02522531519835025,
      "fcf_margin_change": 0.10164399658563084
    },
    {
      "date": "2025-09-30T00:00:00",
      "quarter_label": "2025-09 (Q3)",
      "revenue": 1606000000,
      "gross_profit": null,
      "operating_income": null,
      "net_income": 227000000,
      "opex": null,
      "cogs": null,
      "rd": null,
      "sga": null,
      "fcf": 452000000,
      "ocf": 468000000,
      "capex": -16000000,
      "gross_margin": null,
      "op_margin": null,
      "fcf_margin": 0.28144458281444584,
      "rev_growth_yoy": 0.35413153456998314,
      "rev_growth_yoy_accel": 0.26329961606404084,
      "fcf_margin_change": 0.04019944662767541
    }
  ],
  "signals": [
    {
      "quarter": "2025-09 (Q3)",
      "signal": "YoY REVENUE GROWTH ACCELERATION",
      "detail": "YoY growth: +35.4% vs prior quarter YoY: +9.1% (accel: +26.3%)",
      "severity": "HIGH"
    },
    {
      "quarter": "2025-06 (Q2)",
      "signal": "FCF MARGIN EXPANSION",
      "detail": "FCF margin: +14.0% -> +24.1% (+10.2%)",
      "severity": "MEDIUM"
    },
    {
      "quarter": "2024-09 (Q3)",
      "signal": "FCF MARGIN EXPANSION",
      "detail": "FCF margin: +28.4% -> +35.2% (+6.8%)",
      "severity": "MEDIUM"
    },
    {
      "quarter": "2024-06 (Q2)",
      "signal": "FCF MARGIN EXPANSION",
      "detail": "FCF margin: +0.0% -> +28.4% (+28.4%)",
      "severity": "MEDIUM"
    },
    {
      "quarter": "2023-09 (Q3)",
      "signal": "YoY REVENUE GROWTH DECELERATION",
      "detail": "YoY growth: +15.1% vs prior quarter YoY: +24.7% (decel: -9.6%)",
      "severity": "WARNING"
    },
    {
      "quarter": "2023-06 (Q2)",
      "signal": "FCF MARGIN EXPANSION",
      "detail": "FCF margin: +4.3% -> +30.0% (+25.7%)",
      "severity": "MEDIUM"
    },
    {
      "quarter": "2022-06 (Q2)",
      "signal": "FCF MARGIN EXPANSION",
      "detail": "FCF margin: +10.3% -> +27.9% (+17.6%)",
      "severity": "MEDIUM"
    },
    {
      "quarter": "2022-03 (Q1)",
      "signal": "OPERATING LEVERAGE",
      "detail": "Rev growth +22.5% vs OpEx growth +7.0% (leverage: 3.2x)",
      "severity": "MEDIUM"
    },
    {
      "quarter": "2021-06 (Q2)",
      "signal": "FCF MARGIN EXPANSION",
      "detail": "FCF margin: +15.5% -> +31.4% (+15.8%)",
      "severity": "MEDIUM"
    },
    {
      "quarter": "2021-03 (Q1)",
      "signal": "OPERATING LEVERAGE",
      "detail": "Rev growth +27.0% vs OpEx growth +12.7% (leverage: 2.1x)",
      "severity": "MEDIUM"
    }
  ],
  "data_quality": {
    "n_quarters": 20,
    "coverage": {
      "revenue": [
        20,
        20
      ],
      "gross_profit": [
        0,
        20
      ],
      "op_income": [
        0,
        20
      ],
      "fcf": [
        20,
        20
      ]
    },
    "gaps": [],
    "warnings": [
      "gross_profit: no data",
      "op_income: no data"
    ]
  },
  "market_cap": null,
  "source": "SEC EDGAR",
  "last_updated": "2026-02-02T20:12:58.188479",
  "sector": "Financial Services",
  "industry": "Insurance Brokers"
}