{
  "ticker": "BRSP",
  "name": "BrightSpire Capital,\u00a0Inc.",
  "sector": "Real Estate",
  "industry": "REIT - Mortgage",
  "quarters": [
    {
      "date": "2021-03-31T00:00:00",
      "quarter_label": "2021-03 (Q1)",
      "revenue": 77352000,
      "gross_profit": null,
      "operating_income": null,
      "net_income": -92314000,
      "opex": 160820000,
      "cogs": null,
      "rd": null,
      "sga": null,
      "fcf": 1660000,
      "ocf": 1660000,
      "capex": null,
      "gross_margin": null,
      "op_margin": null,
      "fcf_margin": 0.021460337159995863
    },
    {
      "date": "2021-06-30T00:00:00",
      "quarter_label": "2021-06 (Q2)",
      "revenue": 41432000,
      "gross_profit": null,
      "operating_income": null,
      "net_income": -19720000,
      "opex": 42914000,
      "cogs": null,
      "rd": null,
      "sga": null,
      "fcf": -130271000,
      "ocf": -130271000,
      "capex": null,
      "gross_margin": null,
      "op_margin": null,
      "fcf_margin": -3.144212203128017,
      "fcf_margin_change": -3.165672540288013
    },
    {
      "date": "2021-09-30T00:00:00",
      "quarter_label": "2021-09 (Q3)",
      "revenue": -10767000,
      "gross_profit": null,
      "operating_income": null,
      "net_income": -70057000,
      "opex": 37751000,
      "cogs": null,
      "rd": null,
      "sga": null,
      "fcf": 57626000,
      "ocf": 57626000,
      "capex": null,
      "gross_margin": null,
      "op_margin": null,
      "fcf_margin": -5.352094362403641,
      "fcf_margin_change": -2.2078821592756235
    },
    {
      "date": "2021-12-31T00:00:00",
      "quarter_label": "2021-12 (Q4)",
      "revenue": 86290000,
      "gross_profit": null,
      "operating_income": null,
      "net_income": 81045000,
      "opex": 29530000,
      "cogs": null,
      "rd": null,
      "sga": null,
      "fcf": 49715000,
      "ocf": 49715000,
      "capex": null,
      "gross_margin": null,
      "op_margin": null,
      "fcf_margin": 0.5761386023872986,
      "fcf_margin_change": 5.928232964790939
    },
    {
      "date": "2022-03-31T00:00:00",
      "quarter_label": "2022-03 (Q1)",
      "revenue": 78414000,
      "gross_profit": null,
      "operating_income": null,
      "net_income": 27724000,
      "opex": 35706000,
      "cogs": null,
      "rd": null,
      "sga": null,
      "fcf": 32357000,
      "ocf": 32357000,
      "capex": null,
      "gross_margin": null,
      "op_margin": null,
      "fcf_margin": 0.4126431504578264,
      "rev_growth_yoy": 0.013729444616816631,
      "fcf_margin_change": -0.16349545192947224
    },
    {
      "date": "2022-06-30T00:00:00",
      "quarter_label": "2022-06 (Q2)",
      "revenue": 85372000,
      "gross_profit": null,
      "operating_income": null,
      "net_income": 34287000,
      "opex": 44567000,
      "cogs": null,
      "rd": null,
      "sga": null,
      "fcf": 22257000,
      "ocf": 22257000,
      "capex": null,
      "gross_margin": null,
      "op_margin": null,
      "fcf_margin": 0.2607060863046432,
      "rev_growth_yoy": 1.0605329214134003,
      "rev_growth_yoy_accel": 1.0468034767965837,
      "op_leverage_ratio": 0.3575602894359575,
      "fcf_margin_change": -0.1519370641531832
    },
    {
      "date": "2022-09-30T00:00:00",
      "quarter_label": "2022-09 (Q3)",
      "revenue": 97149000,
      "gross_profit": null,
      "operating_income": null,
      "net_income": -20463000,
      "opex": 75033000,
      "cogs": null,
      "rd": null,
      "sga": null,
      "fcf": 34366000,
      "ocf": 34366000,
      "capex": null,
      "gross_margin": null,
      "op_margin": null,
      "fcf_margin": 0.35374527787213456,
      "op_leverage_ratio": 0.20179815088875488,
      "fcf_margin_change": 0.09303919156749135
    },
    {
      "date": "2022-12-31T00:00:00",
      "quarter_label": "2022-12 (Q4)",
      "revenue": 103684000,
      "gross_profit": null,
      "operating_income": null,
      "net_income": 4241000,
      "opex": -154634000,
      "cogs": null,
      "rd": null,
      "sga": null,
      "fcf": 36297000,
      "ocf": 36297000,
      "capex": null,
      "gross_margin": null,
      "op_margin": null,
      "fcf_margin": 0.35007329964121753,
      "rev_growth_yoy": 0.20157608065824545,
      "op_leverage_ratio": null,
      "fcf_margin_change": -0.003671978230917028
    },
    {
      "date": "2023-03-31T00:00:00",
      "quarter_label": "2023-03 (Q1)",
      "revenue": 110278000,
      "gross_profit": null,
      "operating_income": null,
      "net_income": -4127000,
      "opex": 72083000,
      "cogs": null,
      "rd": null,
      "sga": null,
      "fcf": 39673000,
      "ocf": 39673000,
      "capex": null,
      "gross_margin": null,
      "op_margin": null,
      "fcf_margin": 0.3597544387819873,
      "rev_growth_yoy": 0.40635600785574005,
      "rev_growth_yoy_accel": 0.2047799271974946,
      "op_leverage_ratio": null,
      "fcf_margin_change": 0.00968113914076979
    },
    {
      "date": "2023-06-30T00:00:00",
      "quarter_label": "2023-06 (Q2)",
      "revenue": 99314000,
      "gross_profit": null,
      "operating_income": null,
      "net_income": -7486000,
      "opex": 62584000,
      "cogs": null,
      "rd": null,
      "sga": null,
      "fcf": 23080000,
      "ocf": 23080000,
      "capex": null,
      "gross_margin": null,
      "op_margin": null,
      "fcf_margin": 0.2323942243792416,
      "rev_growth_yoy": 0.16330881319402146,
      "rev_growth_yoy_accel": -0.2430471946617186,
      "fcf_margin_change": -0.12736021440274573
    },
    {
      "date": "2023-09-30T00:00:00",
      "quarter_label": "2023-09 (Q3)",
      "revenue": 102732000,
      "gross_profit": null,
      "operating_income": null,
      "net_income": 12389000,
      "opex": 46315000,
      "cogs": null,
      "rd": null,
      "sga": null,
      "fcf": 38464000,
      "ocf": 38464000,
      "capex": null,
      "gross_margin": null,
      "op_margin": null,
      "fcf_margin": 0.3744110890472297,
      "rev_growth_yoy": 0.05746842479078529,
      "rev_growth_yoy_accel": -0.10584038840323617,
      "op_leverage_ratio": null,
      "fcf_margin_change": 0.1420168646679881
    },
    {
      "date": "2023-12-31T00:00:00",
      "quarter_label": "2023-12 (Q4)",
      "revenue": 102759000,
      "gross_profit": null,
      "operating_income": null,
      "net_income": -16324000,
      "opex": 75959000,
      "cogs": null,
      "rd": null,
      "sga": null,
      "fcf": 36407000,
      "ocf": 36407000,
      "capex": null,
      "gross_margin": null,
      "op_margin": null,
      "fcf_margin": 0.35429500092449323,
      "rev_growth_yoy": -0.008921337911346012,
      "rev_growth_yoy_accel": -0.0663897627021313,
      "fcf_margin_change": -0.020116088122736464
    },
    {
      "date": "2024-03-31T00:00:00",
      "quarter_label": "2024-03 (Q1)",
      "revenue": 95767000,
      "gross_profit": null,
      "operating_income": null,
      "net_income": -57103000,
      "opex": 112820000,
      "cogs": null,
      "rd": null,
      "sga": null,
      "fcf": 24577000,
      "ocf": 24577000,
      "capex": null,
      "gross_margin": null,
      "op_margin": null,
      "fcf_margin": 0.25663328704042104,
      "rev_growth_yoy": -0.13158562904659135,
      "rev_growth_yoy_accel": -0.12266429113524534,
      "fcf_margin_change": -0.09766171388407219
    },
    {
      "date": "2024-06-30T00:00:00",
      "quarter_label": "2024-06 (Q2)",
      "revenue": 91417000,
      "gross_profit": null,
      "operating_income": null,
      "net_income": -67860000,
      "opex": 121698000,
      "cogs": null,
      "rd": null,
      "sga": null,
      "fcf": 22850000,
      "ocf": 22850000,
      "capex": null,
      "gross_margin": null,
      "op_margin": null,
      "fcf_margin": 0.2499535097410766,
      "rev_growth_yoy": -0.0795154761665022,
      "rev_growth_yoy_accel": 0.05207015288008915,
      "fcf_margin_change": -0.006679777299344436
    },
    {
      "date": "2024-09-30T00:00:00",
      "quarter_label": "2024-09 (Q3)",
      "revenue": 88151000,
      "gross_profit": null,
      "operating_income": null,
      "net_income": 12729000,
      "opex": 37661000,
      "cogs": null,
      "rd": null,
      "sga": null,
      "fcf": 31274000,
      "ocf": 31274000,
      "capex": null,
      "gross_margin": null,
      "op_margin": null,
      "fcf_margin": 0.35477759753150845,
      "rev_growth_yoy": -0.14193240665031343,
      "rev_growth_yoy_accel": -0.06241693048381122,
      "fcf_margin_change": 0.10482408779043184
    },
    {
      "date": "2024-12-31T00:00:00",
      "quarter_label": "2024-12 (Q4)",
      "revenue": 83469000,
      "gross_profit": null,
      "operating_income": null,
      "net_income": -19742000,
      "opex": 67400000,
      "cogs": null,
      "rd": null,
      "sga": null,
      "fcf": 24704000,
      "ocf": 24704000,
      "capex": null,
      "gross_margin": null,
      "op_margin": null,
      "fcf_margin": 0.2959661670799938,
      "rev_growth_yoy": -0.1877207835810002,
      "rev_growth_yoy_accel": -0.04578837693068677,
      "fcf_margin_change": -0.05881143045151466
    },
    {
      "date": "2025-03-31T00:00:00",
      "quarter_label": "2025-03 (Q1)",
      "revenue": 77562000,
      "gross_profit": null,
      "operating_income": null,
      "net_income": 5342000,
      "opex": 41120000,
      "cogs": null,
      "rd": null,
      "sga": null,
      "fcf": 10501000,
      "ocf": 10501000,
      "capex": null,
      "gross_margin": null,
      "op_margin": null,
      "fcf_margin": 0.13538846342281013,
      "rev_growth_yoy": -0.19009679743544228,
      "rev_growth_yoy_accel": -0.002376013854442083,
      "fcf_margin_change": -0.16057770365718366
    },
    {
      "date": "2025-06-30T00:00:00",
      "quarter_label": "2025-06 (Q2)",
      "revenue": 85924000,
      "gross_profit": null,
      "operating_income": null,
      "net_income": -23118000,
      "opex": 97463000,
      "cogs": null,
      "rd": null,
      "sga": null,
      "fcf": 17426000,
      "ocf": 17426000,
      "capex": null,
      "gross_margin": null,
      "op_margin": null,
      "fcf_margin": 0.2028071318839905,
      "rev_growth_yoy": -0.06008729229793146,
      "rev_growth_yoy_accel": 0.1300095051375108,
      "op_leverage_ratio": 0.07868180288204185,
      "fcf_margin_change": 0.06741866846118036
    },
    {
      "date": "2025-09-30T00:00:00",
      "quarter_label": "2025-09 (Q3)",
      "revenue": 83938000,
      "gross_profit": null,
      "operating_income": null,
      "net_income": 984000,
      "opex": 54545000,
      "cogs": null,
      "rd": null,
      "sga": null,
      "fcf": 29873000,
      "ocf": 29873000,
      "capex": null,
      "gross_margin": null,
      "op_margin": null,
      "fcf_margin": 0.35589363577878913,
      "rev_growth_yoy": -0.0477929915712811,
      "rev_growth_yoy_accel": 0.012294300726650359,
      "fcf_margin_change": 0.15308650389479864
    },
    {
      "date": "2025-12-31T00:00:00",
      "quarter_label": "2025-12 (Q4)",
      "revenue": 83162000,
      "gross_profit": null,
      "operating_income": null,
      "net_income": -14355000,
      "opex": 68199000,
      "cogs": null,
      "rd": null,
      "sga": null,
      "fcf": 15225000,
      "ocf": 15225000,
      "capex": null,
      "gross_margin": null,
      "op_margin": null,
      "fcf_margin": 0.1830764050888627,
      "rev_growth_yoy": -0.0036780121961446765,
      "rev_growth_yoy_accel": 0.04411497937513642,
      "fcf_margin_change": -0.17281723068992644
    }
  ],
  "signals": [
    {
      "quarter": "2025-09 (Q3)",
      "signal": "FCF MARGIN EXPANSION",
      "detail": "FCF margin: +20.3% -> +35.6% (+15.3%)",
      "severity": "MEDIUM"
    },
    {
      "quarter": "2025-06 (Q2)",
      "signal": "FCF MARGIN EXPANSION",
      "detail": "FCF margin: +13.5% -> +20.3% (+6.7%)",
      "severity": "MEDIUM"
    },
    {
      "quarter": "2025-06 (Q2)",
      "signal": "YoY REVENUE GROWTH ACCELERATION",
      "detail": "YoY growth: -6.0% vs prior quarter YoY: -19.0% (accel: +13.0%)",
      "severity": "MEDIUM"
    },
    {
      "quarter": "2024-09 (Q3)",
      "signal": "FCF MARGIN EXPANSION",
      "detail": "FCF margin: +25.0% -> +35.5% (+10.5%)",
      "severity": "MEDIUM"
    },
    {
      "quarter": "2024-09 (Q3)",
      "signal": "YoY REVENUE GROWTH DECELERATION",
      "detail": "YoY growth: -14.2% vs prior quarter YoY: -8.0% (decel: -6.2%)",
      "severity": "WARNING"
    },
    {
      "quarter": "2024-06 (Q2)",
      "signal": "YoY REVENUE GROWTH ACCELERATION",
      "detail": "YoY growth: -8.0% vs prior quarter YoY: -13.2% (accel: +5.2%)",
      "severity": "MEDIUM"
    },
    {
      "quarter": "2024-03 (Q1)",
      "signal": "YoY REVENUE GROWTH DECELERATION",
      "detail": "YoY growth: -13.2% vs prior quarter YoY: -0.9% (decel: -12.3%)",
      "severity": "WARNING"
    },
    {
      "quarter": "2023-12 (Q4)",
      "signal": "YoY REVENUE GROWTH DECELERATION",
      "detail": "YoY growth: -0.9% vs prior quarter YoY: +5.7% (decel: -6.6%)",
      "severity": "WARNING"
    },
    {
      "quarter": "2023-09 (Q3)",
      "signal": "FCF MARGIN EXPANSION",
      "detail": "FCF margin: +23.2% -> +37.4% (+14.2%)",
      "severity": "MEDIUM"
    },
    {
      "quarter": "2023-09 (Q3)",
      "signal": "YoY REVENUE GROWTH DECELERATION",
      "detail": "YoY growth: +5.7% vs prior quarter YoY: +16.3% (decel: -10.6%)",
      "severity": "WARNING"
    },
    {
      "quarter": "2023-06 (Q2)",
      "signal": "YoY REVENUE GROWTH DECELERATION",
      "detail": "YoY growth: +16.3% vs prior quarter YoY: +40.6% (decel: -24.3%)",
      "severity": "WARNING"
    },
    {
      "quarter": "2023-03 (Q1)",
      "signal": "YoY REVENUE GROWTH ACCELERATION",
      "detail": "YoY growth: +40.6% vs prior quarter YoY: +20.2% (accel: +20.5%)",
      "severity": "HIGH"
    },
    {
      "quarter": "2022-09 (Q3)",
      "signal": "FCF MARGIN EXPANSION",
      "detail": "FCF margin: +26.1% -> +35.4% (+9.3%)",
      "severity": "MEDIUM"
    },
    {
      "quarter": "2022-06 (Q2)",
      "signal": "YoY REVENUE GROWTH ACCELERATION",
      "detail": "YoY growth: +106.1% vs prior quarter YoY: +1.4% (accel: +104.7%)",
      "severity": "HIGH"
    },
    {
      "quarter": "2021-12 (Q4)",
      "signal": "FCF TURNED POSITIVE",
      "detail": "FCF margin: -535.2% -> +57.6%",
      "severity": "HIGH"
    }
  ],
  "data_quality": {
    "n_quarters": 20,
    "coverage": {
      "revenue": [
        20,
        20
      ],
      "gross_profit": [
        0,
        20
      ],
      "op_income": [
        0,
        20
      ],
      "fcf": [
        20,
        20
      ]
    },
    "gaps": [],
    "warnings": [
      "gross_profit: no data",
      "op_income: no data"
    ]
  },
  "market_cap": null,
  "source": "SEC EDGAR",
  "last_updated": "2026-02-24T10:26:36.234604"
}