{
  "ticker": "BRST",
  "name": "BROAD STREET REALTY, INC.",
  "quarters": [
    {
      "date": "2020-09-30T00:00:00",
      "quarter_label": "2020-09 (Q3)",
      "revenue": 5232000,
      "gross_profit": null,
      "operating_income": -826000,
      "net_income": -1630000,
      "opex": 6058000,
      "cogs": null,
      "rd": null,
      "sga": null,
      "fcf": -1881000,
      "ocf": -1881000,
      "capex": null,
      "gross_margin": null,
      "op_margin": -0.15787461773700306,
      "fcf_margin": -0.35951834862385323
    },
    {
      "date": "2020-12-31T00:00:00",
      "quarter_label": "2020-12 (Q4)",
      "revenue": 5118000,
      "gross_profit": null,
      "operating_income": -1845000,
      "net_income": -2326000,
      "opex": 6963000,
      "cogs": null,
      "rd": null,
      "sga": null,
      "fcf": 1357000,
      "ocf": 1357000,
      "capex": null,
      "gross_margin": null,
      "op_margin": -0.3604923798358734,
      "fcf_margin": 0.2651426338413443,
      "fcf_margin_change": 0.6246609824651975
    },
    {
      "date": "2021-03-31T00:00:00",
      "quarter_label": "2021-03 (Q1)",
      "revenue": 4918000,
      "gross_profit": null,
      "operating_income": -1629000,
      "net_income": -1677000,
      "opex": 6547000,
      "cogs": null,
      "rd": null,
      "sga": null,
      "fcf": -1946000,
      "ocf": -1946000,
      "capex": null,
      "gross_margin": null,
      "op_margin": -0.33123220821472144,
      "fcf_margin": -0.39568930459536394,
      "fcf_margin_change": -0.6608319384367083
    },
    {
      "date": "2021-06-30T00:00:00",
      "quarter_label": "2021-06 (Q2)",
      "revenue": 5698000,
      "gross_profit": null,
      "operating_income": -1089000,
      "net_income": -2730000,
      "opex": 6787000,
      "cogs": null,
      "rd": null,
      "sga": null,
      "fcf": -1515000,
      "ocf": -1515000,
      "capex": null,
      "gross_margin": null,
      "op_margin": -0.19111969111969113,
      "fcf_margin": -0.2658827658827659,
      "op_leverage_ratio": 4.326504676697844,
      "fcf_margin_change": 0.12980653871259806
    },
    {
      "date": "2021-09-30T00:00:00",
      "quarter_label": "2021-09 (Q3)",
      "revenue": 7007000,
      "gross_profit": null,
      "operating_income": -1152000,
      "net_income": -1820000,
      "opex": 8159000,
      "cogs": null,
      "rd": null,
      "sga": null,
      "fcf": -533000,
      "ocf": -533000,
      "capex": null,
      "gross_margin": null,
      "op_margin": -0.16440702154987868,
      "fcf_margin": -0.07606679035250463,
      "incr_op_margin_yoy": -0.18366197183098593,
      "rev_growth_yoy": 0.33925840978593275,
      "op_leverage_ratio": 1.136425419588685,
      "fcf_margin_change": 0.18981597553026125
    },
    {
      "date": "2021-12-31T00:00:00",
      "quarter_label": "2021-12 (Q4)",
      "revenue": 7726000,
      "gross_profit": null,
      "operating_income": -2194000,
      "net_income": -3281000,
      "opex": 9920000,
      "cogs": null,
      "rd": null,
      "sga": null,
      "fcf": -1592000,
      "ocf": -1592000,
      "capex": null,
      "gross_margin": null,
      "op_margin": -0.2839761843127103,
      "fcf_margin": -0.20605746828889465,
      "incr_op_margin_yoy": -0.13381901840490798,
      "rev_growth_yoy": 0.5095740523642047,
      "rev_growth_yoy_accel": 0.17031564257827198,
      "op_leverage_ratio": 0.47541660902575966,
      "fcf_margin_change": -0.12999067793639002
    },
    {
      "date": "2022-03-31T00:00:00",
      "quarter_label": "2022-03 (Q1)",
      "revenue": 7302000,
      "gross_profit": null,
      "operating_income": -3000000,
      "net_income": -2943000,
      "opex": 10302000,
      "cogs": null,
      "rd": null,
      "sga": null,
      "fcf": 804000,
      "ocf": 804000,
      "capex": null,
      "gross_margin": null,
      "op_margin": -0.4108463434675431,
      "fcf_margin": 0.11010682004930156,
      "incr_op_margin_yoy": -0.5750838926174496,
      "rev_growth_yoy": 0.4847498983326555,
      "rev_growth_yoy_accel": -0.024824154031549195,
      "fcf_margin_change": 0.3161642883381962
    },
    {
      "date": "2022-06-30T00:00:00",
      "quarter_label": "2022-06 (Q2)",
      "revenue": 8393000,
      "gross_profit": null,
      "operating_income": -1919000,
      "net_income": -2628000,
      "opex": 10312000,
      "cogs": null,
      "rd": null,
      "sga": null,
      "fcf": -40000,
      "ocf": -40000,
      "capex": null,
      "gross_margin": null,
      "op_margin": -0.2286429167163112,
      "fcf_margin": -0.0047658763255093535,
      "incr_op_margin_yoy": -0.3079777365491651,
      "rev_growth_yoy": 0.47297297297297297,
      "rev_growth_yoy_accel": -0.011776925359682555,
      "op_leverage_ratio": Infinity,
      "fcf_margin_change": -0.11487269637481091
    },
    {
      "date": "2022-09-30T00:00:00",
      "quarter_label": "2022-09 (Q3)",
      "revenue": 7931000,
      "gross_profit": null,
      "operating_income": -1404000,
      "net_income": -2240000,
      "opex": 9335000,
      "cogs": null,
      "rd": null,
      "sga": null,
      "fcf": -371000,
      "ocf": -371000,
      "capex": null,
      "gross_margin": null,
      "op_margin": -0.17702685663850712,
      "fcf_margin": -0.04677846425419241,
      "rev_growth_yoy": 0.13186813186813187,
      "rev_growth_yoy_accel": -0.34110484110484107,
      "fcf_margin_change": -0.04201258792868306
    },
    {
      "date": "2022-12-31T00:00:00",
      "quarter_label": "2022-12 (Q4)",
      "revenue": 9325000,
      "gross_profit": null,
      "operating_income": -2499000,
      "net_income": null,
      "opex": 11824000,
      "cogs": null,
      "rd": null,
      "sga": null,
      "fcf": -4494000,
      "ocf": -4494000,
      "capex": null,
      "gross_margin": null,
      "op_margin": -0.2679892761394102,
      "fcf_margin": -0.48193029490616623,
      "incr_op_margin_yoy": -0.19074421513445905,
      "rev_growth_yoy": 0.20696349987056692,
      "rev_growth_yoy_accel": 0.07509536800243505,
      "op_leverage_ratio": 0.6592107023519803,
      "fcf_margin_change": -0.4351518306519738
    },
    {
      "date": "2023-03-31T00:00:00",
      "quarter_label": "2023-03 (Q1)",
      "revenue": 11132000,
      "gross_profit": null,
      "operating_income": -1625000,
      "net_income": null,
      "opex": 12757000,
      "cogs": null,
      "rd": null,
      "sga": null,
      "fcf": -612000,
      "ocf": -612000,
      "capex": null,
      "gross_margin": null,
      "op_margin": -0.14597556593604025,
      "fcf_margin": -0.054976643909450236,
      "incr_op_margin_yoy": 0.35900783289817234,
      "rev_growth_yoy": 0.5245138318268967,
      "rev_growth_yoy_accel": 0.31755033195632976,
      "op_leverage_ratio": 2.455794878868075,
      "fcf_margin_change": 0.426953650996716
    },
    {
      "date": "2023-06-30T00:00:00",
      "quarter_label": "2023-06 (Q2)",
      "revenue": 10973000,
      "gross_profit": null,
      "operating_income": 8660000,
      "net_income": null,
      "opex": 13932000,
      "cogs": null,
      "rd": null,
      "sga": null,
      "fcf": -1742000,
      "ocf": -1742000,
      "capex": null,
      "gross_margin": null,
      "op_margin": 0.789209878793402,
      "fcf_margin": -0.1587533035632917,
      "incr_op_margin_yoy": 4.100387596899225,
      "rev_growth_yoy": 0.30739902299535327,
      "rev_growth_yoy_accel": -0.21711480883154344,
      "fcf_margin_change": -0.10377665965384147
    },
    {
      "date": "2023-09-30T00:00:00",
      "quarter_label": "2023-09 (Q3)",
      "revenue": 10047000,
      "gross_profit": null,
      "operating_income": -1955000,
      "net_income": null,
      "opex": 11894000,
      "cogs": null,
      "rd": null,
      "sga": null,
      "fcf": -696000,
      "ocf": -696000,
      "capex": null,
      "gross_margin": null,
      "op_margin": -0.19458544839255498,
      "fcf_margin": -0.0692744102717229,
      "incr_op_margin_yoy": -0.2603969754253308,
      "rev_growth_yoy": 0.2668011600050435,
      "rev_growth_yoy_accel": -0.04059786299030976,
      "fcf_margin_change": 0.0894788932915688
    },
    {
      "date": "2023-12-31T00:00:00",
      "quarter_label": "2023-12 (Q4)",
      "revenue": 10017000,
      "gross_profit": null,
      "operating_income": 300000,
      "net_income": null,
      "opex": 9692000,
      "cogs": null,
      "rd": null,
      "sga": null,
      "fcf": -728000,
      "ocf": -728000,
      "capex": null,
      "gross_margin": null,
      "op_margin": 0.02994908655286014,
      "fcf_margin": -0.0726764500349406,
      "rev_growth_yoy": 0.07420911528150134,
      "rev_growth_yoy_accel": -0.19259204472354216,
      "fcf_margin_change": -0.003402039763217693
    },
    {
      "date": "2024-03-31T00:00:00",
      "quarter_label": "2024-03 (Q1)",
      "revenue": 10071000,
      "gross_profit": null,
      "operating_income": -907000,
      "net_income": null,
      "opex": 10978000,
      "cogs": null,
      "rd": null,
      "sga": null,
      "fcf": 1296000,
      "ocf": 1296000,
      "capex": null,
      "gross_margin": null,
      "op_margin": -0.09006056995333135,
      "fcf_margin": 0.128686327077748,
      "incr_op_margin_yoy": -0.6767200754005656,
      "rev_growth_yoy": -0.0953108156665469,
      "rev_growth_yoy_accel": -0.16951993094804824,
      "fcf_margin_change": 0.20136277711268857
    },
    {
      "date": "2024-06-30T00:00:00",
      "quarter_label": "2024-06 (Q2)",
      "revenue": 10131000,
      "gross_profit": null,
      "operating_income": -458000,
      "net_income": null,
      "opex": 10589000,
      "cogs": null,
      "rd": null,
      "sga": null,
      "fcf": -1639000,
      "ocf": -1639000,
      "capex": null,
      "gross_margin": null,
      "op_margin": -0.045207778106800905,
      "fcf_margin": -0.16178067318132464,
      "rev_growth_yoy": -0.07673380114827304,
      "rev_growth_yoy_accel": 0.018577014518273857,
      "fcf_margin_change": -0.2904670002590726
    },
    {
      "date": "2024-09-30T00:00:00",
      "quarter_label": "2024-09 (Q3)",
      "revenue": 10213000,
      "gross_profit": null,
      "operating_income": 72000,
      "net_income": null,
      "opex": 10141000,
      "cogs": null,
      "rd": null,
      "sga": null,
      "fcf": -6000,
      "ocf": -6000,
      "capex": null,
      "gross_margin": null,
      "op_margin": 0.007049838441202389,
      "fcf_margin": -0.0005874865367668658,
      "rev_growth_yoy": 0.016522344978600577,
      "rev_growth_yoy_accel": 0.0932561461268736,
      "fcf_margin_change": 0.16119318664455776
    },
    {
      "date": "2024-12-31T00:00:00",
      "quarter_label": "2024-12 (Q4)",
      "revenue": 10930000,
      "gross_profit": null,
      "operating_income": 1001000,
      "net_income": null,
      "opex": 9929000,
      "cogs": null,
      "rd": null,
      "sga": null,
      "fcf": 950000,
      "ocf": 950000,
      "capex": null,
      "gross_margin": null,
      "op_margin": 0.09158279963403476,
      "fcf_margin": 0.08691674290942361,
      "rev_growth_yoy": 0.09114505340920435,
      "rev_growth_yoy_accel": 0.07462270843060378,
      "op_leverage_ratio": Infinity,
      "fcf_margin_change": 0.08750422944619048
    },
    {
      "date": "2025-03-31T00:00:00",
      "quarter_label": "2025-03 (Q1)",
      "revenue": 10606000,
      "gross_profit": null,
      "operating_income": -206000,
      "net_income": null,
      "opex": 10812000,
      "cogs": null,
      "rd": null,
      "sga": null,
      "fcf": -1008000,
      "ocf": -1008000,
      "capex": null,
      "gross_margin": null,
      "op_margin": -0.019422968131246464,
      "fcf_margin": -0.09504054308881765,
      "rev_growth_yoy": 0.05312282792175554,
      "rev_growth_yoy_accel": -0.03802222548744882,
      "fcf_margin_change": -0.18195728599824126
    },
    {
      "date": "2025-06-30T00:00:00",
      "quarter_label": "2025-06 (Q2)",
      "revenue": 841000,
      "gross_profit": null,
      "operating_income": -1678000,
      "net_income": null,
      "opex": 2519000,
      "cogs": null,
      "rd": null,
      "sga": null,
      "fcf": 177000,
      "ocf": 177000,
      "capex": null,
      "gross_margin": null,
      "op_margin": -1.995243757431629,
      "fcf_margin": 0.21046373365041618,
      "incr_op_margin_yoy": 0.13132400430570507,
      "rev_growth_yoy": -0.9169874642187346,
      "rev_growth_yoy_accel": -0.97011029214049,
      "fcf_margin_change": 0.30550427673923386
    }
  ],
  "signals": [
    {
      "quarter": "2025-06 (Q2)",
      "signal": "FCF TURNED POSITIVE",
      "detail": "FCF margin: -9.5% -> +21.0%",
      "severity": "HIGH"
    },
    {
      "quarter": "2025-06 (Q2)",
      "signal": "YoY REVENUE GROWTH DECELERATION",
      "detail": "YoY growth: -91.7% vs prior quarter YoY: +5.3% (decel: -97.0%)",
      "severity": "WARNING"
    },
    {
      "quarter": "2024-12 (Q4)",
      "signal": "FCF TURNED POSITIVE",
      "detail": "FCF margin: -0.1% -> +8.7%",
      "severity": "HIGH"
    },
    {
      "quarter": "2024-12 (Q4)",
      "signal": "YoY REVENUE GROWTH ACCELERATION",
      "detail": "YoY growth: +9.1% vs prior quarter YoY: +1.7% (accel: +7.5%)",
      "severity": "MEDIUM"
    },
    {
      "quarter": "2024-09 (Q3)",
      "signal": "FCF MARGIN EXPANSION",
      "detail": "FCF margin: -16.2% -> -0.1% (+16.1%)",
      "severity": "MEDIUM"
    },
    {
      "quarter": "2024-09 (Q3)",
      "signal": "YoY REVENUE GROWTH ACCELERATION",
      "detail": "YoY growth: +1.7% vs prior quarter YoY: -7.7% (accel: +9.3%)",
      "severity": "MEDIUM"
    },
    {
      "quarter": "2024-09 (Q3)",
      "signal": "OP MARGIN TURNED POSITIVE (YoY)",
      "detail": "Op margin: -19.5% (year-ago) -> +0.7%",
      "severity": "HIGH"
    },
    {
      "quarter": "2024-09 (Q3)",
      "signal": "OP MARGIN TURNED POSITIVE (QoQ)",
      "detail": "Op margin: -4.5% -> +0.7%",
      "severity": "HIGH"
    },
    {
      "quarter": "2024-03 (Q1)",
      "signal": "FCF TURNED POSITIVE",
      "detail": "FCF margin: -7.3% -> +12.9%",
      "severity": "HIGH"
    },
    {
      "quarter": "2024-03 (Q1)",
      "signal": "YoY REVENUE GROWTH DECELERATION",
      "detail": "YoY growth: -9.5% vs prior quarter YoY: +7.4% (decel: -17.0%)",
      "severity": "WARNING"
    },
    {
      "quarter": "2023-12 (Q4)",
      "signal": "YoY REVENUE GROWTH DECELERATION",
      "detail": "YoY growth: +7.4% vs prior quarter YoY: +26.7% (decel: -19.3%)",
      "severity": "WARNING"
    },
    {
      "quarter": "2023-12 (Q4)",
      "signal": "OP MARGIN TURNED POSITIVE (YoY)",
      "detail": "Op margin: -26.8% (year-ago) -> +3.0%",
      "severity": "HIGH"
    },
    {
      "quarter": "2023-12 (Q4)",
      "signal": "OP MARGIN TURNED POSITIVE (QoQ)",
      "detail": "Op margin: -19.5% -> +3.0%",
      "severity": "HIGH"
    },
    {
      "quarter": "2023-09 (Q3)",
      "signal": "FCF MARGIN EXPANSION",
      "detail": "FCF margin: -15.9% -> -6.9% (+8.9%)",
      "severity": "MEDIUM"
    },
    {
      "quarter": "2023-06 (Q2)",
      "signal": "YoY REVENUE GROWTH DECELERATION",
      "detail": "YoY growth: +30.7% vs prior quarter YoY: +52.5% (decel: -21.7%)",
      "severity": "WARNING"
    },
    {
      "quarter": "2023-06 (Q2)",
      "signal": "OP MARGIN TURNED POSITIVE (YoY)",
      "detail": "Op margin: -22.9% (year-ago) -> +78.9%",
      "severity": "HIGH"
    },
    {
      "quarter": "2023-06 (Q2)",
      "signal": "OP MARGIN TURNED POSITIVE (QoQ)",
      "detail": "Op margin: -14.6% -> +78.9%",
      "severity": "HIGH"
    },
    {
      "quarter": "2023-03 (Q1)",
      "signal": "FCF MARGIN EXPANSION",
      "detail": "FCF margin: -48.2% -> -5.5% (+42.7%)",
      "severity": "MEDIUM"
    },
    {
      "quarter": "2023-03 (Q1)",
      "signal": "OPERATING LEVERAGE",
      "detail": "Rev growth +19.4% vs OpEx growth +7.9% (leverage: 2.5x)",
      "severity": "MEDIUM"
    },
    {
      "quarter": "2023-03 (Q1)",
      "signal": "YoY REVENUE GROWTH ACCELERATION",
      "detail": "YoY growth: +52.5% vs prior quarter YoY: +20.7% (accel: +31.8%)",
      "severity": "HIGH"
    },
    {
      "quarter": "2022-12 (Q4)",
      "signal": "YoY REVENUE GROWTH ACCELERATION",
      "detail": "YoY growth: +20.7% vs prior quarter YoY: +13.2% (accel: +7.5%)",
      "severity": "MEDIUM"
    },
    {
      "quarter": "2022-09 (Q3)",
      "signal": "YoY REVENUE GROWTH DECELERATION",
      "detail": "YoY growth: +13.2% vs prior quarter YoY: +47.3% (decel: -34.1%)",
      "severity": "WARNING"
    },
    {
      "quarter": "2022-06 (Q2)",
      "signal": "OPERATING LEVERAGE",
      "detail": "Rev growth +14.9% vs OpEx growth +0.1% (leverage: 153.9x)",
      "severity": "MEDIUM"
    },
    {
      "quarter": "2022-03 (Q1)",
      "signal": "FCF TURNED POSITIVE",
      "detail": "FCF margin: -20.6% -> +11.0%",
      "severity": "HIGH"
    },
    {
      "quarter": "2021-12 (Q4)",
      "signal": "YoY REVENUE GROWTH ACCELERATION",
      "detail": "YoY growth: +51.0% vs prior quarter YoY: +33.9% (accel: +17.0%)",
      "severity": "HIGH"
    },
    {
      "quarter": "2021-09 (Q3)",
      "signal": "FCF MARGIN EXPANSION",
      "detail": "FCF margin: -26.6% -> -7.6% (+19.0%)",
      "severity": "MEDIUM"
    },
    {
      "quarter": "2021-06 (Q2)",
      "signal": "FCF MARGIN EXPANSION",
      "detail": "FCF margin: -39.6% -> -26.6% (+13.0%)",
      "severity": "MEDIUM"
    },
    {
      "quarter": "2021-06 (Q2)",
      "signal": "OPERATING LEVERAGE",
      "detail": "Rev growth +15.9% vs OpEx growth +3.7% (leverage: 4.3x)",
      "severity": "MEDIUM"
    },
    {
      "quarter": "2020-12 (Q4)",
      "signal": "FCF TURNED POSITIVE",
      "detail": "FCF margin: -36.0% -> +26.5%",
      "severity": "HIGH"
    }
  ],
  "data_quality": {
    "n_quarters": 20,
    "coverage": {
      "revenue": [
        20,
        20
      ],
      "gross_profit": [
        0,
        20
      ],
      "op_income": [
        20,
        20
      ],
      "fcf": [
        20,
        20
      ]
    },
    "gaps": [],
    "warnings": [
      "gross_profit: no data"
    ]
  },
  "market_cap": null,
  "source": "SEC EDGAR",
  "last_updated": "2026-02-03T00:34:49.683196",
  "sector": "Real Estate",
  "industry": "Real Estate Services"
}