{
  "ticker": "BRT",
  "name": "BRT APARTMENTS CORP.",
  "quarters": [
    {
      "date": "2020-12-31T00:00:00",
      "quarter_label": "2020-12 (Q4)",
      "revenue": 7049000,
      "gross_profit": 7049000,
      "operating_income": -1919000,
      "net_income": -3301000,
      "opex": 8968000,
      "cogs": 0,
      "rd": null,
      "sga": null,
      "fcf": -30000,
      "ocf": -30000,
      "capex": null,
      "gross_margin": 1.0,
      "op_margin": -0.2722371967654987,
      "fcf_margin": -0.004255922825932757
    },
    {
      "date": "2021-03-31T00:00:00",
      "quarter_label": "2021-03 (Q1)",
      "revenue": 7099000,
      "gross_profit": null,
      "operating_income": -2329000,
      "net_income": -3765000,
      "opex": 9428000,
      "cogs": null,
      "rd": null,
      "sga": null,
      "fcf": 152000,
      "ocf": 152000,
      "capex": null,
      "gross_margin": null,
      "op_margin": -0.32807437667277084,
      "fcf_margin": 0.021411466403718833,
      "fcf_margin_change": 0.025667389229651588
    },
    {
      "date": "2021-06-30T00:00:00",
      "quarter_label": "2021-06 (Q2)",
      "revenue": 6961000,
      "gross_profit": null,
      "operating_income": -2904000,
      "net_income": 6027000,
      "opex": 9865000,
      "cogs": null,
      "rd": null,
      "sga": null,
      "fcf": -3240000,
      "ocf": -3240000,
      "capex": null,
      "gross_margin": null,
      "op_margin": -0.4171814394483551,
      "fcf_margin": -0.4654503663266772,
      "fcf_margin_change": -0.486861832730396
    },
    {
      "date": "2021-09-30T00:00:00",
      "quarter_label": "2021-09 (Q3)",
      "revenue": 7714000,
      "gross_profit": null,
      "operating_income": -2126000,
      "net_income": 28106000,
      "opex": 9840000,
      "cogs": null,
      "rd": null,
      "sga": null,
      "fcf": 2867000,
      "ocf": 2867000,
      "capex": null,
      "gross_margin": null,
      "op_margin": -0.2756028001037075,
      "fcf_margin": 0.37166191340420013,
      "op_leverage_ratio": Infinity,
      "fcf_margin_change": 0.8371122797308773
    },
    {
      "date": "2021-12-31T00:00:00",
      "quarter_label": "2021-12 (Q4)",
      "revenue": 10283000,
      "gross_profit": null,
      "operating_income": -2709000,
      "net_income": -1254000,
      "opex": 12992000,
      "cogs": null,
      "rd": null,
      "sga": null,
      "fcf": -308000,
      "ocf": -308000,
      "capex": null,
      "gross_margin": null,
      "op_margin": -0.2634445200816882,
      "fcf_margin": -0.029952348536419333,
      "incr_op_margin_yoy": -0.24427952999381572,
      "rev_growth_yoy": 0.45878848063555117,
      "op_leverage_ratio": 1.0396648456429014,
      "fcf_margin_change": -0.40161426194061944
    },
    {
      "date": "2022-03-31T00:00:00",
      "quarter_label": "2022-03 (Q1)",
      "revenue": 11434000,
      "gross_profit": null,
      "operating_income": -2579000,
      "net_income": 11508000,
      "opex": 14013000,
      "cogs": null,
      "rd": null,
      "sga": null,
      "fcf": 469000,
      "ocf": 469000,
      "capex": null,
      "gross_margin": null,
      "op_margin": -0.22555536120342837,
      "fcf_margin": 0.04101801644218996,
      "incr_op_margin_yoy": -0.05767012687427912,
      "rev_growth_yoy": 0.6106493872376391,
      "rev_growth_yoy_accel": 0.1518609066020879,
      "op_leverage_ratio": 1.4243140476141267,
      "fcf_margin_change": 0.0709703649786093
    },
    {
      "date": "2022-06-30T00:00:00",
      "quarter_label": "2022-06 (Q2)",
      "revenue": 14685000,
      "gross_profit": null,
      "operating_income": -3118000,
      "net_income": 35607000,
      "opex": 17803000,
      "cogs": null,
      "rd": null,
      "sga": null,
      "fcf": 2310000,
      "ocf": 2310000,
      "capex": null,
      "gross_margin": null,
      "op_margin": -0.21232550221314267,
      "fcf_margin": 0.15730337078651685,
      "incr_op_margin_yoy": -0.027705851890212324,
      "rev_growth_yoy": 1.1096106881195231,
      "rev_growth_yoy_accel": 0.49896130088188406,
      "op_leverage_ratio": 1.0512613401774,
      "fcf_margin_change": 0.11628535434432688
    },
    {
      "date": "2022-09-30T00:00:00",
      "quarter_label": "2022-09 (Q3)",
      "revenue": 21697000,
      "gross_profit": null,
      "operating_income": -4397000,
      "net_income": 7059000,
      "opex": 26094000,
      "cogs": null,
      "rd": null,
      "sga": null,
      "fcf": 5671000,
      "ocf": 5671000,
      "capex": null,
      "gross_margin": null,
      "op_margin": -0.2026547448956077,
      "fcf_margin": 0.26137253998248605,
      "incr_op_margin_yoy": -0.16241149967818064,
      "rev_growth_yoy": 1.8126782473424943,
      "rev_growth_yoy_accel": 0.7030675592229712,
      "op_leverage_ratio": 1.0253077338702878,
      "fcf_margin_change": 0.1040691691959692
    },
    {
      "date": "2022-12-31T00:00:00",
      "quarter_label": "2022-12 (Q4)",
      "revenue": 22711000,
      "gross_profit": null,
      "operating_income": -4917000,
      "net_income": -4219000,
      "opex": 27628000,
      "cogs": null,
      "rd": null,
      "sga": null,
      "fcf": 7000000,
      "ocf": 7000000,
      "capex": null,
      "gross_margin": null,
      "op_margin": -0.21650301615957024,
      "fcf_margin": 0.308220686011184,
      "incr_op_margin_yoy": -0.17766334084325716,
      "rev_growth_yoy": 1.2085967130214919,
      "rev_growth_yoy_accel": -0.6040815343210024,
      "op_leverage_ratio": 0.7949751703547236,
      "fcf_margin_change": 0.04684814602869797
    },
    {
      "date": "2023-03-31T00:00:00",
      "quarter_label": "2023-03 (Q1)",
      "revenue": 22939000,
      "gross_profit": null,
      "operating_income": -5041000,
      "net_income": -4098000,
      "opex": 27980000,
      "cogs": null,
      "rd": null,
      "sga": null,
      "fcf": 211000,
      "ocf": 211000,
      "capex": null,
      "gross_margin": null,
      "op_margin": -0.21975674615284013,
      "fcf_margin": 0.009198308557478531,
      "incr_op_margin_yoy": -0.21399391568883094,
      "rev_growth_yoy": 1.0062095504635298,
      "rev_growth_yoy_accel": -0.20238716255796207,
      "op_leverage_ratio": 0.7879621809215398,
      "fcf_margin_change": -0.29902237745370547
    },
    {
      "date": "2023-06-30T00:00:00",
      "quarter_label": "2023-06 (Q2)",
      "revenue": 23318000,
      "gross_profit": null,
      "operating_income": -4134000,
      "net_income": 11202000,
      "opex": 27452000,
      "cogs": null,
      "rd": null,
      "sga": null,
      "fcf": 6135000,
      "ocf": 6135000,
      "capex": null,
      "gross_margin": null,
      "op_margin": -0.17728793206964577,
      "fcf_margin": 0.26310146667810275,
      "incr_op_margin_yoy": -0.11768794161936755,
      "rev_growth_yoy": 0.5878787878787879,
      "rev_growth_yoy_accel": -0.4183307625847419,
      "op_leverage_ratio": Infinity,
      "fcf_margin_change": 0.2539031581206242
    },
    {
      "date": "2023-09-30T00:00:00",
      "quarter_label": "2023-09 (Q3)",
      "revenue": 23852000,
      "gross_profit": null,
      "operating_income": -2873000,
      "net_income": -1494000,
      "opex": 26725000,
      "cogs": null,
      "rd": null,
      "sga": null,
      "fcf": 9323000,
      "ocf": 9323000,
      "capex": null,
      "gross_margin": null,
      "op_margin": -0.12045111521046453,
      "fcf_margin": 0.3908686902565823,
      "incr_op_margin_yoy": 0.7071925754060325,
      "rev_growth_yoy": 0.09932248697976678,
      "rev_growth_yoy_accel": -0.48855630089902113,
      "op_leverage_ratio": Infinity,
      "fcf_margin_change": 0.12776722357847953
    },
    {
      "date": "2023-12-31T00:00:00",
      "quarter_label": "2023-12 (Q4)",
      "revenue": 23508000,
      "gross_profit": null,
      "operating_income": -2234000,
      "net_income": -1737000,
      "opex": 25742000,
      "cogs": null,
      "rd": null,
      "sga": null,
      "fcf": 3937000,
      "ocf": 3937000,
      "capex": null,
      "gross_margin": null,
      "op_margin": -0.09503147864556746,
      "fcf_margin": 0.16747490216096647,
      "rev_growth_yoy": 0.03509312667870195,
      "rev_growth_yoy_accel": -0.06422936030106483,
      "fcf_margin_change": -0.2233937880956158
    },
    {
      "date": "2024-03-31T00:00:00",
      "quarter_label": "2024-03 (Q1)",
      "revenue": 23403000,
      "gross_profit": null,
      "operating_income": -3286000,
      "net_income": -3171000,
      "opex": 26689000,
      "cogs": null,
      "rd": null,
      "sga": null,
      "fcf": 653000,
      "ocf": 653000,
      "capex": null,
      "gross_margin": null,
      "op_margin": -0.14040934922873136,
      "fcf_margin": 0.027902405674486177,
      "rev_growth_yoy": 0.020227560050568902,
      "rev_growth_yoy_accel": -0.01486556662813305,
      "fcf_margin_change": -0.1395724964864803
    },
    {
      "date": "2024-06-30T00:00:00",
      "quarter_label": "2024-06 (Q2)",
      "revenue": 23862000,
      "gross_profit": null,
      "operating_income": -2763000,
      "net_income": -2345000,
      "opex": 26625000,
      "cogs": null,
      "rd": null,
      "sga": null,
      "fcf": 6941000,
      "ocf": 6941000,
      "capex": null,
      "gross_margin": null,
      "op_margin": -0.11579079708322856,
      "fcf_margin": 0.29088089849970666,
      "rev_growth_yoy": 0.023329616605197702,
      "rev_growth_yoy_accel": 0.0031020565546288,
      "op_leverage_ratio": Infinity,
      "fcf_margin_change": 0.2629784928252205
    },
    {
      "date": "2024-09-30T00:00:00",
      "quarter_label": "2024-09 (Q3)",
      "revenue": 24396000,
      "gross_profit": null,
      "operating_income": -2846000,
      "net_income": -2205000,
      "opex": 27242000,
      "cogs": null,
      "rd": null,
      "sga": null,
      "fcf": 8968000,
      "ocf": 8968000,
      "capex": null,
      "gross_margin": null,
      "op_margin": -0.11665846860141006,
      "fcf_margin": 0.367601246105919,
      "rev_growth_yoy": 0.022807311755827602,
      "rev_growth_yoy_accel": -0.0005223048493700998,
      "op_leverage_ratio": 0.9656925213005577,
      "fcf_margin_change": 0.07672034760621232
    },
    {
      "date": "2024-12-31T00:00:00",
      "quarter_label": "2024-12 (Q4)",
      "revenue": 23969000,
      "gross_profit": null,
      "operating_income": -3417000,
      "net_income": -2070000,
      "opex": 27386000,
      "cogs": null,
      "rd": null,
      "sga": null,
      "fcf": 7581000,
      "ocf": 7581000,
      "capex": null,
      "gross_margin": null,
      "op_margin": -0.14255913888772997,
      "fcf_margin": 0.31628353289665817,
      "rev_growth_yoy": 0.01961034541432704,
      "rev_growth_yoy_accel": -0.003196966341500563,
      "fcf_margin_change": -0.05131771320926082
    },
    {
      "date": "2025-03-31T00:00:00",
      "quarter_label": "2025-03 (Q1)",
      "revenue": 24106000,
      "gross_profit": null,
      "operating_income": -2731000,
      "net_income": -2352000,
      "opex": 26837000,
      "cogs": null,
      "rd": null,
      "sga": null,
      "fcf": 246000,
      "ocf": 246000,
      "capex": null,
      "gross_margin": null,
      "op_margin": -0.11329129677258774,
      "fcf_margin": 0.01020492823363478,
      "rev_growth_yoy": 0.03003888390377302,
      "rev_growth_yoy_accel": 0.010428538489445981,
      "fcf_margin_change": -0.3060786046630234
    },
    {
      "date": "2025-06-30T00:00:00",
      "quarter_label": "2025-06 (Q2)",
      "revenue": 24197000,
      "gross_profit": null,
      "operating_income": -2951000,
      "net_income": -2566000,
      "opex": 27148000,
      "cogs": null,
      "rd": null,
      "sga": null,
      "fcf": 8478000,
      "ocf": 8478000,
      "capex": null,
      "gross_margin": null,
      "op_margin": -0.12195726742984668,
      "fcf_margin": 0.3503740133074348,
      "rev_growth_yoy": 0.01403905791635236,
      "rev_growth_yoy_accel": -0.01599982598742066,
      "fcf_margin_change": 0.3401690850738
    },
    {
      "date": "2025-09-30T00:00:00",
      "quarter_label": "2025-09 (Q3)",
      "revenue": 24434000,
      "gross_profit": null,
      "operating_income": -3346000,
      "net_income": -2707000,
      "opex": 27780000,
      "cogs": null,
      "rd": null,
      "sga": null,
      "fcf": 9054000,
      "ocf": 9054000,
      "capex": null,
      "gross_margin": null,
      "op_margin": -0.13694032904968487,
      "fcf_margin": 0.37054923467299666,
      "rev_growth_yoy": 0.001557632398753894,
      "rev_growth_yoy_accel": -0.012481425517598465,
      "fcf_margin_change": 0.02017522136556188
    }
  ],
  "signals": [
    {
      "quarter": "2025-06 (Q2)",
      "signal": "FCF MARGIN EXPANSION",
      "detail": "FCF margin: +1.0% -> +35.0% (+34.0%)",
      "severity": "MEDIUM"
    },
    {
      "quarter": "2024-09 (Q3)",
      "signal": "FCF MARGIN EXPANSION",
      "detail": "FCF margin: +29.1% -> +36.8% (+7.7%)",
      "severity": "MEDIUM"
    },
    {
      "quarter": "2024-06 (Q2)",
      "signal": "FCF MARGIN EXPANSION",
      "detail": "FCF margin: +2.8% -> +29.1% (+26.3%)",
      "severity": "MEDIUM"
    },
    {
      "quarter": "2023-12 (Q4)",
      "signal": "YoY REVENUE GROWTH DECELERATION",
      "detail": "YoY growth: +3.5% vs prior quarter YoY: +9.9% (decel: -6.4%)",
      "severity": "WARNING"
    },
    {
      "quarter": "2023-09 (Q3)",
      "signal": "FCF MARGIN EXPANSION",
      "detail": "FCF margin: +26.3% -> +39.1% (+12.8%)",
      "severity": "MEDIUM"
    },
    {
      "quarter": "2023-09 (Q3)",
      "signal": "YoY REVENUE GROWTH DECELERATION",
      "detail": "YoY growth: +9.9% vs prior quarter YoY: +58.8% (decel: -48.9%)",
      "severity": "WARNING"
    },
    {
      "quarter": "2023-06 (Q2)",
      "signal": "FCF MARGIN EXPANSION",
      "detail": "FCF margin: +0.9% -> +26.3% (+25.4%)",
      "severity": "MEDIUM"
    },
    {
      "quarter": "2023-06 (Q2)",
      "signal": "YoY REVENUE GROWTH DECELERATION",
      "detail": "YoY growth: +58.8% vs prior quarter YoY: +100.6% (decel: -41.8%)",
      "severity": "WARNING"
    },
    {
      "quarter": "2023-03 (Q1)",
      "signal": "YoY REVENUE GROWTH DECELERATION",
      "detail": "YoY growth: +100.6% vs prior quarter YoY: +120.9% (decel: -20.2%)",
      "severity": "WARNING"
    },
    {
      "quarter": "2022-12 (Q4)",
      "signal": "YoY REVENUE GROWTH DECELERATION",
      "detail": "YoY growth: +120.9% vs prior quarter YoY: +181.3% (decel: -60.4%)",
      "severity": "WARNING"
    },
    {
      "quarter": "2022-09 (Q3)",
      "signal": "FCF MARGIN EXPANSION",
      "detail": "FCF margin: +15.7% -> +26.1% (+10.4%)",
      "severity": "MEDIUM"
    },
    {
      "quarter": "2022-09 (Q3)",
      "signal": "YoY REVENUE GROWTH ACCELERATION",
      "detail": "YoY growth: +181.3% vs prior quarter YoY: +111.0% (accel: +70.3%)",
      "severity": "HIGH"
    },
    {
      "quarter": "2022-06 (Q2)",
      "signal": "FCF MARGIN EXPANSION",
      "detail": "FCF margin: +4.1% -> +15.7% (+11.6%)",
      "severity": "MEDIUM"
    },
    {
      "quarter": "2022-06 (Q2)",
      "signal": "YoY REVENUE GROWTH ACCELERATION",
      "detail": "YoY growth: +111.0% vs prior quarter YoY: +61.1% (accel: +49.9%)",
      "severity": "HIGH"
    },
    {
      "quarter": "2022-03 (Q1)",
      "signal": "FCF TURNED POSITIVE",
      "detail": "FCF margin: -3.0% -> +4.1%",
      "severity": "HIGH"
    },
    {
      "quarter": "2022-03 (Q1)",
      "signal": "YoY REVENUE GROWTH ACCELERATION",
      "detail": "YoY growth: +61.1% vs prior quarter YoY: +45.9% (accel: +15.2%)",
      "severity": "HIGH"
    },
    {
      "quarter": "2021-09 (Q3)",
      "signal": "FCF TURNED POSITIVE",
      "detail": "FCF margin: -46.5% -> +37.2%",
      "severity": "HIGH"
    },
    {
      "quarter": "2021-03 (Q1)",
      "signal": "FCF TURNED POSITIVE",
      "detail": "FCF margin: -0.4% -> +2.1%",
      "severity": "HIGH"
    }
  ],
  "data_quality": {
    "n_quarters": 20,
    "coverage": {
      "revenue": [
        20,
        20
      ],
      "gross_profit": [
        1,
        20
      ],
      "op_income": [
        20,
        20
      ],
      "fcf": [
        20,
        20
      ]
    },
    "gaps": [],
    "warnings": [
      "gross_profit: 1/20Q"
    ]
  },
  "market_cap": null,
  "source": "SEC EDGAR",
  "last_updated": "2026-02-02T22:49:16.602101"
}