{
  "ticker": "BRX",
  "name": "Brixmor Property Group Inc.",
  "quarters": [
    {
      "date": "2020-12-31T00:00:00",
      "quarter_label": "2020-12 (Q4)",
      "revenue": 269410000,
      "gross_profit": null,
      "operating_income": null,
      "net_income": null,
      "opex": 184532000,
      "cogs": null,
      "rd": null,
      "sga": null,
      "fcf": 119469000,
      "ocf": 119469000,
      "capex": null,
      "gross_margin": null,
      "op_margin": null,
      "fcf_margin": 0.44344679113618646
    },
    {
      "date": "2021-03-31T00:00:00",
      "quarter_label": "2021-03 (Q1)",
      "revenue": 279746000,
      "gross_profit": null,
      "operating_income": null,
      "net_income": null,
      "opex": 183805000,
      "cogs": null,
      "rd": null,
      "sga": null,
      "fcf": 110513000,
      "ocf": 110513000,
      "capex": null,
      "gross_margin": null,
      "op_margin": null,
      "fcf_margin": 0.3950476503685486,
      "op_leverage_ratio": Infinity,
      "fcf_margin_change": -0.04839914076763785
    },
    {
      "date": "2021-06-30T00:00:00",
      "quarter_label": "2021-06 (Q2)",
      "revenue": 287024000,
      "gross_profit": null,
      "operating_income": null,
      "net_income": null,
      "opex": 179116000,
      "cogs": null,
      "rd": null,
      "sga": null,
      "fcf": 164349000,
      "ocf": 164349000,
      "capex": null,
      "gross_margin": null,
      "op_margin": null,
      "fcf_margin": 0.5725967166508724,
      "op_leverage_ratio": Infinity,
      "fcf_margin_change": 0.1775490662823238
    },
    {
      "date": "2021-09-30T00:00:00",
      "quarter_label": "2021-09 (Q3)",
      "revenue": 290186000,
      "gross_profit": null,
      "operating_income": null,
      "net_income": null,
      "opex": 179570000,
      "cogs": null,
      "rd": null,
      "sga": null,
      "fcf": 150018000,
      "ocf": 150018000,
      "capex": null,
      "gross_margin": null,
      "op_margin": null,
      "fcf_margin": 0.5169718732123535,
      "op_leverage_ratio": 4.3463248433936545,
      "fcf_margin_change": -0.05562484343851892
    },
    {
      "date": "2021-12-31T00:00:00",
      "quarter_label": "2021-12 (Q4)",
      "revenue": 295318000,
      "gross_profit": null,
      "operating_income": null,
      "net_income": null,
      "opex": 189801000,
      "cogs": null,
      "rd": null,
      "sga": null,
      "fcf": 127359000,
      "ocf": 127359000,
      "capex": null,
      "gross_margin": null,
      "op_margin": null,
      "fcf_margin": 0.4312605394862487,
      "rev_growth_yoy": 0.09616569540848521,
      "op_leverage_ratio": 0.3104029854069182,
      "fcf_margin_change": -0.08571133372610479
    },
    {
      "date": "2022-03-31T00:00:00",
      "quarter_label": "2022-03 (Q1)",
      "revenue": 298629000,
      "gross_profit": null,
      "operating_income": null,
      "net_income": null,
      "opex": 193248000,
      "cogs": null,
      "rd": null,
      "sga": null,
      "fcf": 112260000,
      "ocf": 112260000,
      "capex": null,
      "gross_margin": null,
      "op_margin": null,
      "fcf_margin": 0.3759179450086897,
      "rev_growth_yoy": 0.0675005183273398,
      "rev_growth_yoy_accel": -0.02866517708114541,
      "op_leverage_ratio": 0.6173429245992067,
      "fcf_margin_change": -0.055342594477559015
    },
    {
      "date": "2022-06-30T00:00:00",
      "quarter_label": "2022-06 (Q2)",
      "revenue": 306131000,
      "gross_profit": null,
      "operating_income": null,
      "net_income": null,
      "opex": 191647000,
      "cogs": null,
      "rd": null,
      "sga": null,
      "fcf": 161856000,
      "ocf": 161856000,
      "capex": null,
      "gross_margin": null,
      "op_margin": null,
      "fcf_margin": 0.5287148312323809,
      "rev_growth_yoy": 0.06656934611739784,
      "rev_growth_yoy_accel": -0.0009311722099419606,
      "op_leverage_ratio": Infinity,
      "fcf_margin_change": 0.15279688622369125
    },
    {
      "date": "2022-09-30T00:00:00",
      "quarter_label": "2022-09 (Q3)",
      "revenue": 304745000,
      "gross_profit": null,
      "operating_income": null,
      "net_income": null,
      "opex": 191345000,
      "cogs": null,
      "rd": null,
      "sga": null,
      "fcf": 167044000,
      "ocf": 167044000,
      "capex": null,
      "gross_margin": null,
      "op_margin": null,
      "fcf_margin": 0.5481435298364206,
      "rev_growth_yoy": 0.05017126946165563,
      "rev_growth_yoy_accel": -0.016398076655742215,
      "fcf_margin_change": 0.019428698604039618
    },
    {
      "date": "2022-12-31T00:00:00",
      "quarter_label": "2022-12 (Q4)",
      "revenue": 308569000,
      "gross_profit": null,
      "operating_income": null,
      "net_income": null,
      "opex": 203231000,
      "cogs": null,
      "rd": null,
      "sga": null,
      "fcf": 125222000,
      "ocf": 125222000,
      "capex": null,
      "gross_margin": null,
      "op_margin": null,
      "fcf_margin": 0.4058152309532066,
      "rev_growth_yoy": 0.0448702754319073,
      "rev_growth_yoy_accel": -0.005300994029748325,
      "op_leverage_ratio": 0.20200526416677592,
      "fcf_margin_change": -0.14232829888321397
    },
    {
      "date": "2023-03-31T00:00:00",
      "quarter_label": "2023-03 (Q1)",
      "revenue": 311444000,
      "gross_profit": null,
      "operating_income": null,
      "net_income": null,
      "opex": 198596000,
      "cogs": null,
      "rd": null,
      "sga": null,
      "fcf": 135054000,
      "ocf": 135054000,
      "capex": null,
      "gross_margin": null,
      "op_margin": null,
      "fcf_margin": 0.43363815003660366,
      "rev_growth_yoy": 0.04291277806241189,
      "rev_growth_yoy_accel": -0.001957497369495416,
      "fcf_margin_change": 0.02782291908339707
    },
    {
      "date": "2023-06-30T00:00:00",
      "quarter_label": "2023-06 (Q2)",
      "revenue": 309793000,
      "gross_profit": null,
      "operating_income": null,
      "net_income": null,
      "opex": 213479000,
      "cogs": null,
      "rd": null,
      "sga": null,
      "fcf": 159887000,
      "ocf": 159887000,
      "capex": null,
      "gross_margin": null,
      "op_margin": null,
      "fcf_margin": 0.516109143847666,
      "rev_growth_yoy": 0.01196219918923598,
      "rev_growth_yoy_accel": -0.030950578873175906,
      "fcf_margin_change": 0.08247099381106238
    },
    {
      "date": "2023-09-30T00:00:00",
      "quarter_label": "2023-09 (Q3)",
      "revenue": 307314000,
      "gross_profit": null,
      "operating_income": null,
      "net_income": null,
      "opex": 202650000,
      "cogs": null,
      "rd": null,
      "sga": null,
      "fcf": 158571000,
      "ocf": 158571000,
      "capex": null,
      "gross_margin": null,
      "op_margin": null,
      "fcf_margin": 0.515990159901599,
      "rev_growth_yoy": 0.008429998851498794,
      "rev_growth_yoy_accel": -0.0035322003377371864,
      "fcf_margin_change": -0.00011898394606701945
    },
    {
      "date": "2023-12-31T00:00:00",
      "quarter_label": "2023-12 (Q4)",
      "revenue": 316485000,
      "gross_profit": null,
      "operating_income": null,
      "net_income": null,
      "opex": 202506000,
      "cogs": null,
      "rd": null,
      "sga": null,
      "fcf": 135282000,
      "ocf": 135282000,
      "capex": null,
      "gross_margin": null,
      "op_margin": null,
      "fcf_margin": 0.42745153798758234,
      "rev_growth_yoy": 0.025653905609442296,
      "rev_growth_yoy_accel": 0.017223906757943504,
      "op_leverage_ratio": Infinity,
      "fcf_margin_change": -0.08853862191401668
    },
    {
      "date": "2024-03-31T00:00:00",
      "quarter_label": "2024-03 (Q1)",
      "revenue": 320241000,
      "gross_profit": null,
      "operating_income": null,
      "net_income": 88905000,
      "opex": 198274000,
      "cogs": null,
      "rd": null,
      "sga": null,
      "fcf": 128516000,
      "ocf": 128516000,
      "capex": null,
      "gross_margin": null,
      "op_margin": null,
      "fcf_margin": 0.40131026320802143,
      "rev_growth_yoy": 0.028245848370814657,
      "rev_growth_yoy_accel": 0.002591942761372361,
      "op_leverage_ratio": Infinity,
      "fcf_margin_change": -0.026141274779560908
    },
    {
      "date": "2024-06-30T00:00:00",
      "quarter_label": "2024-06 (Q2)",
      "revenue": 315689000,
      "gross_profit": null,
      "operating_income": null,
      "net_income": 70125000,
      "opex": 200255000,
      "cogs": null,
      "rd": null,
      "sga": null,
      "fcf": 183522000,
      "ocf": 183522000,
      "capex": null,
      "gross_margin": null,
      "op_margin": null,
      "fcf_margin": 0.5813379623616914,
      "rev_growth_yoy": 0.01903206334552427,
      "rev_growth_yoy_accel": -0.009213785025290386,
      "fcf_margin_change": 0.18002769915367
    },
    {
      "date": "2024-09-30T00:00:00",
      "quarter_label": "2024-09 (Q3)",
      "revenue": 320682000,
      "gross_profit": null,
      "operating_income": null,
      "net_income": 96840000,
      "opex": 210286000,
      "cogs": null,
      "rd": null,
      "sga": null,
      "fcf": 157476000,
      "ocf": 157476000,
      "capex": null,
      "gross_margin": null,
      "op_margin": null,
      "fcf_margin": 0.4910659157670215,
      "rev_growth_yoy": 0.043499482613873756,
      "rev_growth_yoy_accel": 0.024467419268349486,
      "op_leverage_ratio": 0.31574846989281485,
      "fcf_margin_change": -0.09027204659466992
    },
    {
      "date": "2024-12-31T00:00:00",
      "quarter_label": "2024-12 (Q4)",
      "revenue": 328442000,
      "gross_profit": null,
      "operating_income": null,
      "net_income": 83404000,
      "opex": 217203000,
      "cogs": null,
      "rd": null,
      "sga": null,
      "fcf": 155173000,
      "ocf": 155173000,
      "capex": null,
      "gross_margin": null,
      "op_margin": null,
      "fcf_margin": 0.47245175708344245,
      "rev_growth_yoy": 0.03778062151444776,
      "rev_growth_yoy_accel": -0.005718861099425994,
      "op_leverage_ratio": 0.7356643691804675,
      "fcf_margin_change": -0.018614158683579074
    },
    {
      "date": "2025-03-31T00:00:00",
      "quarter_label": "2025-03 (Q1)",
      "revenue": 337512000,
      "gross_profit": null,
      "operating_income": null,
      "net_income": 69729000,
      "opex": 217874000,
      "cogs": null,
      "rd": null,
      "sga": null,
      "fcf": 130088000,
      "ocf": 130088000,
      "capex": null,
      "gross_margin": null,
      "op_margin": null,
      "fcf_margin": 0.3854322216691555,
      "rev_growth_yoy": 0.053931258021302705,
      "rev_growth_yoy_accel": 0.016150636506854943,
      "op_leverage_ratio": 8.939060945742565,
      "fcf_margin_change": -0.08701953541428697
    },
    {
      "date": "2025-06-30T00:00:00",
      "quarter_label": "2025-06 (Q2)",
      "revenue": 339492000,
      "gross_profit": null,
      "operating_income": null,
      "net_income": 85139000,
      "opex": 215806000,
      "cogs": null,
      "rd": null,
      "sga": null,
      "fcf": 181454000,
      "ocf": 181454000,
      "capex": null,
      "gross_margin": null,
      "op_margin": null,
      "fcf_margin": 0.5344868214862206,
      "rev_growth_yoy": 0.07540015648312105,
      "rev_growth_yoy_accel": 0.021468898461818348,
      "fcf_margin_change": 0.14905459981706515
    },
    {
      "date": "2025-09-30T00:00:00",
      "quarter_label": "2025-09 (Q3)",
      "revenue": 340843000,
      "gross_profit": null,
      "operating_income": null,
      "net_income": 94235000,
      "opex": 230427000,
      "cogs": null,
      "rd": null,
      "sga": null,
      "fcf": 168267000,
      "ocf": 168267000,
      "capex": null,
      "gross_margin": null,
      "op_margin": null,
      "fcf_margin": 0.49367890788427515,
      "rev_growth_yoy": 0.06286913515569942,
      "rev_growth_yoy_accel": -0.012531021327421635,
      "fcf_margin_change": -0.04080791360194547
    }
  ],
  "signals": [
    {
      "quarter": "2025-06 (Q2)",
      "signal": "FCF MARGIN EXPANSION",
      "detail": "FCF margin: +38.5% -> +53.4% (+14.9%)",
      "severity": "MEDIUM"
    },
    {
      "quarter": "2025-03 (Q1)",
      "signal": "OPERATING LEVERAGE",
      "detail": "Rev growth +2.8% vs OpEx growth +0.3% (leverage: 8.9x)",
      "severity": "MEDIUM"
    },
    {
      "quarter": "2024-06 (Q2)",
      "signal": "FCF MARGIN EXPANSION",
      "detail": "FCF margin: +40.1% -> +58.1% (+18.0%)",
      "severity": "MEDIUM"
    },
    {
      "quarter": "2023-06 (Q2)",
      "signal": "FCF MARGIN EXPANSION",
      "detail": "FCF margin: +43.4% -> +51.6% (+8.2%)",
      "severity": "MEDIUM"
    },
    {
      "quarter": "2022-06 (Q2)",
      "signal": "FCF MARGIN EXPANSION",
      "detail": "FCF margin: +37.6% -> +52.9% (+15.3%)",
      "severity": "MEDIUM"
    },
    {
      "quarter": "2021-09 (Q3)",
      "signal": "OPERATING LEVERAGE",
      "detail": "Rev growth +1.1% vs OpEx growth +0.3% (leverage: 4.3x)",
      "severity": "MEDIUM"
    },
    {
      "quarter": "2021-06 (Q2)",
      "signal": "FCF MARGIN EXPANSION",
      "detail": "FCF margin: +39.5% -> +57.3% (+17.8%)",
      "severity": "MEDIUM"
    }
  ],
  "data_quality": {
    "n_quarters": 20,
    "coverage": {
      "revenue": [
        20,
        20
      ],
      "gross_profit": [
        0,
        20
      ],
      "op_income": [
        0,
        20
      ],
      "fcf": [
        20,
        20
      ]
    },
    "gaps": [],
    "warnings": [
      "gross_profit: no data",
      "op_income: no data"
    ]
  },
  "market_cap": null,
  "source": "SEC EDGAR",
  "last_updated": "2026-02-02T20:45:07.777296"
}