{
  "ticker": "BSM",
  "name": "Black Stone Minerals, L.P.",
  "quarters": [
    {
      "date": "2020-12-31T00:00:00",
      "quarter_label": "2020-12 (Q4)",
      "revenue": 77426000,
      "gross_profit": null,
      "operating_income": 31686000,
      "net_income": null,
      "opex": 45740000,
      "cogs": null,
      "rd": null,
      "sga": null,
      "fcf": 60395000,
      "ocf": 60395000,
      "capex": null,
      "gross_margin": null,
      "op_margin": 0.409242373362953,
      "fcf_margin": 0.780035130317981
    },
    {
      "date": "2021-03-31T00:00:00",
      "quarter_label": "2021-03 (Q1)",
      "revenue": 61568000,
      "gross_profit": null,
      "operating_income": 17213000,
      "net_income": 16186000,
      "opex": 44355000,
      "cogs": null,
      "rd": null,
      "sga": null,
      "fcf": 55686000,
      "ocf": 55686000,
      "capex": null,
      "gross_margin": null,
      "op_margin": 0.279577053014553,
      "fcf_margin": 0.9044633575883576,
      "fcf_margin_change": 0.12442822727037661
    },
    {
      "date": "2021-06-30T00:00:00",
      "quarter_label": "2021-06 (Q2)",
      "revenue": 58442000,
      "gross_profit": null,
      "operating_income": 17026000,
      "net_income": 15429000,
      "opex": 41416000,
      "cogs": null,
      "rd": null,
      "sga": null,
      "fcf": 69893000,
      "ocf": 69893000,
      "capex": null,
      "gross_margin": null,
      "op_margin": 0.29133157660586567,
      "fcf_margin": 1.1959378529140001,
      "fcf_margin_change": 0.2914744953256425
    },
    {
      "date": "2021-09-30T00:00:00",
      "quarter_label": "2021-09 (Q3)",
      "revenue": 59827000,
      "gross_profit": null,
      "operating_income": 17520000,
      "net_income": 16178000,
      "opex": 42307000,
      "cogs": null,
      "rd": null,
      "sga": null,
      "fcf": 57847000,
      "ocf": 57847000,
      "capex": null,
      "gross_margin": null,
      "op_margin": 0.2928443679275244,
      "fcf_margin": 0.9669045748575058,
      "op_leverage_ratio": 1.1015777400683233,
      "fcf_margin_change": -0.22903327805649432
    },
    {
      "date": "2021-12-31T00:00:00",
      "quarter_label": "2021-12 (Q4)",
      "revenue": 179423000,
      "gross_profit": null,
      "operating_income": 135566000,
      "net_income": null,
      "opex": 43857000,
      "cogs": null,
      "rd": null,
      "sga": null,
      "fcf": 73454000,
      "ocf": 73454000,
      "capex": null,
      "gross_margin": null,
      "op_margin": 0.7555664546908701,
      "fcf_margin": 0.40939010048878904,
      "incr_op_margin_yoy": 1.01846132729394,
      "rev_growth_yoy": 1.3173481776147546,
      "op_leverage_ratio": 54.563216111832126,
      "fcf_margin_change": -0.5575144743687168
    },
    {
      "date": "2022-03-31T00:00:00",
      "quarter_label": "2022-03 (Q1)",
      "revenue": 36424000,
      "gross_profit": null,
      "operating_income": -5748000,
      "net_income": -7002000,
      "opex": 42172000,
      "cogs": null,
      "rd": null,
      "sga": null,
      "fcf": 82576000,
      "ocf": 82576000,
      "capex": null,
      "gross_margin": null,
      "op_margin": -0.15780803865583132,
      "fcf_margin": 2.2670766527564243,
      "incr_op_margin_yoy": 0.9131800827235126,
      "rev_growth_yoy": -0.4083939708939709,
      "rev_growth_yoy_accel": -1.7257421485087256,
      "fcf_margin_change": 1.8576865522676353
    },
    {
      "date": "2022-06-30T00:00:00",
      "quarter_label": "2022-06 (Q2)",
      "revenue": 180372000,
      "gross_profit": null,
      "operating_income": 133067000,
      "net_income": 131788000,
      "opex": 47305000,
      "cogs": null,
      "rd": null,
      "sga": null,
      "fcf": 77563000,
      "ocf": 77563000,
      "capex": null,
      "gross_margin": null,
      "op_margin": 0.7377364557691881,
      "fcf_margin": 0.4300168540571707,
      "incr_op_margin_yoy": 0.9517017961125236,
      "rev_growth_yoy": 2.0863420143047806,
      "rev_growth_yoy_accel": 2.4947359851987514,
      "op_leverage_ratio": 32.469150895856146,
      "fcf_margin_change": -1.8370597986992536
    },
    {
      "date": "2022-09-30T00:00:00",
      "quarter_label": "2022-09 (Q3)",
      "revenue": 216429000,
      "gross_profit": null,
      "operating_income": 170206000,
      "net_income": 168475000,
      "opex": 46223000,
      "cogs": null,
      "rd": null,
      "sga": null,
      "fcf": 108411000,
      "ocf": 108411000,
      "capex": null,
      "gross_margin": null,
      "op_margin": 0.7864288057515397,
      "fcf_margin": 0.5009079189942198,
      "incr_op_margin_yoy": 0.9749939336662367,
      "rev_growth_yoy": 2.6175806909923613,
      "rev_growth_yoy_accel": 0.5312386766875807,
      "op_leverage_ratio": Infinity,
      "fcf_margin_change": 0.07089106493704911
    },
    {
      "date": "2022-12-31T00:00:00",
      "quarter_label": "2022-12 (Q4)",
      "revenue": 230379000,
      "gross_profit": null,
      "operating_income": 184973000,
      "net_income": null,
      "opex": 45406000,
      "cogs": null,
      "rd": null,
      "sga": null,
      "fcf": 156433000,
      "ocf": 156433000,
      "capex": null,
      "gross_margin": null,
      "op_margin": 0.8029073830514066,
      "fcf_margin": 0.6790245638708389,
      "incr_op_margin_yoy": 0.9696012245859172,
      "rev_growth_yoy": 0.28399926430836625,
      "rev_growth_yoy_accel": -2.333581426683995,
      "op_leverage_ratio": Infinity,
      "fcf_margin_change": 0.17811664487661905
    },
    {
      "date": "2023-03-31T00:00:00",
      "quarter_label": "2023-03 (Q1)",
      "revenue": 174578000,
      "gross_profit": null,
      "operating_income": 135199000,
      "net_income": null,
      "opex": 39379000,
      "cogs": null,
      "rd": null,
      "sga": null,
      "fcf": 137155000,
      "ocf": 137155000,
      "capex": null,
      "gross_margin": null,
      "op_margin": 0.7744332046420511,
      "fcf_margin": 0.785637365532885,
      "incr_op_margin_yoy": 1.0202165699147328,
      "rev_growth_yoy": 3.7929387217219417,
      "rev_growth_yoy_accel": 3.5089394574135753,
      "fcf_margin_change": 0.10661280166204612
    },
    {
      "date": "2023-06-30T00:00:00",
      "quarter_label": "2023-06 (Q2)",
      "revenue": 117000000,
      "gross_profit": null,
      "operating_income": 78761000,
      "net_income": null,
      "opex": 38239000,
      "cogs": null,
      "rd": null,
      "sga": null,
      "fcf": 133270000,
      "ocf": 133270000,
      "capex": null,
      "gross_margin": null,
      "op_margin": 0.6731709401709401,
      "fcf_margin": 1.139059829059829,
      "incr_op_margin_yoy": 0.8569399734898694,
      "rev_growth_yoy": -0.3513405628368039,
      "rev_growth_yoy_accel": -4.1442792845587455,
      "fcf_margin_change": 0.35342246352694406
    },
    {
      "date": "2023-09-30T00:00:00",
      "quarter_label": "2023-09 (Q3)",
      "revenue": 109797000,
      "gross_profit": null,
      "operating_income": 62034000,
      "net_income": null,
      "opex": 47763000,
      "cogs": null,
      "rd": null,
      "sga": null,
      "fcf": 116710000,
      "ocf": 116710000,
      "capex": null,
      "gross_margin": null,
      "op_margin": 0.564988114429356,
      "fcf_margin": 1.0629616474038452,
      "incr_op_margin_yoy": 1.0144421937129566,
      "rev_growth_yoy": -0.49268813329082517,
      "rev_growth_yoy_accel": -0.14134757045402124,
      "fcf_margin_change": -0.07609818165598381
    },
    {
      "date": "2023-12-31T00:00:00",
      "quarter_label": "2023-12 (Q4)",
      "revenue": 190841000,
      "gross_profit": null,
      "operating_income": 147602000,
      "net_income": null,
      "opex": 43239000,
      "cogs": null,
      "rd": null,
      "sga": null,
      "fcf": 134116000,
      "ocf": 134116000,
      "capex": null,
      "gross_margin": null,
      "op_margin": 0.7734291897443422,
      "fcf_margin": 0.7027630331008536,
      "incr_op_margin_yoy": 0.9451919672214073,
      "rev_growth_yoy": -0.17162154536654817,
      "rev_growth_yoy_accel": 0.321066587924277,
      "op_leverage_ratio": Infinity,
      "fcf_margin_change": -0.3601986143029916
    },
    {
      "date": "2024-03-31T00:00:00",
      "quarter_label": "2024-03 (Q1)",
      "revenue": 105493000,
      "gross_profit": null,
      "operating_income": 63974000,
      "net_income": null,
      "opex": 41519000,
      "cogs": null,
      "rd": null,
      "sga": null,
      "fcf": 104460000,
      "ocf": 104460000,
      "capex": null,
      "gross_margin": null,
      "op_margin": 0.6064288625785598,
      "fcf_margin": 0.9902078810916364,
      "incr_op_margin_yoy": 1.0309763335022075,
      "rev_growth_yoy": -0.3957256928135275,
      "rev_growth_yoy_accel": -0.22410414744697932,
      "fcf_margin_change": 0.28744484799078274
    },
    {
      "date": "2024-06-30T00:00:00",
      "quarter_label": "2024-06 (Q2)",
      "revenue": 109624000,
      "gross_profit": null,
      "operating_income": 68490000,
      "net_income": null,
      "opex": 41134000,
      "cogs": null,
      "rd": null,
      "sga": null,
      "fcf": 100385000,
      "ocf": 100385000,
      "capex": null,
      "gross_margin": null,
      "op_margin": 0.6247719477486682,
      "fcf_margin": 0.9157210099978107,
      "incr_op_margin_yoy": 1.392489154013015,
      "rev_growth_yoy": -0.06304273504273504,
      "rev_growth_yoy_accel": 0.33268295777079243,
      "op_leverage_ratio": Infinity,
      "fcf_margin_change": -0.07448687109382568
    },
    {
      "date": "2024-09-30T00:00:00",
      "quarter_label": "2024-09 (Q3)",
      "revenue": 134856000,
      "gross_profit": null,
      "operating_income": 93120000,
      "net_income": null,
      "opex": 41736000,
      "cogs": null,
      "rd": null,
      "sga": null,
      "fcf": 93242000,
      "ocf": 93242000,
      "capex": null,
      "gross_margin": null,
      "op_margin": 0.6905143263925966,
      "fcf_margin": 0.6914189950762295,
      "incr_op_margin_yoy": 1.2405123907578115,
      "rev_growth_yoy": 0.22823027951583377,
      "rev_growth_yoy_accel": 0.2912730145585688,
      "op_leverage_ratio": 15.727166469112301,
      "fcf_margin_change": -0.2243020149215812
    },
    {
      "date": "2024-12-31T00:00:00",
      "quarter_label": "2024-12 (Q4)",
      "revenue": 83726000,
      "gross_profit": null,
      "operating_income": 47522000,
      "net_income": null,
      "opex": 36204000,
      "cogs": null,
      "rd": null,
      "sga": null,
      "fcf": 90956000,
      "ocf": 90956000,
      "capex": null,
      "gross_margin": null,
      "op_margin": 0.5675895181902874,
      "fcf_margin": 1.0863531041731362,
      "incr_op_margin_yoy": 0.9343229239602296,
      "rev_growth_yoy": -0.5612787608532758,
      "rev_growth_yoy_accel": -0.7895090403691095,
      "fcf_margin_change": 0.39493410909690674
    },
    {
      "date": "2025-03-31T00:00:00",
      "quarter_label": "2025-03 (Q1)",
      "revenue": 59252000,
      "gross_profit": null,
      "operating_income": 17161000,
      "net_income": null,
      "opex": 42091000,
      "cogs": null,
      "rd": null,
      "sga": null,
      "fcf": 64835000,
      "ocf": 64835000,
      "capex": null,
      "gross_margin": null,
      "op_margin": 0.289627354350908,
      "fcf_margin": 1.0942246675217715,
      "incr_op_margin_yoy": 1.012369974697779,
      "rev_growth_yoy": -0.4383324012019755,
      "rev_growth_yoy_accel": 0.1229463596513003,
      "fcf_margin_change": 0.007871563348635258
    },
    {
      "date": "2025-06-30T00:00:00",
      "quarter_label": "2025-06 (Q2)",
      "revenue": 159494000,
      "gross_profit": null,
      "operating_income": 122281000,
      "net_income": null,
      "opex": 37213000,
      "cogs": null,
      "rd": null,
      "sga": null,
      "fcf": 80476000,
      "ocf": 80476000,
      "capex": null,
      "gross_margin": null,
      "op_margin": 0.7666808782775527,
      "fcf_margin": 0.504570704854101,
      "incr_op_margin_yoy": 1.0786244235011029,
      "rev_growth_yoy": 0.4549186309567248,
      "rev_growth_yoy_accel": 0.8932510321587003,
      "op_leverage_ratio": Infinity,
      "fcf_margin_change": -0.5896539626676705
    },
    {
      "date": "2025-09-30T00:00:00",
      "quarter_label": "2025-09 (Q3)",
      "revenue": 132470000,
      "gross_profit": null,
      "operating_income": 94100000,
      "net_income": null,
      "opex": 38370000,
      "cogs": null,
      "rd": null,
      "sga": null,
      "fcf": 99756000,
      "ocf": 99756000,
      "capex": null,
      "gross_margin": null,
      "op_margin": 0.7103495130973051,
      "fcf_margin": 0.7530459726730581,
      "incr_op_margin_yoy": -0.4107292539815591,
      "rev_growth_yoy": -0.017692946550394495,
      "rev_growth_yoy_accel": -0.4726115775071193,
      "fcf_margin_change": 0.248475267818957
    }
  ],
  "signals": [
    {
      "quarter": "2025-09 (Q3)",
      "signal": "FCF MARGIN EXPANSION",
      "detail": "FCF margin: +50.5% -> +75.3% (+24.8%)",
      "severity": "MEDIUM"
    },
    {
      "quarter": "2025-09 (Q3)",
      "signal": "YoY REVENUE GROWTH DECELERATION",
      "detail": "YoY growth: -1.8% vs prior quarter YoY: +45.5% (decel: -47.3%)",
      "severity": "WARNING"
    },
    {
      "quarter": "2025-06 (Q2)",
      "signal": "YoY REVENUE GROWTH ACCELERATION",
      "detail": "YoY growth: +45.5% vs prior quarter YoY: -43.8% (accel: +89.3%)",
      "severity": "HIGH"
    },
    {
      "quarter": "2025-06 (Q2)",
      "signal": "INCREMENTAL MARGIN (YoY)",
      "detail": "YoY Incr OPM: +107.9% vs year-ago OPM: +62.5%",
      "severity": "HIGH"
    },
    {
      "quarter": "2025-03 (Q1)",
      "signal": "YoY REVENUE GROWTH ACCELERATION",
      "detail": "YoY growth: -43.8% vs prior quarter YoY: -56.1% (accel: +12.3%)",
      "severity": "MEDIUM"
    },
    {
      "quarter": "2025-03 (Q1)",
      "signal": "INCREMENTAL MARGIN (YoY)",
      "detail": "YoY Incr OPM: +101.2% vs year-ago OPM: +60.6%",
      "severity": "HIGH"
    },
    {
      "quarter": "2024-12 (Q4)",
      "signal": "FCF MARGIN EXPANSION",
      "detail": "FCF margin: +69.1% -> +108.6% (+39.5%)",
      "severity": "MEDIUM"
    },
    {
      "quarter": "2024-12 (Q4)",
      "signal": "YoY REVENUE GROWTH DECELERATION",
      "detail": "YoY growth: -56.1% vs prior quarter YoY: +22.8% (decel: -79.0%)",
      "severity": "WARNING"
    },
    {
      "quarter": "2024-12 (Q4)",
      "signal": "INCREMENTAL MARGIN (YoY)",
      "detail": "YoY Incr OPM: +93.4% vs year-ago OPM: +77.3%",
      "severity": "MEDIUM"
    },
    {
      "quarter": "2024-09 (Q3)",
      "signal": "OPERATING LEVERAGE",
      "detail": "Rev growth +23.0% vs OpEx growth +1.5% (leverage: 15.7x)",
      "severity": "MEDIUM"
    },
    {
      "quarter": "2024-09 (Q3)",
      "signal": "YoY REVENUE GROWTH ACCELERATION",
      "detail": "YoY growth: +22.8% vs prior quarter YoY: -6.3% (accel: +29.1%)",
      "severity": "HIGH"
    },
    {
      "quarter": "2024-09 (Q3)",
      "signal": "INCREMENTAL MARGIN (YoY)",
      "detail": "YoY Incr OPM: +124.1% vs year-ago OPM: +56.5%",
      "severity": "HIGH"
    },
    {
      "quarter": "2024-06 (Q2)",
      "signal": "YoY REVENUE GROWTH ACCELERATION",
      "detail": "YoY growth: -6.3% vs prior quarter YoY: -39.6% (accel: +33.3%)",
      "severity": "HIGH"
    },
    {
      "quarter": "2024-06 (Q2)",
      "signal": "INCREMENTAL MARGIN (YoY)",
      "detail": "YoY Incr OPM: +139.2% vs year-ago OPM: +67.3%",
      "severity": "HIGH"
    },
    {
      "quarter": "2024-03 (Q1)",
      "signal": "FCF MARGIN EXPANSION",
      "detail": "FCF margin: +70.3% -> +99.0% (+28.7%)",
      "severity": "MEDIUM"
    },
    {
      "quarter": "2024-03 (Q1)",
      "signal": "YoY REVENUE GROWTH DECELERATION",
      "detail": "YoY growth: -39.6% vs prior quarter YoY: -17.2% (decel: -22.4%)",
      "severity": "WARNING"
    },
    {
      "quarter": "2024-03 (Q1)",
      "signal": "INCREMENTAL MARGIN (YoY)",
      "detail": "YoY Incr OPM: +103.1% vs year-ago OPM: +77.4%",
      "severity": "HIGH"
    },
    {
      "quarter": "2023-12 (Q4)",
      "signal": "YoY REVENUE GROWTH ACCELERATION",
      "detail": "YoY growth: -17.2% vs prior quarter YoY: -49.3% (accel: +32.1%)",
      "severity": "HIGH"
    },
    {
      "quarter": "2023-12 (Q4)",
      "signal": "INCREMENTAL MARGIN (YoY)",
      "detail": "YoY Incr OPM: +94.5% vs year-ago OPM: +80.3%",
      "severity": "MEDIUM"
    },
    {
      "quarter": "2023-09 (Q3)",
      "signal": "YoY REVENUE GROWTH DECELERATION",
      "detail": "YoY growth: -49.3% vs prior quarter YoY: -35.1% (decel: -14.1%)",
      "severity": "WARNING"
    },
    {
      "quarter": "2023-09 (Q3)",
      "signal": "INCREMENTAL MARGIN (YoY)",
      "detail": "YoY Incr OPM: +101.4% vs year-ago OPM: +78.6%",
      "severity": "HIGH"
    },
    {
      "quarter": "2023-06 (Q2)",
      "signal": "FCF MARGIN EXPANSION",
      "detail": "FCF margin: +78.6% -> +113.9% (+35.3%)",
      "severity": "MEDIUM"
    },
    {
      "quarter": "2023-06 (Q2)",
      "signal": "YoY REVENUE GROWTH DECELERATION",
      "detail": "YoY growth: -35.1% vs prior quarter YoY: +379.3% (decel: -414.4%)",
      "severity": "WARNING"
    },
    {
      "quarter": "2023-06 (Q2)",
      "signal": "INCREMENTAL MARGIN (YoY)",
      "detail": "YoY Incr OPM: +85.7% vs year-ago OPM: +73.8%",
      "severity": "MEDIUM"
    },
    {
      "quarter": "2023-03 (Q1)",
      "signal": "FCF MARGIN EXPANSION",
      "detail": "FCF margin: +67.9% -> +78.6% (+10.7%)",
      "severity": "MEDIUM"
    },
    {
      "quarter": "2023-03 (Q1)",
      "signal": "YoY REVENUE GROWTH ACCELERATION",
      "detail": "YoY growth: +379.3% vs prior quarter YoY: +28.4% (accel: +350.9%)",
      "severity": "HIGH"
    },
    {
      "quarter": "2023-03 (Q1)",
      "signal": "OP MARGIN TURNED POSITIVE (YoY)",
      "detail": "Op margin: -15.8% (year-ago) -> +77.4%",
      "severity": "HIGH"
    },
    {
      "quarter": "2022-12 (Q4)",
      "signal": "FCF MARGIN EXPANSION",
      "detail": "FCF margin: +50.1% -> +67.9% (+17.8%)",
      "severity": "MEDIUM"
    },
    {
      "quarter": "2022-12 (Q4)",
      "signal": "YoY REVENUE GROWTH DECELERATION",
      "detail": "YoY growth: +28.4% vs prior quarter YoY: +261.8% (decel: -233.4%)",
      "severity": "WARNING"
    },
    {
      "quarter": "2022-12 (Q4)",
      "signal": "INCREMENTAL MARGIN (YoY)",
      "detail": "YoY Incr OPM: +97.0% vs year-ago OPM: +75.6%",
      "severity": "HIGH"
    },
    {
      "quarter": "2022-09 (Q3)",
      "signal": "FCF MARGIN EXPANSION",
      "detail": "FCF margin: +43.0% -> +50.1% (+7.1%)",
      "severity": "MEDIUM"
    },
    {
      "quarter": "2022-09 (Q3)",
      "signal": "YoY REVENUE GROWTH ACCELERATION",
      "detail": "YoY growth: +261.8% vs prior quarter YoY: +208.6% (accel: +53.1%)",
      "severity": "HIGH"
    },
    {
      "quarter": "2022-09 (Q3)",
      "signal": "INCREMENTAL MARGIN (YoY)",
      "detail": "YoY Incr OPM: +97.5% vs year-ago OPM: +29.3%",
      "severity": "HIGH"
    },
    {
      "quarter": "2022-06 (Q2)",
      "signal": "OPERATING LEVERAGE",
      "detail": "Rev growth +395.2% vs OpEx growth +12.2% (leverage: 32.5x)",
      "severity": "MEDIUM"
    },
    {
      "quarter": "2022-06 (Q2)",
      "signal": "YoY REVENUE GROWTH ACCELERATION",
      "detail": "YoY growth: +208.6% vs prior quarter YoY: -40.8% (accel: +249.5%)",
      "severity": "HIGH"
    },
    {
      "quarter": "2022-06 (Q2)",
      "signal": "INCREMENTAL MARGIN (YoY)",
      "detail": "YoY Incr OPM: +95.2% vs year-ago OPM: +29.1%",
      "severity": "HIGH"
    },
    {
      "quarter": "2022-06 (Q2)",
      "signal": "OP MARGIN TURNED POSITIVE (QoQ)",
      "detail": "Op margin: -15.8% -> +73.8%",
      "severity": "HIGH"
    },
    {
      "quarter": "2022-03 (Q1)",
      "signal": "FCF MARGIN EXPANSION",
      "detail": "FCF margin: +40.9% -> +226.7% (+185.8%)",
      "severity": "MEDIUM"
    },
    {
      "quarter": "2022-03 (Q1)",
      "signal": "YoY REVENUE GROWTH DECELERATION",
      "detail": "YoY growth: -40.8% vs prior quarter YoY: +131.7% (decel: -172.6%)",
      "severity": "WARNING"
    },
    {
      "quarter": "2021-12 (Q4)",
      "signal": "OPERATING LEVERAGE",
      "detail": "Rev growth +199.9% vs OpEx growth +3.7% (leverage: 54.6x)",
      "severity": "MEDIUM"
    },
    {
      "quarter": "2021-12 (Q4)",
      "signal": "INCREMENTAL MARGIN (YoY)",
      "detail": "YoY Incr OPM: +101.8% vs year-ago OPM: +40.9%",
      "severity": "HIGH"
    },
    {
      "quarter": "2021-06 (Q2)",
      "signal": "FCF MARGIN EXPANSION",
      "detail": "FCF margin: +90.4% -> +119.6% (+29.1%)",
      "severity": "MEDIUM"
    },
    {
      "quarter": "2021-03 (Q1)",
      "signal": "FCF MARGIN EXPANSION",
      "detail": "FCF margin: +78.0% -> +90.4% (+12.4%)",
      "severity": "MEDIUM"
    }
  ],
  "data_quality": {
    "n_quarters": 20,
    "coverage": {
      "revenue": [
        20,
        20
      ],
      "gross_profit": [
        0,
        20
      ],
      "op_income": [
        20,
        20
      ],
      "fcf": [
        20,
        20
      ]
    },
    "gaps": [],
    "warnings": [
      "gross_profit: no data"
    ]
  },
  "market_cap": null,
  "source": "SEC EDGAR",
  "last_updated": "2026-02-02T21:21:09.112865"
}