{
  "ticker": "BSTT",
  "name": "Blackstone Real Estate Income Trust, Inc.",
  "quarters": [
    {
      "date": "2020-12-31T00:00:00",
      "quarter_label": "2020-12 (Q4)",
      "revenue": 648648000,
      "gross_profit": 388294000,
      "operating_income": 675938000,
      "net_income": -89023000,
      "opex": 877257000,
      "cogs": 260354000,
      "rd": null,
      "sga": null,
      "fcf": 242453000,
      "ocf": 242453000,
      "capex": null,
      "gross_margin": 0.598620515287182,
      "op_margin": 1.0420721254054588,
      "fcf_margin": 0.37378208211541547
    },
    {
      "date": "2021-03-31T00:00:00",
      "quarter_label": "2021-03 (Q1)",
      "revenue": 733455000,
      "gross_profit": 440070000,
      "operating_income": 805224000,
      "net_income": 28472000,
      "opex": 917042000,
      "cogs": 293385000,
      "rd": null,
      "sga": null,
      "fcf": 291636000,
      "ocf": 291636000,
      "capex": null,
      "gross_margin": 0.5999959097695156,
      "op_margin": 1.0978505838804016,
      "fcf_margin": 0.3976194858580281,
      "op_leverage_ratio": 2.882903445053125,
      "fcf_margin_change": 0.023837403742612617
    },
    {
      "date": "2021-06-30T00:00:00",
      "quarter_label": "2021-06 (Q2)",
      "revenue": 810183000,
      "gross_profit": 487105000,
      "operating_income": 827346000,
      "net_income": -174757000,
      "opex": 1122044000,
      "cogs": 323078000,
      "rd": null,
      "sga": null,
      "fcf": 381606000,
      "ocf": 381606000,
      "capex": null,
      "gross_margin": 0.6012283644559315,
      "op_margin": 1.0211841028508375,
      "fcf_margin": 0.47101210467264804,
      "op_leverage_ratio": 0.46796301777450955,
      "fcf_margin_change": 0.07339261881461995
    },
    {
      "date": "2021-09-30T00:00:00",
      "quarter_label": "2021-09 (Q3)",
      "revenue": 979309000,
      "gross_profit": 573012000,
      "operating_income": 886350000,
      "net_income": -357289000,
      "opex": 1468136000,
      "cogs": 406297000,
      "rd": null,
      "sga": null,
      "fcf": 517171000,
      "ocf": 517171000,
      "capex": null,
      "gross_margin": 0.585118690832005,
      "op_margin": 0.905076947112709,
      "fcf_margin": 0.5280978730921496,
      "op_leverage_ratio": 0.6767769805335758,
      "fcf_margin_change": 0.05708576841950158
    },
    {
      "date": "2021-12-31T00:00:00",
      "quarter_label": "2021-12 (Q4)",
      "revenue": 1173724000,
      "gross_profit": 687769000,
      "operating_income": 1257382000,
      "net_income": -301209000,
      "opex": 1777721000,
      "cogs": 485955000,
      "rd": null,
      "sga": null,
      "fcf": 592672000,
      "ocf": 592672000,
      "capex": null,
      "gross_margin": 0.5859716594361196,
      "op_margin": 1.0712757002498032,
      "fcf_margin": 0.5049500564016753,
      "incr_op_margin_yoy": 1.1073520785562472,
      "rev_growth_yoy": 0.8094929761596428,
      "op_leverage_ratio": 0.9414481403240047,
      "fcf_margin_change": -0.023147816690474277
    },
    {
      "date": "2022-03-31T00:00:00",
      "quarter_label": "2022-03 (Q1)",
      "revenue": 1519065000,
      "gross_profit": 848615000,
      "operating_income": 897635000,
      "net_income": -51668000,
      "opex": 2199326000,
      "cogs": 670450000,
      "rd": null,
      "sga": null,
      "fcf": 622823000,
      "ocf": 622823000,
      "capex": null,
      "gross_margin": 0.5586429810442608,
      "op_margin": 0.5909128312481691,
      "fcf_margin": 0.4100041802029538,
      "incr_op_margin_yoy": 0.11762961265768002,
      "rev_growth_yoy": 1.0711086569728203,
      "rev_growth_yoy_accel": 0.26161568081317754,
      "op_leverage_ratio": 1.2406235110865844,
      "fcf_margin_change": -0.09494587619872152
    },
    {
      "date": "2022-06-30T00:00:00",
      "quarter_label": "2022-06 (Q2)",
      "revenue": 1723001000,
      "gross_profit": 937590000,
      "operating_income": 374139000,
      "net_income": -569010000,
      "opex": 2179738000,
      "cogs": 785411000,
      "rd": null,
      "sga": null,
      "fcf": 727473000,
      "ocf": 727473000,
      "capex": null,
      "gross_margin": 0.5441610306668423,
      "op_margin": 0.21714380897051133,
      "fcf_margin": 0.42221275553525506,
      "incr_op_margin_yoy": -0.49649218135488127,
      "rev_growth_yoy": 1.126681255963159,
      "rev_growth_yoy_accel": 0.05557259899033862,
      "op_leverage_ratio": Infinity,
      "fcf_margin_change": 0.012208575332301241
    },
    {
      "date": "2022-09-30T00:00:00",
      "quarter_label": "2022-09 (Q3)",
      "revenue": 2128910000,
      "gross_profit": 1140966000,
      "operating_income": 1107974000,
      "net_income": 372167000,
      "opex": 2543007000,
      "cogs": 987944000,
      "rd": null,
      "sga": null,
      "fcf": 847684000,
      "ocf": 847684000,
      "capex": null,
      "gross_margin": 0.5359390486211254,
      "op_margin": 0.5204419162857988,
      "fcf_margin": 0.3981774711002344,
      "incr_op_margin_yoy": 0.19278340920023557,
      "rev_growth_yoy": 1.173889957102406,
      "rev_growth_yoy_accel": 0.04720870113924702,
      "op_leverage_ratio": 1.4135758220361636,
      "fcf_margin_change": -0.024035284435020676
    },
    {
      "date": "2022-12-31T00:00:00",
      "quarter_label": "2022-12 (Q4)",
      "revenue": 2275402000,
      "gross_profit": 1293403000,
      "operating_income": 1474863000,
      "net_income": -635008000,
      "opex": 2268662000,
      "cogs": 981999000,
      "rd": null,
      "sga": null,
      "fcf": 530697000,
      "ocf": 530697000,
      "capex": null,
      "gross_margin": 0.5684283480457519,
      "op_margin": 0.6481768935774865,
      "fcf_margin": 0.2332321936958832,
      "incr_op_margin_yoy": 0.19740886175452355,
      "rev_growth_yoy": 0.9386175966411183,
      "rev_growth_yoy_accel": -0.23527236046128763,
      "op_leverage_ratio": Infinity,
      "fcf_margin_change": -0.1649452774043512
    },
    {
      "date": "2023-03-31T00:00:00",
      "quarter_label": "2023-03 (Q1)",
      "revenue": 2287940000,
      "gross_profit": 1261928000,
      "operating_income": 1889321000,
      "net_income": -601055000,
      "opex": 2276210000,
      "cogs": 1026012000,
      "rd": null,
      "sga": null,
      "fcf": 565847000,
      "ocf": 565847000,
      "capex": null,
      "gross_margin": 0.5515564219341417,
      "op_margin": 0.8257738402230828,
      "fcf_margin": 0.24731723734014005,
      "incr_op_margin_yoy": 1.2897883271012844,
      "rev_growth_yoy": 0.5061501647394944,
      "rev_growth_yoy_accel": -0.43246743190162396,
      "fcf_margin_change": 0.014085043644256862
    },
    {
      "date": "2023-06-30T00:00:00",
      "quarter_label": "2023-06 (Q2)",
      "revenue": 2273055000,
      "gross_profit": 1228456000,
      "operating_income": 1663312000,
      "net_income": 754934000,
      "opex": 2367938000,
      "cogs": 1044599000,
      "rd": null,
      "sga": null,
      "fcf": 940203000,
      "ocf": 940203000,
      "capex": null,
      "gross_margin": 0.5404427081614831,
      "op_margin": 0.7317517613960067,
      "fcf_margin": 0.41362967460092254,
      "incr_op_margin_yoy": 2.3437207983216193,
      "rev_growth_yoy": 0.3192418344504733,
      "rev_growth_yoy_accel": -0.18690833028902104,
      "fcf_margin_change": 0.1663124372607825
    },
    {
      "date": "2023-09-30T00:00:00",
      "quarter_label": "2023-09 (Q3)",
      "revenue": 2187233000,
      "gross_profit": 1125077000,
      "operating_income": 1182110000,
      "net_income": 588294000,
      "opex": 2278228000,
      "cogs": 1062156000,
      "rd": null,
      "sga": null,
      "fcf": 629734000,
      "ocf": 629734000,
      "capex": null,
      "gross_margin": 0.5143836984902843,
      "op_margin": 0.5404591097519102,
      "fcf_margin": 0.28791354190431473,
      "incr_op_margin_yoy": 1.271128028393601,
      "rev_growth_yoy": 0.027395709541502458,
      "rev_growth_yoy_accel": -0.2918461249089709,
      "fcf_margin_change": -0.1257161326966078
    },
    {
      "date": "2023-12-31T00:00:00",
      "quarter_label": "2023-12 (Q4)",
      "revenue": 2186177000,
      "gross_profit": 1187330000,
      "operating_income": 1246704000,
      "net_income": -1433995000,
      "opex": 2164940000,
      "cogs": 998847000,
      "rd": null,
      "sga": null,
      "fcf": 570705000,
      "ocf": 570705000,
      "capex": null,
      "gross_margin": 0.5431079002294874,
      "op_margin": 0.5702667258872451,
      "fcf_margin": 0.2610515982923615,
      "incr_op_margin_yoy": 2.557119641356122,
      "rev_growth_yoy": -0.03921285117970363,
      "rev_growth_yoy_accel": -0.06660856072120608,
      "fcf_margin_change": -0.02686194361195321
    },
    {
      "date": "2024-03-31T00:00:00",
      "quarter_label": "2024-03 (Q1)",
      "revenue": 2188914000,
      "gross_profit": 1183543000,
      "operating_income": 1559763000,
      "net_income": -133013000,
      "opex": 2292730000,
      "cogs": 1005371000,
      "rd": null,
      "sga": null,
      "fcf": 498488000,
      "ocf": 498488000,
      "capex": null,
      "gross_margin": 0.540698720918227,
      "op_margin": 0.7125739065125446,
      "fcf_margin": 0.22773302194604264,
      "incr_op_margin_yoy": 3.3279946680669723,
      "rev_growth_yoy": -0.043281729415981185,
      "rev_growth_yoy_accel": -0.004068878236277558,
      "fcf_margin_change": -0.03331857634631888
    },
    {
      "date": "2024-06-30T00:00:00",
      "quarter_label": "2024-06 (Q2)",
      "revenue": 2158547000,
      "gross_profit": 1153867000,
      "operating_income": 1318466000,
      "net_income": -518499000,
      "opex": 2105697000,
      "cogs": 1004680000,
      "rd": null,
      "sga": null,
      "fcf": 653829000,
      "ocf": 653829000,
      "capex": null,
      "gross_margin": 0.5345572739440003,
      "op_margin": 0.6108118099814366,
      "fcf_margin": 0.30290236904732676,
      "incr_op_margin_yoy": 3.0115450448876935,
      "rev_growth_yoy": -0.050376255743921725,
      "rev_growth_yoy_accel": -0.00709452632794054,
      "fcf_margin_change": 0.07516934710128412
    },
    {
      "date": "2024-09-30T00:00:00",
      "quarter_label": "2024-09 (Q3)",
      "revenue": 2094666000,
      "gross_profit": 1058771000,
      "operating_income": 1212951000,
      "net_income": -606059000,
      "opex": 2122300000,
      "cogs": 1035895000,
      "rd": null,
      "sga": null,
      "fcf": 480398000,
      "ocf": 480398000,
      "capex": null,
      "gross_margin": 0.5054605364291969,
      "op_margin": 0.5790665433057108,
      "fcf_margin": 0.22934348483242675,
      "incr_op_margin_yoy": -0.3331748895394687,
      "rev_growth_yoy": -0.04232150849955172,
      "rev_growth_yoy_accel": 0.008054747244370004,
      "fcf_margin_change": -0.0735588842149
    },
    {
      "date": "2024-12-31T00:00:00",
      "quarter_label": "2024-12 (Q4)",
      "revenue": 2088907000,
      "gross_profit": 1078803000,
      "operating_income": 1309213000,
      "net_income": 367022000,
      "opex": 2269066000,
      "cogs": 1010104000,
      "rd": null,
      "sga": null,
      "fcf": 454610000,
      "ocf": 454610000,
      "capex": null,
      "gross_margin": 0.5164437670035095,
      "op_margin": 0.626745470238742,
      "fcf_margin": 0.21763055990525187,
      "incr_op_margin_yoy": -0.6426339056235222,
      "rev_growth_yoy": -0.04449319519874191,
      "rev_growth_yoy_accel": -0.002171686699190191,
      "fcf_margin_change": -0.011712924927174878
    },
    {
      "date": "2025-03-31T00:00:00",
      "quarter_label": "2025-03 (Q1)",
      "revenue": 2055172000,
      "gross_profit": 1102083000,
      "operating_income": 502131000,
      "net_income": -1696637000,
      "opex": 2277160000,
      "cogs": 953089000,
      "rd": null,
      "sga": null,
      "fcf": 572454000,
      "ocf": 572454000,
      "capex": null,
      "gross_margin": 0.5362485475668216,
      "op_margin": 0.2443255357702421,
      "fcf_margin": 0.2785431097737805,
      "incr_op_margin_yoy": 7.908001973949844,
      "rev_growth_yoy": -0.061099705150590655,
      "rev_growth_yoy_accel": -0.016606509951848744,
      "fcf_margin_change": 0.06091254986852862
    },
    {
      "date": "2025-06-30T00:00:00",
      "quarter_label": "2025-06 (Q2)",
      "revenue": 1998381000,
      "gross_profit": 1071588000,
      "operating_income": 1270440000,
      "net_income": -488478000,
      "opex": 2179159000,
      "cogs": 926793000,
      "rd": null,
      "sga": null,
      "fcf": 609123000,
      "ocf": 609123000,
      "capex": null,
      "gross_margin": 0.5362280766280304,
      "op_margin": 0.6357346271807027,
      "fcf_margin": 0.3048082422721193,
      "incr_op_margin_yoy": 0.2998514041681755,
      "rev_growth_yoy": -0.07420083973154164,
      "rev_growth_yoy_accel": -0.013101134580950982,
      "fcf_margin_change": 0.026265132498338783
    },
    {
      "date": "2025-09-30T00:00:00",
      "quarter_label": "2025-09 (Q3)",
      "revenue": 1943444000,
      "gross_profit": 1026510000,
      "operating_income": 1037727000,
      "net_income": -638682000,
      "opex": 2041539000,
      "cogs": 916934000,
      "rd": null,
      "sga": null,
      "fcf": 540030000,
      "ocf": 540030000,
      "capex": null,
      "gross_margin": 0.5281911904845213,
      "op_margin": 0.5339629029701911,
      "fcf_margin": 0.277872683751114,
      "incr_op_margin_yoy": 1.1587202920210022,
      "rev_growth_yoy": -0.07219384856583341,
      "rev_growth_yoy_accel": 0.0020069911657082246,
      "fcf_margin_change": -0.026935558521005265
    }
  ],
  "signals": [
    {
      "quarter": "2025-09 (Q3)",
      "signal": "INCREMENTAL MARGIN (YoY)",
      "detail": "YoY Incr OPM: +115.9% vs year-ago OPM: +57.9%",
      "severity": "HIGH"
    },
    {
      "quarter": "2025-03 (Q1)",
      "signal": "FCF MARGIN EXPANSION",
      "detail": "FCF margin: +21.8% -> +27.9% (+6.1%)",
      "severity": "MEDIUM"
    },
    {
      "quarter": "2025-03 (Q1)",
      "signal": "INCREMENTAL MARGIN (YoY)",
      "detail": "YoY Incr OPM: +790.8% vs year-ago OPM: +71.3%",
      "severity": "HIGH"
    },
    {
      "quarter": "2024-06 (Q2)",
      "signal": "FCF MARGIN EXPANSION",
      "detail": "FCF margin: +22.8% -> +30.3% (+7.5%)",
      "severity": "MEDIUM"
    },
    {
      "quarter": "2024-06 (Q2)",
      "signal": "INCREMENTAL MARGIN (YoY)",
      "detail": "YoY Incr OPM: +301.2% vs year-ago OPM: +73.2%",
      "severity": "HIGH"
    },
    {
      "quarter": "2024-03 (Q1)",
      "signal": "INCREMENTAL MARGIN (YoY)",
      "detail": "YoY Incr OPM: +332.8% vs year-ago OPM: +82.6%",
      "severity": "HIGH"
    },
    {
      "quarter": "2023-12 (Q4)",
      "signal": "GROSS MARGIN INFLECTION",
      "detail": "GM: +54.0% -> +51.4% -> +54.3% (reversal +2.9%)",
      "severity": "MEDIUM"
    },
    {
      "quarter": "2023-12 (Q4)",
      "signal": "YoY REVENUE GROWTH DECELERATION",
      "detail": "YoY growth: -3.9% vs prior quarter YoY: +2.7% (decel: -6.7%)",
      "severity": "WARNING"
    },
    {
      "quarter": "2023-12 (Q4)",
      "signal": "INCREMENTAL MARGIN (YoY)",
      "detail": "YoY Incr OPM: +255.7% vs year-ago OPM: +64.8%",
      "severity": "HIGH"
    },
    {
      "quarter": "2023-09 (Q3)",
      "signal": "YoY REVENUE GROWTH DECELERATION",
      "detail": "YoY growth: +2.7% vs prior quarter YoY: +31.9% (decel: -29.2%)",
      "severity": "WARNING"
    },
    {
      "quarter": "2023-09 (Q3)",
      "signal": "INCREMENTAL MARGIN (YoY)",
      "detail": "YoY Incr OPM: +127.1% vs year-ago OPM: +52.0%",
      "severity": "HIGH"
    },
    {
      "quarter": "2023-06 (Q2)",
      "signal": "FCF MARGIN EXPANSION",
      "detail": "FCF margin: +24.7% -> +41.4% (+16.6%)",
      "severity": "MEDIUM"
    },
    {
      "quarter": "2023-06 (Q2)",
      "signal": "YoY REVENUE GROWTH DECELERATION",
      "detail": "YoY growth: +31.9% vs prior quarter YoY: +50.6% (decel: -18.7%)",
      "severity": "WARNING"
    },
    {
      "quarter": "2023-06 (Q2)",
      "signal": "INCREMENTAL MARGIN (YoY)",
      "detail": "YoY Incr OPM: +234.4% vs year-ago OPM: +21.7%",
      "severity": "HIGH"
    },
    {
      "quarter": "2023-03 (Q1)",
      "signal": "YoY REVENUE GROWTH DECELERATION",
      "detail": "YoY growth: +50.6% vs prior quarter YoY: +93.9% (decel: -43.2%)",
      "severity": "WARNING"
    },
    {
      "quarter": "2023-03 (Q1)",
      "signal": "INCREMENTAL MARGIN (YoY)",
      "detail": "YoY Incr OPM: +129.0% vs year-ago OPM: +59.1%",
      "severity": "HIGH"
    },
    {
      "quarter": "2022-12 (Q4)",
      "signal": "GROSS MARGIN INFLECTION",
      "detail": "GM: +54.4% -> +53.6% -> +56.8% (reversal +3.2%)",
      "severity": "MEDIUM"
    },
    {
      "quarter": "2022-12 (Q4)",
      "signal": "YoY REVENUE GROWTH DECELERATION",
      "detail": "YoY growth: +93.9% vs prior quarter YoY: +117.4% (decel: -23.5%)",
      "severity": "WARNING"
    },
    {
      "quarter": "2022-06 (Q2)",
      "signal": "YoY REVENUE GROWTH ACCELERATION",
      "detail": "YoY growth: +112.7% vs prior quarter YoY: +107.1% (accel: +5.6%)",
      "severity": "MEDIUM"
    },
    {
      "quarter": "2022-03 (Q1)",
      "signal": "YoY REVENUE GROWTH ACCELERATION",
      "detail": "YoY growth: +107.1% vs prior quarter YoY: +80.9% (accel: +26.2%)",
      "severity": "HIGH"
    },
    {
      "quarter": "2021-09 (Q3)",
      "signal": "FCF MARGIN EXPANSION",
      "detail": "FCF margin: +47.1% -> +52.8% (+5.7%)",
      "severity": "MEDIUM"
    },
    {
      "quarter": "2021-06 (Q2)",
      "signal": "FCF MARGIN EXPANSION",
      "detail": "FCF margin: +39.8% -> +47.1% (+7.3%)",
      "severity": "MEDIUM"
    },
    {
      "quarter": "2021-03 (Q1)",
      "signal": "OPERATING LEVERAGE",
      "detail": "Rev growth +13.1% vs OpEx growth +4.5% (leverage: 2.9x)",
      "severity": "MEDIUM"
    }
  ],
  "data_quality": {
    "n_quarters": 20,
    "coverage": {
      "revenue": [
        20,
        20
      ],
      "gross_profit": [
        20,
        20
      ],
      "op_income": [
        20,
        20
      ],
      "fcf": [
        20,
        20
      ]
    },
    "gaps": [],
    "warnings": []
  },
  "market_cap": null,
  "source": "SEC EDGAR",
  "last_updated": "2026-02-03T01:10:58.431700"
}