{
  "ticker": "BSX",
  "name": "BOSTON SCIENTIFIC CORPORATION",
  "sector": "Healthcare",
  "industry": "Medical Devices",
  "quarters": [
    {
      "date": "2021-03-31T00:00:00",
      "quarter_label": "2021-03 (Q1)",
      "revenue": 2752000000,
      "gross_profit": 1858000000,
      "operating_income": 370000000,
      "net_income": null,
      "opex": 1488000000,
      "cogs": 894000000,
      "rd": null,
      "sga": 1019000000,
      "fcf": 209000000,
      "ocf": 284000000,
      "capex": -75000000,
      "gross_margin": 0.6751453488372093,
      "op_margin": 0.13444767441860464,
      "fcf_margin": 0.07594476744186046
    },
    {
      "date": "2021-06-30T00:00:00",
      "quarter_label": "2021-06 (Q2)",
      "revenue": 3077000000,
      "gross_profit": 2132000000,
      "operating_income": 262000000,
      "net_income": null,
      "opex": 1870000000,
      "cogs": 945000000,
      "rd": null,
      "sga": 1121000000,
      "fcf": 537000000,
      "ocf": 643000000,
      "capex": -106000000,
      "gross_margin": 0.6928826779330517,
      "op_margin": 0.08514787130321742,
      "fcf_margin": 0.1745206369840754,
      "op_leverage_ratio": 0.4600176549372946,
      "fcf_margin_change": 0.09857586954221495
    },
    {
      "date": "2021-09-30T00:00:00",
      "quarter_label": "2021-09 (Q3)",
      "revenue": 2932000000,
      "gross_profit": 2032000000,
      "operating_income": 387000000,
      "net_income": null,
      "opex": 1645000000,
      "cogs": 900000000,
      "rd": null,
      "sga": 1066000000,
      "fcf": 358000000,
      "ocf": 465000000,
      "capex": -107000000,
      "gross_margin": 0.6930422919508867,
      "op_margin": 0.13199181446111868,
      "fcf_margin": 0.12210095497953616,
      "fcf_margin_change": -0.05241968200453925
    },
    {
      "date": "2021-12-31T00:00:00",
      "quarter_label": "2021-12 (Q4)",
      "revenue": 3127000000,
      "gross_profit": 2155000000,
      "operating_income": 180000000,
      "net_income": null,
      "opex": 1975000000,
      "cogs": 972000000,
      "rd": null,
      "sga": 1153000000,
      "fcf": 212000000,
      "ocf": 478000000,
      "capex": -266000000,
      "gross_margin": 0.6891589382795011,
      "op_margin": 0.057563159577870164,
      "fcf_margin": 0.06779661016949153,
      "op_leverage_ratio": 0.3315298276075902,
      "fcf_margin_change": -0.05430434481004463
    },
    {
      "date": "2022-03-31T00:00:00",
      "quarter_label": "2022-03 (Q1)",
      "revenue": 3026000000,
      "gross_profit": 2071000000,
      "operating_income": 466000000,
      "net_income": null,
      "opex": 1605000000,
      "cogs": 955000000,
      "rd": null,
      "sga": 1060000000,
      "fcf": -179000000,
      "ocf": -58000000,
      "capex": -121000000,
      "gross_margin": 0.6844018506278916,
      "op_margin": 0.15399867812293458,
      "fcf_margin": -0.05915399867812293,
      "incr_op_margin_yoy": 0.35036496350364965,
      "rev_growth_yoy": 0.09956395348837209,
      "fcf_margin_change": -0.12695060884761444
    },
    {
      "date": "2022-06-30T00:00:00",
      "quarter_label": "2022-06 (Q2)",
      "revenue": 3244000000,
      "gross_profit": 2233000000,
      "operating_income": 423000000,
      "net_income": null,
      "opex": 1810000000,
      "cogs": 1011000000,
      "rd": null,
      "sga": 1165000000,
      "fcf": 202000000,
      "ocf": 307000000,
      "capex": -105000000,
      "gross_margin": 0.688347718865598,
      "op_margin": 0.13039457459926018,
      "fcf_margin": 0.06226880394574599,
      "incr_op_margin_yoy": 0.9640718562874252,
      "rev_growth_yoy": 0.054273643158921026,
      "rev_growth_yoy_accel": -0.045290310329451064,
      "op_leverage_ratio": 0.5640384956394178,
      "fcf_margin_change": 0.12142280262386893
    },
    {
      "date": "2022-09-30T00:00:00",
      "quarter_label": "2022-09 (Q3)",
      "revenue": 3170000000,
      "gross_profit": 2191000000,
      "operating_income": 358000000,
      "net_income": null,
      "opex": 1833000000,
      "cogs": 979000000,
      "rd": null,
      "sga": 1132000000,
      "fcf": 320000000,
      "ocf": 470000000,
      "capex": -150000000,
      "gross_margin": 0.6911671924290221,
      "op_margin": 0.11293375394321767,
      "fcf_margin": 0.10094637223974763,
      "incr_op_margin_yoy": -0.12184873949579832,
      "rev_growth_yoy": 0.08117326057298772,
      "rev_growth_yoy_accel": 0.026899617414066698,
      "fcf_margin_change": 0.03867756829400164
    },
    {
      "date": "2022-12-31T00:00:00",
      "quarter_label": "2022-12 (Q4)",
      "revenue": 3242000000,
      "gross_profit": 2232000000,
      "operating_income": 402000000,
      "net_income": null,
      "opex": 1830000000,
      "cogs": 1011000000,
      "rd": null,
      "sga": 1163000000,
      "fcf": 595000000,
      "ocf": 807000000,
      "capex": -212000000,
      "gross_margin": 0.688463911165947,
      "op_margin": 0.12399753238741518,
      "fcf_margin": 0.18352868599629857,
      "incr_op_margin_yoy": 1.9304347826086956,
      "rev_growth_yoy": 0.03677646306363927,
      "rev_growth_yoy_accel": -0.044396797509348454,
      "op_leverage_ratio": null,
      "fcf_margin_change": 0.08258231375655094
    },
    {
      "date": "2023-03-31T00:00:00",
      "quarter_label": "2023-03 (Q1)",
      "revenue": 3389000000,
      "gross_profit": 2349000000,
      "operating_income": 552000000,
      "net_income": null,
      "opex": 1797000000,
      "cogs": 1040000000,
      "rd": null,
      "sga": 1215000000,
      "fcf": 79000000,
      "ocf": 190000000,
      "capex": -111000000,
      "gross_margin": 0.6931248155798171,
      "op_margin": 0.16287990557686632,
      "fcf_margin": 0.023310711124225437,
      "incr_op_margin_yoy": 0.2369146005509642,
      "rev_growth_yoy": 0.11996034368803701,
      "rev_growth_yoy_accel": 0.08318388062439774,
      "op_leverage_ratio": null,
      "fcf_margin_change": -0.16021797487207312
    },
    {
      "date": "2023-06-30T00:00:00",
      "quarter_label": "2023-06 (Q2)",
      "revenue": 3599000000,
      "gross_profit": 2542000000,
      "operating_income": 514000000,
      "net_income": null,
      "opex": 2028000000,
      "cogs": 1058000000,
      "rd": null,
      "sga": 1354000000,
      "fcf": 515000000,
      "ocf": 658000000,
      "capex": -143000000,
      "gross_margin": 0.7063073075854404,
      "op_margin": 0.14281744929146986,
      "fcf_margin": 0.1430953042511809,
      "incr_op_margin_yoy": 0.2563380281690141,
      "rev_growth_yoy": 0.10943279901356351,
      "rev_growth_yoy_accel": -0.010527544674473505,
      "op_leverage_ratio": 0.4820408272754097,
      "fcf_margin_change": 0.11978459312695545
    },
    {
      "date": "2023-09-30T00:00:00",
      "quarter_label": "2023-09 (Q3)",
      "revenue": 3527000000,
      "gross_profit": 2426000000,
      "operating_income": 693000000,
      "net_income": null,
      "opex": 1733000000,
      "cogs": 1101000000,
      "rd": null,
      "sga": 1242000000,
      "fcf": 508000000,
      "ocf": 698000000,
      "capex": -190000000,
      "gross_margin": 0.6878366884037426,
      "op_margin": 0.1964842642472356,
      "fcf_margin": 0.14403175503260562,
      "incr_op_margin_yoy": 0.938375350140056,
      "rev_growth_yoy": 0.11261829652996845,
      "rev_growth_yoy_accel": 0.003185497516404942,
      "fcf_margin_change": 0.0009364507814247358
    },
    {
      "date": "2023-12-31T00:00:00",
      "quarter_label": "2023-12 (Q4)",
      "revenue": 3725000000,
      "gross_profit": 2579000000,
      "operating_income": 584000000,
      "net_income": null,
      "opex": 1995000000,
      "cogs": 1147000000,
      "rd": null,
      "sga": 1379000000,
      "fcf": 690000000,
      "ocf": 957000000,
      "capex": -267000000,
      "gross_margin": 0.6923489932885906,
      "op_margin": 0.15677852348993288,
      "fcf_margin": 0.18523489932885906,
      "incr_op_margin_yoy": 0.37681159420289856,
      "rev_growth_yoy": 0.14898210980876003,
      "rev_growth_yoy_accel": 0.03636381327879158,
      "op_leverage_ratio": 0.37132740451522284,
      "fcf_margin_change": 0.041203144296253436
    },
    {
      "date": "2024-03-31T00:00:00",
      "quarter_label": "2024-03 (Q1)",
      "revenue": 3856000000,
      "gross_profit": 2648000000,
      "operating_income": 675000000,
      "net_income": null,
      "opex": 1973000000,
      "cogs": 1209000000,
      "rd": null,
      "sga": 1364000000,
      "fcf": -15000000,
      "ocf": 164000000,
      "capex": -179000000,
      "gross_margin": 0.6867219917012448,
      "op_margin": 0.175051867219917,
      "fcf_margin": -0.0038900414937759337,
      "incr_op_margin_yoy": 0.2633832976445396,
      "rev_growth_yoy": 0.13779876069637062,
      "rev_growth_yoy_accel": -0.011183349112389412,
      "op_leverage_ratio": null,
      "fcf_margin_change": -0.18912494082263498
    },
    {
      "date": "2024-06-30T00:00:00",
      "quarter_label": "2024-06 (Q2)",
      "revenue": 4120000000,
      "gross_profit": 2850000000,
      "operating_income": 520000000,
      "net_income": null,
      "opex": 2330000000,
      "cogs": 1270000000,
      "rd": null,
      "sga": 1446000000,
      "fcf": 658000000,
      "ocf": 813000000,
      "capex": -155000000,
      "gross_margin": 0.691747572815534,
      "op_margin": 0.1262135922330097,
      "fcf_margin": 0.15970873786407766,
      "incr_op_margin_yoy": 0.011516314779270634,
      "rev_growth_yoy": 0.14476243400944708,
      "rev_growth_yoy_accel": 0.006963673313076457,
      "op_leverage_ratio": 0.37837790717946934,
      "fcf_margin_change": 0.1635987793578536
    },
    {
      "date": "2024-09-30T00:00:00",
      "quarter_label": "2024-09 (Q3)",
      "revenue": 4209000000,
      "gross_profit": 2897000000,
      "operating_income": 733000000,
      "net_income": null,
      "opex": 2164000000,
      "cogs": 1312000000,
      "rd": null,
      "sga": 1562000000,
      "fcf": 823000000,
      "ocf": 1002000000,
      "capex": -179000000,
      "gross_margin": 0.6882870040389641,
      "op_margin": 0.17415062960323116,
      "fcf_margin": 0.19553338085055832,
      "incr_op_margin_yoy": 0.05865102639296188,
      "rev_growth_yoy": 0.19336546640204139,
      "rev_growth_yoy_accel": 0.04860303239259431,
      "op_leverage_ratio": null,
      "fcf_margin_change": 0.035824642986480665
    },
    {
      "date": "2024-12-31T00:00:00",
      "quarter_label": "2024-12 (Q4)",
      "revenue": 4561000000,
      "gross_profit": 3095000000,
      "operating_income": 675000000,
      "net_income": null,
      "opex": 2420000000,
      "cogs": 1466000000,
      "rd": null,
      "sga": 1612000000,
      "fcf": 1179000000,
      "ocf": 1456000000,
      "capex": -277000000,
      "gross_margin": 0.6785792589344442,
      "op_margin": 0.14799386099539574,
      "fcf_margin": 0.2584959438719579,
      "incr_op_margin_yoy": 0.10885167464114832,
      "rev_growth_yoy": 0.2244295302013423,
      "rev_growth_yoy_accel": 0.031064063799300906,
      "op_leverage_ratio": 0.7069375148491328,
      "fcf_margin_change": 0.06296256302139958
    },
    {
      "date": "2025-03-31T00:00:00",
      "quarter_label": "2025-03 (Q1)",
      "revenue": 4663000000,
      "gross_profit": 3210000000,
      "operating_income": 921000000,
      "net_income": null,
      "opex": 2288000000,
      "cogs": 1453000000,
      "rd": null,
      "sga": 1597000000,
      "fcf": 354000000,
      "ocf": 541000000,
      "capex": -187000000,
      "gross_margin": 0.688398027021231,
      "op_margin": 0.19751233111730646,
      "fcf_margin": 0.07591679176495818,
      "incr_op_margin_yoy": 0.3048327137546468,
      "rev_growth_yoy": 0.20928423236514523,
      "rev_growth_yoy_accel": -0.015145297836197058,
      "op_leverage_ratio": null,
      "fcf_margin_change": -0.1825791521069997
    },
    {
      "date": "2025-06-30T00:00:00",
      "quarter_label": "2025-06 (Q2)",
      "revenue": 5061000000,
      "gross_profit": 3424000000,
      "operating_income": 819000000,
      "net_income": null,
      "opex": 2605000000,
      "cogs": 1637000000,
      "rd": null,
      "sga": 1716000000,
      "fcf": 1129000000,
      "ocf": 1286000000,
      "capex": -157000000,
      "gross_margin": 0.67654613712705,
      "op_margin": 0.16182572614107885,
      "fcf_margin": 0.22307844299545546,
      "incr_op_margin_yoy": 0.3177470775770457,
      "rev_growth_yoy": 0.22839805825242718,
      "rev_growth_yoy_accel": 0.019113825887281943,
      "op_leverage_ratio": 0.6160478050239113,
      "fcf_margin_change": 0.1471616512304973
    },
    {
      "date": "2025-09-30T00:00:00",
      "quarter_label": "2025-09 (Q3)",
      "revenue": 5065000000,
      "gross_profit": 3542000000,
      "operating_income": 1048000000,
      "net_income": null,
      "opex": 2494000000,
      "cogs": 1523000000,
      "rd": null,
      "sga": 1741000000,
      "fcf": 1162000000,
      "ocf": 1343000000,
      "capex": -181000000,
      "gross_margin": 0.6993089832181638,
      "op_margin": 0.2069101678183613,
      "fcf_margin": 0.22941757156959527,
      "incr_op_margin_yoy": 0.3679906542056075,
      "rev_growth_yoy": 0.20337372297457829,
      "rev_growth_yoy_accel": -0.02502433527784889,
      "fcf_margin_change": 0.0063391285741398185
    },
    {
      "date": "2025-12-31T00:00:00",
      "quarter_label": "2025-12 (Q4)",
      "revenue": 5286000000,
      "gross_profit": 3679000000,
      "operating_income": 825000000,
      "net_income": null,
      "opex": 2854000000,
      "cogs": 1608000000,
      "rd": null,
      "sga": 1834000000,
      "fcf": 1013000000,
      "ocf": 1364000000,
      "capex": -351000000,
      "gross_margin": 0.6959894059780553,
      "op_margin": 0.15607264472190693,
      "fcf_margin": 0.19163828982217176,
      "incr_op_margin_yoy": 0.20689655172413793,
      "rev_growth_yoy": 0.1589563692172769,
      "rev_growth_yoy_accel": -0.04441735375730138,
      "op_leverage_ratio": 0.3022781616759899,
      "fcf_margin_change": -0.03777928174742351
    }
  ],
  "signals": [
    {
      "quarter": "2025-09 (Q3)",
      "signal": "GROSS MARGIN INFLECTION",
      "detail": "GM: +68.8% -> +67.7% -> +69.9% (reversal +2.3%)",
      "severity": "MEDIUM"
    },
    {
      "quarter": "2025-09 (Q3)",
      "signal": "INCREMENTAL MARGIN (YoY)",
      "detail": "YoY Incr OPM: +36.8% vs year-ago OPM: +17.4%",
      "severity": "MEDIUM"
    },
    {
      "quarter": "2025-06 (Q2)",
      "signal": "FCF MARGIN EXPANSION",
      "detail": "FCF margin: +7.6% -> +22.3% (+14.7%)",
      "severity": "MEDIUM"
    },
    {
      "quarter": "2025-06 (Q2)",
      "signal": "INCREMENTAL MARGIN (YoY)",
      "detail": "YoY Incr OPM: +31.8% vs year-ago OPM: +12.6%",
      "severity": "MEDIUM"
    },
    {
      "quarter": "2025-03 (Q1)",
      "signal": "INCREMENTAL MARGIN (YoY)",
      "detail": "YoY Incr OPM: +30.5% vs year-ago OPM: +17.5%",
      "severity": "MEDIUM"
    },
    {
      "quarter": "2024-12 (Q4)",
      "signal": "FCF MARGIN EXPANSION",
      "detail": "FCF margin: +19.6% -> +25.8% (+6.3%)",
      "severity": "MEDIUM"
    },
    {
      "quarter": "2024-06 (Q2)",
      "signal": "FCF TURNED POSITIVE",
      "detail": "FCF margin: -0.4% -> +16.0%",
      "severity": "HIGH"
    },
    {
      "quarter": "2024-03 (Q1)",
      "signal": "INCREMENTAL MARGIN (YoY)",
      "detail": "YoY Incr OPM: +26.3% vs year-ago OPM: +16.3%",
      "severity": "MEDIUM"
    },
    {
      "quarter": "2023-12 (Q4)",
      "signal": "INCREMENTAL MARGIN (YoY)",
      "detail": "YoY Incr OPM: +37.7% vs year-ago OPM: +12.4%",
      "severity": "HIGH"
    },
    {
      "quarter": "2023-09 (Q3)",
      "signal": "INCREMENTAL MARGIN (YoY)",
      "detail": "YoY Incr OPM: +93.8% vs year-ago OPM: +11.3%",
      "severity": "HIGH"
    },
    {
      "quarter": "2023-06 (Q2)",
      "signal": "FCF MARGIN EXPANSION",
      "detail": "FCF margin: +2.3% -> +14.3% (+12.0%)",
      "severity": "MEDIUM"
    },
    {
      "quarter": "2023-06 (Q2)",
      "signal": "INCREMENTAL MARGIN (YoY)",
      "detail": "YoY Incr OPM: +25.6% vs year-ago OPM: +13.0%",
      "severity": "MEDIUM"
    },
    {
      "quarter": "2023-03 (Q1)",
      "signal": "YoY REVENUE GROWTH ACCELERATION",
      "detail": "YoY growth: +12.0% vs prior quarter YoY: +3.7% (accel: +8.3%)",
      "severity": "MEDIUM"
    },
    {
      "quarter": "2022-12 (Q4)",
      "signal": "FCF MARGIN EXPANSION",
      "detail": "FCF margin: +10.1% -> +18.4% (+8.3%)",
      "severity": "MEDIUM"
    },
    {
      "quarter": "2022-12 (Q4)",
      "signal": "INCREMENTAL MARGIN (YoY)",
      "detail": "YoY Incr OPM: +193.0% vs year-ago OPM: +5.8%",
      "severity": "HIGH"
    },
    {
      "quarter": "2022-06 (Q2)",
      "signal": "FCF TURNED POSITIVE",
      "detail": "FCF margin: -5.9% -> +6.2%",
      "severity": "HIGH"
    },
    {
      "quarter": "2022-06 (Q2)",
      "signal": "INCREMENTAL MARGIN (YoY)",
      "detail": "YoY Incr OPM: +96.4% vs year-ago OPM: +8.5%",
      "severity": "HIGH"
    },
    {
      "quarter": "2022-03 (Q1)",
      "signal": "INCREMENTAL MARGIN (YoY)",
      "detail": "YoY Incr OPM: +35.0% vs year-ago OPM: +13.4%",
      "severity": "HIGH"
    },
    {
      "quarter": "2021-06 (Q2)",
      "signal": "FCF MARGIN EXPANSION",
      "detail": "FCF margin: +7.6% -> +17.5% (+9.9%)",
      "severity": "MEDIUM"
    }
  ],
  "data_quality": {
    "n_quarters": 20,
    "coverage": {
      "revenue": [
        20,
        20
      ],
      "gross_profit": [
        20,
        20
      ],
      "op_income": [
        20,
        20
      ],
      "fcf": [
        20,
        20
      ]
    },
    "gaps": [],
    "warnings": []
  },
  "market_cap": null,
  "source": "SEC EDGAR",
  "last_updated": "2026-02-24T10:33:20.673122"
}