{
  "ticker": "BTOC",
  "name": "Armlogi Holding Corp.",
  "sector": "Industrials",
  "industry": "Integrated Freight & Logistics",
  "quarters": [
    {
      "date": "2023-03-31T00:00:00",
      "quarter_label": "2023-03 (Q1)",
      "revenue": 30133445,
      "gross_profit": 6278095,
      "operating_income": 3226958,
      "net_income": 2179107,
      "opex": 3051137,
      "cogs": 23855350,
      "rd": null,
      "sga": null,
      "fcf": null,
      "ocf": null,
      "capex": null,
      "gross_margin": 0.20834308855160769,
      "op_margin": 0.10708891731429977,
      "fcf_margin": null
    },
    {
      "date": "2023-06-30T00:00:00",
      "quarter_label": "2023-06 (Q2)",
      "revenue": 48082862,
      "gross_profit": 6731256,
      "operating_income": 5906286,
      "net_income": 4960845,
      "opex": 824970,
      "cogs": 41351606,
      "rd": null,
      "sga": null,
      "fcf": 1307032,
      "ocf": 1329961,
      "capex": -22929,
      "gross_margin": 0.13999283154151682,
      "op_margin": 0.12283557497055812,
      "fcf_margin": 0.027182907706284207,
      "op_leverage_ratio": null
    },
    {
      "date": "2023-09-30T00:00:00",
      "quarter_label": "2023-09 (Q3)",
      "revenue": 41245845,
      "gross_profit": 5226432,
      "operating_income": 3318276,
      "net_income": 2754776,
      "opex": 1908156,
      "cogs": 36019413,
      "rd": null,
      "sga": null,
      "fcf": 1916316,
      "ocf": 3061420,
      "capex": -1145104,
      "gross_margin": 0.12671414538846276,
      "op_margin": 0.08045115817120488,
      "fcf_margin": 0.046460825326769276,
      "fcf_margin_change": 0.019277917620485068
    },
    {
      "date": "2023-12-31T00:00:00",
      "quarter_label": "2023-12 (Q4)",
      "revenue": 42004083,
      "gross_profit": 7677849,
      "operating_income": 4758302,
      "net_income": 3744825,
      "opex": 2919547,
      "cogs": 34326234,
      "rd": null,
      "sga": null,
      "fcf": -1369975,
      "ocf": 433515,
      "capex": -1803490,
      "gross_margin": 0.1827881589511191,
      "op_margin": 0.11328189214367565,
      "fcf_margin": -0.03261528170963761,
      "op_leverage_ratio": 0.034683277685523387,
      "fcf_margin_change": -0.07907610703640688
    },
    {
      "date": "2024-03-31T00:00:00",
      "quarter_label": "2024-03 (Q1)",
      "revenue": 38439935,
      "gross_profit": 3324199,
      "operating_income": 54706,
      "net_income": 682220,
      "opex": 3269493,
      "cogs": 35115736,
      "rd": null,
      "sga": null,
      "fcf": 327432,
      "ocf": 459481,
      "capex": -132049,
      "gross_margin": 0.08647774768609781,
      "op_margin": 0.001423155372140978,
      "fcf_margin": 0.008518016484679279,
      "incr_op_margin_yoy": -0.38190041762525445,
      "rev_growth_yoy": 0.2756568324663841,
      "fcf_margin_change": 0.04113329819431689
    },
    {
      "date": "2024-06-30T00:00:00",
      "quarter_label": "2024-06 (Q2)",
      "revenue": 45287171,
      "gross_profit": 1854327,
      "operating_income": -16269,
      "net_income": 259397,
      "opex": 1870596,
      "cogs": 43432844,
      "rd": null,
      "sga": null,
      "fcf": -3089406,
      "ocf": -961527,
      "capex": -2127879,
      "gross_margin": 0.040945966794878844,
      "op_margin": -0.00035924081016233054,
      "fcf_margin": -0.0682181273809309,
      "incr_op_margin_yoy": 2.1184583703993036,
      "rev_growth_yoy": -0.05814319039494779,
      "rev_growth_yoy_accel": -0.3338000228613319,
      "op_leverage_ratio": null,
      "fcf_margin_change": -0.07673614386561017
    },
    {
      "date": "2024-09-30T00:00:00",
      "quarter_label": "2024-09 (Q3)",
      "revenue": 42481896,
      "gross_profit": -3606790,
      "operating_income": -7275615,
      "net_income": -4647871,
      "opex": 3668825,
      "cogs": 46088686,
      "rd": null,
      "sga": null,
      "fcf": -4965409,
      "ocf": -3612112,
      "capex": -1353297,
      "gross_margin": -0.08490181323357131,
      "op_margin": -0.17126389556624308,
      "fcf_margin": -0.1168829423244198,
      "incr_op_margin_yoy": -8.570755575619453,
      "rev_growth_yoy": 0.029967891311233896,
      "rev_growth_yoy_accel": 0.08811108170618168,
      "fcf_margin_change": -0.0486648149434889
    },
    {
      "date": "2024-12-31T00:00:00",
      "quarter_label": "2024-12 (Q4)",
      "revenue": 51143682,
      "gross_profit": 482992,
      "operating_income": -2176164,
      "net_income": -1659240,
      "opex": 2659156,
      "cogs": 50660690,
      "rd": null,
      "sga": null,
      "fcf": -6337829,
      "ocf": -5620356,
      "capex": -717473,
      "gross_margin": 0.009443825338973444,
      "op_margin": -0.04255000647000738,
      "fcf_margin": -0.1239220320508015,
      "incr_op_margin_yoy": -0.7587275984427764,
      "rev_growth_yoy": 0.21758834730423707,
      "rev_growth_yoy_accel": 0.18762045599300317,
      "op_leverage_ratio": null,
      "fcf_margin_change": -0.007039089726381703
    },
    {
      "date": "2025-03-31T00:00:00",
      "quarter_label": "2025-03 (Q1)",
      "revenue": 45844322,
      "gross_profit": 278120,
      "operating_income": -4194693,
      "net_income": -3755053,
      "opex": 4472813,
      "cogs": 45566202,
      "rd": null,
      "sga": null,
      "fcf": 3068639,
      "ocf": 3591326,
      "capex": -522687,
      "gross_margin": 0.006066618239004604,
      "op_margin": -0.09149863749757277,
      "fcf_margin": 0.06693607552970246,
      "incr_op_margin_yoy": -0.5739028767675164,
      "rev_growth_yoy": 0.19262225599496982,
      "rev_growth_yoy_accel": -0.024966091309267247,
      "fcf_margin_change": 0.19085810758050398
    },
    {
      "date": "2025-06-30T00:00:00",
      "quarter_label": "2025-06 (Q2)",
      "revenue": 50938358,
      "gross_profit": -154891,
      "operating_income": -4029640,
      "net_income": -5286603,
      "opex": 3874749,
      "cogs": 51093249,
      "rd": null,
      "sga": null,
      "fcf": 6805516,
      "ocf": 7101987,
      "capex": -296471,
      "gross_margin": -0.0030407536889979847,
      "op_margin": -0.0791081644210047,
      "fcf_margin": 0.13360297165448481,
      "incr_op_margin_yoy": -0.7101819493851469,
      "rev_growth_yoy": 0.12478560429398428,
      "rev_growth_yoy_accel": -0.06783665170098555,
      "op_leverage_ratio": null,
      "fcf_margin_change": 0.06666689612478235
    },
    {
      "date": "2025-09-30T00:00:00",
      "quarter_label": "2025-09 (Q3)",
      "revenue": 49473179,
      "gross_profit": -2484083,
      "operating_income": -6701389,
      "net_income": -6508053,
      "opex": 4217306,
      "cogs": 51957262,
      "rd": null,
      "sga": null,
      "fcf": -1985479,
      "ocf": -1929402,
      "capex": -56077,
      "gross_margin": -0.05021070103459493,
      "op_margin": -0.13545499067282496,
      "fcf_margin": -0.04013243216086842,
      "incr_op_margin_yoy": 0.08213456671686728,
      "rev_growth_yoy": 0.1645708797931241,
      "rev_growth_yoy_accel": 0.03978527549913982,
      "fcf_margin_change": -0.17373540381535324
    },
    {
      "date": "2025-12-31T00:00:00",
      "quarter_label": "2025-12 (Q4)",
      "revenue": 51542848,
      "gross_profit": -770266,
      "operating_income": -4098816,
      "net_income": -3860182,
      "opex": 3328550,
      "cogs": 52313114,
      "rd": null,
      "sga": null,
      "fcf": -2049158,
      "ocf": -1468367,
      "capex": -580791,
      "gross_margin": -0.01494418779497788,
      "op_margin": -0.0795224974762745,
      "fcf_margin": -0.03975639840468265,
      "rev_growth_yoy": 0.0078047959081240965,
      "rev_growth_yoy_accel": -0.156766083885,
      "op_leverage_ratio": null,
      "fcf_margin_change": 0.00037603375618577156
    }
  ],
  "signals": [
    {
      "quarter": "2025-12 (Q4)",
      "signal": "GROSS MARGIN INFLECTION",
      "detail": "GM: -0.3% -> -5.0% -> -1.5% (reversal +3.5%)",
      "severity": "MEDIUM"
    },
    {
      "quarter": "2025-12 (Q4)",
      "signal": "YoY REVENUE GROWTH DECELERATION",
      "detail": "YoY growth: +0.8% vs prior quarter YoY: +16.5% (decel: -15.7%)",
      "severity": "WARNING"
    },
    {
      "quarter": "2025-06 (Q2)",
      "signal": "FCF MARGIN EXPANSION",
      "detail": "FCF margin: +6.7% -> +13.4% (+6.7%)",
      "severity": "MEDIUM"
    },
    {
      "quarter": "2025-06 (Q2)",
      "signal": "YoY REVENUE GROWTH DECELERATION",
      "detail": "YoY growth: +12.5% vs prior quarter YoY: +19.3% (decel: -6.8%)",
      "severity": "WARNING"
    },
    {
      "quarter": "2025-03 (Q1)",
      "signal": "FCF TURNED POSITIVE",
      "detail": "FCF margin: -12.4% -> +6.7%",
      "severity": "HIGH"
    },
    {
      "quarter": "2024-12 (Q4)",
      "signal": "GROSS MARGIN INFLECTION",
      "detail": "GM: +4.1% -> -8.5% -> +0.9% (reversal +9.4%)",
      "severity": "HIGH"
    },
    {
      "quarter": "2024-12 (Q4)",
      "signal": "YoY REVENUE GROWTH ACCELERATION",
      "detail": "YoY growth: +21.8% vs prior quarter YoY: +3.0% (accel: +18.8%)",
      "severity": "HIGH"
    },
    {
      "quarter": "2024-09 (Q3)",
      "signal": "YoY REVENUE GROWTH ACCELERATION",
      "detail": "YoY growth: +3.0% vs prior quarter YoY: -5.8% (accel: +8.8%)",
      "severity": "MEDIUM"
    },
    {
      "quarter": "2024-06 (Q2)",
      "signal": "YoY REVENUE GROWTH DECELERATION",
      "detail": "YoY growth: -5.8% vs prior quarter YoY: +27.6% (decel: -33.4%)",
      "severity": "WARNING"
    },
    {
      "quarter": "2024-03 (Q1)",
      "signal": "FCF TURNED POSITIVE",
      "detail": "FCF margin: -3.3% -> +0.9%",
      "severity": "HIGH"
    },
    {
      "quarter": "2023-12 (Q4)",
      "signal": "GROSS MARGIN INFLECTION",
      "detail": "GM: +14.0% -> +12.7% -> +18.3% (reversal +5.6%)",
      "severity": "HIGH"
    }
  ],
  "data_quality": {
    "n_quarters": 12,
    "coverage": {
      "revenue": [
        12,
        12
      ],
      "gross_profit": [
        12,
        12
      ],
      "op_income": [
        12,
        12
      ],
      "fcf": [
        11,
        12
      ]
    },
    "gaps": [],
    "warnings": []
  },
  "market_cap": null,
  "source": "SEC EDGAR",
  "last_updated": "2026-02-24T10:32:55.464468"
}