{
  "ticker": "BTSGU",
  "name": "BrightSpring Health Services, Inc.",
  "quarters": [
    {
      "date": "2023-03-31T00:00:00",
      "quarter_label": "2023-03 (Q1)",
      "revenue": 2028378000,
      "gross_profit": 334713000,
      "operating_income": 51555000,
      "net_income": -21382000,
      "opex": 283158000,
      "cogs": 1693665000,
      "rd": null,
      "sga": 283158000,
      "fcf": 22050000,
      "ocf": 39896000,
      "capex": -17846000,
      "gross_margin": 0.1650151007356617,
      "op_margin": 0.02541686017103321,
      "fcf_margin": 0.010870754859301373
    },
    {
      "date": "2023-06-30T00:00:00",
      "quarter_label": "2023-06 (Q2)",
      "revenue": 2166724000,
      "gross_profit": 372070000,
      "operating_income": 79616000,
      "net_income": 3988000,
      "opex": 292454000,
      "cogs": 1794654000,
      "rd": null,
      "sga": 292454000,
      "fcf": -46152000,
      "ocf": -25204000,
      "capex": -20948000,
      "gross_margin": 0.17172007140734122,
      "op_margin": 0.03674487382795409,
      "fcf_margin": -0.0213003594366426,
      "op_leverage_ratio": 2.077544985924493,
      "fcf_margin_change": -0.03217111429594397
    },
    {
      "date": "2023-09-30T00:00:00",
      "quarter_label": "2023-09 (Q3)",
      "revenue": 2256529000,
      "gross_profit": 358296000,
      "operating_income": -52253000,
      "net_income": -130672000,
      "opex": 410549000,
      "cogs": 1898233000,
      "rd": null,
      "sga": 410549000,
      "fcf": 15792000,
      "ocf": 33691000,
      "capex": -17899000,
      "gross_margin": 0.1587819168288996,
      "op_margin": -0.023156360941959976,
      "fcf_margin": 0.006998358984085735,
      "op_leverage_ratio": 0.10264149725743564,
      "fcf_margin_change": 0.028298718420728335
    },
    {
      "date": "2023-12-31T00:00:00",
      "quarter_label": "2023-12 (Q4)",
      "revenue": 2374544000,
      "gross_profit": 368715000,
      "operating_income": 68262000,
      "net_income": -6537000,
      "opex": 300453000,
      "cogs": null,
      "rd": null,
      "sga": 300453000,
      "fcf": 145566000,
      "ocf": 162400000,
      "capex": -16834000,
      "gross_margin": 0.15527823447365052,
      "op_margin": 0.028747414240376256,
      "fcf_margin": 0.06130271749017917,
      "op_leverage_ratio": Infinity,
      "fcf_margin_change": 0.054304358506093435
    },
    {
      "date": "2024-03-31T00:00:00",
      "quarter_label": "2024-03 (Q1)",
      "revenue": 2576638000,
      "gross_profit": 369391000,
      "operating_income": 8067000,
      "net_income": -45750000,
      "opex": 361324000,
      "cogs": 2207247000,
      "rd": null,
      "sga": 361324000,
      "fcf": -100675000,
      "ocf": -78859000,
      "capex": -21816000,
      "gross_margin": 0.14336162084080106,
      "op_margin": 0.0031308239651825364,
      "fcf_margin": -0.03907223288642021,
      "incr_op_margin_yoy": -0.07932003064239594,
      "rev_growth_yoy": 0.27029478726351797,
      "op_leverage_ratio": 0.4200870625457661,
      "fcf_margin_change": -0.10037495037659938
    },
    {
      "date": "2024-06-30T00:00:00",
      "quarter_label": "2024-06 (Q2)",
      "revenue": 2730210000,
      "gross_profit": 389033000,
      "operating_income": 62414000,
      "net_income": 19919000,
      "opex": 326619000,
      "cogs": 2341177000,
      "rd": null,
      "sga": 326619000,
      "fcf": -38968000,
      "ocf": -15225000,
      "capex": -23743000,
      "gross_margin": 0.142491969482201,
      "op_margin": 0.022860512561304808,
      "fcf_margin": -0.014272894759011211,
      "incr_op_margin_yoy": -0.0305278214543041,
      "rev_growth_yoy": 0.2600635798560407,
      "rev_growth_yoy_accel": -0.010231207407477239,
      "op_leverage_ratio": Infinity,
      "fcf_margin_change": 0.024799338127409004
    },
    {
      "date": "2024-09-30T00:00:00",
      "quarter_label": "2024-09 (Q3)",
      "revenue": 2906823000,
      "gross_profit": 408112000,
      "operating_income": 56840000,
      "net_income": -8230000,
      "opex": 351272000,
      "cogs": 2498711000,
      "rd": null,
      "sga": 351272000,
      "fcf": 7203000,
      "ocf": 27246000,
      "capex": -20043000,
      "gross_margin": 0.14039795336695768,
      "op_margin": 0.01955399417164375,
      "fcf_margin": 0.002477963054510027,
      "incr_op_margin_yoy": 0.16775950570049855,
      "rev_growth_yoy": 0.28818331162595295,
      "rev_growth_yoy_accel": 0.028119731769912226,
      "op_leverage_ratio": 0.857034458328408,
      "fcf_margin_change": 0.016750857813521237
    },
    {
      "date": "2024-12-31T00:00:00",
      "quarter_label": "2024-12 (Q4)",
      "revenue": 3052801000,
      "gross_profit": 421899000,
      "operating_income": 79053000,
      "net_income": 15999000,
      "opex": 342846000,
      "cogs": null,
      "rd": null,
      "sga": 342846000,
      "fcf": 75301000,
      "ocf": 90612000,
      "capex": -15311000,
      "gross_margin": 0.1382006229688735,
      "op_margin": 0.025895235228237935,
      "fcf_margin": 0.02466619999141772,
      "incr_op_margin_yoy": 0.01590989846031814,
      "rev_growth_yoy": 0.28563673699034425,
      "rev_growth_yoy_accel": -0.0025465746356087005,
      "op_leverage_ratio": Infinity,
      "fcf_margin_change": 0.02218823693690769
    },
    {
      "date": "2025-03-31T00:00:00",
      "quarter_label": "2025-03 (Q1)",
      "revenue": 2878129000,
      "gross_profit": 338369000,
      "operating_income": 50739000,
      "net_income": 29542000,
      "opex": 287630000,
      "cogs": null,
      "rd": null,
      "sga": 287630000,
      "fcf": 83966000,
      "ocf": 101598000,
      "capex": -17632000,
      "gross_margin": 0.1175656129381275,
      "op_margin": 0.017629161166855273,
      "fcf_margin": 0.029173813960388848,
      "incr_op_margin_yoy": 0.14153656328049594,
      "rev_growth_yoy": 0.11700945185159886,
      "rev_growth_yoy_accel": -0.1686272851387454,
      "fcf_margin_change": 0.00450761396897113
    },
    {
      "date": "2025-06-30T00:00:00",
      "quarter_label": "2025-06 (Q2)",
      "revenue": 3147698000,
      "gross_profit": 374852000,
      "operating_income": 48557000,
      "net_income": 28208000,
      "opex": 326295000,
      "cogs": null,
      "rd": null,
      "sga": 326295000,
      "fcf": 24651000,
      "ocf": 49076000,
      "capex": -24425000,
      "gross_margin": 0.11908766342895666,
      "op_margin": 0.015426193999551419,
      "fcf_margin": 0.007831437450479683,
      "incr_op_margin_yoy": -0.033191373165216725,
      "rev_growth_yoy": 0.15291424469180026,
      "rev_growth_yoy_accel": 0.0359047928402014,
      "op_leverage_ratio": 0.6967482055484311,
      "fcf_margin_change": -0.021342376509909167
    },
    {
      "date": "2025-09-30T00:00:00",
      "quarter_label": "2025-09 (Q3)",
      "revenue": 3334106000,
      "gross_profit": 392008000,
      "operating_income": 87843000,
      "net_income": 55836000,
      "opex": 304165000,
      "cogs": null,
      "rd": null,
      "sga": 304165000,
      "fcf": 92174000,
      "ocf": 107936000,
      "capex": -15762000,
      "gross_margin": 0.11757514608113839,
      "op_margin": 0.02634679281342585,
      "fcf_margin": 0.027645791705482668,
      "incr_op_margin_yoy": 0.07255846827512445,
      "rev_growth_yoy": 0.14699312617245702,
      "rev_growth_yoy_accel": -0.005921118519343238,
      "op_leverage_ratio": Infinity,
      "fcf_margin_change": 0.019814354255002983
    }
  ],
  "signals": [
    {
      "quarter": "2025-03 (Q1)",
      "signal": "YoY REVENUE GROWTH DECELERATION",
      "detail": "YoY growth: +11.7% vs prior quarter YoY: +28.6% (decel: -16.9%)",
      "severity": "WARNING"
    },
    {
      "quarter": "2025-03 (Q1)",
      "signal": "INCREMENTAL MARGIN (YoY)",
      "detail": "YoY Incr OPM: +14.2% vs year-ago OPM: +0.3%",
      "severity": "MEDIUM"
    },
    {
      "quarter": "2024-09 (Q3)",
      "signal": "FCF TURNED POSITIVE",
      "detail": "FCF margin: -1.4% -> +0.2%",
      "severity": "HIGH"
    },
    {
      "quarter": "2024-09 (Q3)",
      "signal": "OP MARGIN TURNED POSITIVE (YoY)",
      "detail": "Op margin: -2.3% (year-ago) -> +2.0%",
      "severity": "HIGH"
    },
    {
      "quarter": "2023-12 (Q4)",
      "signal": "FCF MARGIN EXPANSION",
      "detail": "FCF margin: +0.7% -> +6.1% (+5.4%)",
      "severity": "MEDIUM"
    },
    {
      "quarter": "2023-12 (Q4)",
      "signal": "OP MARGIN TURNED POSITIVE (QoQ)",
      "detail": "Op margin: -2.3% -> +2.9%",
      "severity": "HIGH"
    },
    {
      "quarter": "2023-09 (Q3)",
      "signal": "FCF TURNED POSITIVE",
      "detail": "FCF margin: -2.1% -> +0.7%",
      "severity": "HIGH"
    },
    {
      "quarter": "2023-06 (Q2)",
      "signal": "OPERATING LEVERAGE",
      "detail": "Rev growth +6.8% vs OpEx growth +3.3% (leverage: 2.1x)",
      "severity": "MEDIUM"
    }
  ],
  "data_quality": {
    "n_quarters": 11,
    "coverage": {
      "revenue": [
        11,
        11
      ],
      "gross_profit": [
        11,
        11
      ],
      "op_income": [
        11,
        11
      ],
      "fcf": [
        11,
        11
      ]
    },
    "gaps": [],
    "warnings": []
  },
  "market_cap": null,
  "source": "SEC EDGAR",
  "last_updated": "2026-02-03T01:12:19.278845",
  "sector": "Healthcare",
  "industry": "Health Information Services"
}