{
  "ticker": "BTU",
  "name": "PEABODY ENERGY CORP",
  "quarters": [
    {
      "date": "2020-12-31T00:00:00",
      "quarter_label": "2020-12 (Q4)",
      "revenue": 737200000,
      "gross_profit": null,
      "operating_income": -108100000,
      "net_income": null,
      "opex": null,
      "cogs": null,
      "rd": null,
      "sga": 22200000,
      "fcf": 22400000,
      "ocf": 22400000,
      "capex": null,
      "gross_margin": null,
      "op_margin": -0.1466359196961476,
      "fcf_margin": 0.030385241454150842
    },
    {
      "date": "2021-03-31T00:00:00",
      "quarter_label": "2021-03 (Q1)",
      "revenue": 651300000,
      "gross_profit": null,
      "operating_income": -40800000,
      "net_income": -80100000,
      "opex": null,
      "cogs": null,
      "rd": null,
      "sga": 21700000,
      "fcf": 71000000,
      "ocf": 71000000,
      "capex": null,
      "gross_margin": null,
      "op_margin": -0.06264394288346384,
      "fcf_margin": 0.10901274374328267,
      "fcf_margin_change": 0.07862750228913182
    },
    {
      "date": "2021-06-30T00:00:00",
      "quarter_label": "2021-06 (Q2)",
      "revenue": 723400000,
      "gross_profit": null,
      "operating_income": -4200000,
      "net_income": -28600000,
      "opex": null,
      "cogs": null,
      "rd": null,
      "sga": 21400000,
      "fcf": -93800000,
      "ocf": -93800000,
      "capex": null,
      "gross_margin": null,
      "op_margin": -0.005805916505391208,
      "fcf_margin": -0.12966546862040365,
      "fcf_margin_change": -0.2386782123636863
    },
    {
      "date": "2021-09-30T00:00:00",
      "quarter_label": "2021-09 (Q3)",
      "revenue": 679000000,
      "gross_profit": null,
      "operating_income": -43800000,
      "net_income": -44200000,
      "opex": null,
      "cogs": null,
      "rd": null,
      "sga": 21100000,
      "fcf": 4400000,
      "ocf": 4400000,
      "capex": null,
      "gross_margin": null,
      "op_margin": -0.06450662739322534,
      "fcf_margin": 0.006480117820324006,
      "fcf_margin_change": 0.13614558644072766
    },
    {
      "date": "2021-12-31T00:00:00",
      "quarter_label": "2021-12 (Q4)",
      "revenue": 1264600000,
      "gross_profit": null,
      "operating_income": 521000000,
      "net_income": null,
      "opex": null,
      "cogs": null,
      "rd": null,
      "sga": 20700000,
      "fcf": 438400000,
      "ocf": 438400000,
      "capex": null,
      "gross_margin": null,
      "op_margin": 0.4119879803890558,
      "fcf_margin": 0.3466708840740155,
      "incr_op_margin_yoy": 1.1928327645051195,
      "rev_growth_yoy": 0.7154096581660336,
      "fcf_margin_change": 0.3401907662536915
    },
    {
      "date": "2022-03-31T00:00:00",
      "quarter_label": "2022-03 (Q1)",
      "revenue": 691400000,
      "gross_profit": null,
      "operating_income": -70600000,
      "net_income": -119500000,
      "opex": null,
      "cogs": null,
      "rd": null,
      "sga": 23100000,
      "fcf": -273700000,
      "ocf": -273700000,
      "capex": null,
      "gross_margin": null,
      "op_margin": -0.10211165750650854,
      "fcf_margin": -0.3958634654324559,
      "incr_op_margin_yoy": -0.743142144638404,
      "rev_growth_yoy": 0.06156916935360049,
      "rev_growth_yoy_accel": -0.6538404888124332,
      "fcf_margin_change": -0.7425343495064713
    },
    {
      "date": "2022-06-30T00:00:00",
      "quarter_label": "2022-06 (Q2)",
      "revenue": 1321900000,
      "gross_profit": null,
      "operating_income": 449300000,
      "net_income": 409500000,
      "opex": null,
      "cogs": null,
      "rd": null,
      "sga": 21800000,
      "fcf": 283100000,
      "ocf": 283100000,
      "capex": null,
      "gross_margin": null,
      "op_margin": 0.3398895529162569,
      "fcf_margin": 0.2141614342991149,
      "incr_op_margin_yoy": 0.7577276524644946,
      "rev_growth_yoy": 0.8273431020182471,
      "rev_growth_yoy_accel": 0.7657739326646467,
      "fcf_margin_change": 0.6100248997315708
    },
    {
      "date": "2022-09-30T00:00:00",
      "quarter_label": "2022-09 (Q3)",
      "revenue": 1342500000,
      "gross_profit": null,
      "operating_income": 420500000,
      "net_income": 375100000,
      "opex": null,
      "cogs": null,
      "rd": null,
      "sga": 19600000,
      "fcf": 494700000,
      "ocf": 494700000,
      "capex": null,
      "gross_margin": null,
      "op_margin": 0.3132216014897579,
      "fcf_margin": 0.36849162011173187,
      "incr_op_margin_yoy": 0.6997739261492087,
      "rev_growth_yoy": 0.9771723122238586,
      "rev_growth_yoy_accel": 0.14982921020561146,
      "fcf_margin_change": 0.15433018581261695
    },
    {
      "date": "2022-12-31T00:00:00",
      "quarter_label": "2022-12 (Q4)",
      "revenue": 1626100000,
      "gross_profit": null,
      "operating_income": 582400000,
      "net_income": null,
      "opex": null,
      "cogs": null,
      "rd": null,
      "sga": 24300000,
      "fcf": 669500000,
      "ocf": 669500000,
      "capex": null,
      "gross_margin": null,
      "op_margin": 0.3581575548859234,
      "fcf_margin": 0.4117212963532378,
      "incr_op_margin_yoy": 0.1698478561549101,
      "rev_growth_yoy": 0.2858611418630397,
      "rev_growth_yoy_accel": -0.6913111703608189,
      "fcf_margin_change": 0.04322967624150592
    },
    {
      "date": "2023-03-31T00:00:00",
      "quarter_label": "2023-03 (Q1)",
      "revenue": 1364000000,
      "gross_profit": null,
      "operating_income": 404500000,
      "net_income": 268500000,
      "opex": null,
      "cogs": null,
      "rd": null,
      "sga": 22800000,
      "fcf": 386300000,
      "ocf": 386300000,
      "capex": null,
      "gross_margin": null,
      "op_margin": 0.2965542521994135,
      "fcf_margin": 0.28321114369501466,
      "incr_op_margin_yoy": 0.7063633660422242,
      "rev_growth_yoy": 0.972808793751808,
      "rev_growth_yoy_accel": 0.6869476518887683,
      "fcf_margin_change": -0.12851015265822313
    },
    {
      "date": "2023-06-30T00:00:00",
      "quarter_label": "2023-06 (Q2)",
      "revenue": 1268800000,
      "gross_profit": null,
      "operating_income": 260800000,
      "net_income": 179200000,
      "opex": null,
      "cogs": null,
      "rd": null,
      "sga": 21700000,
      "fcf": 353400000,
      "ocf": 353400000,
      "capex": null,
      "gross_margin": null,
      "op_margin": 0.2055485498108449,
      "fcf_margin": 0.278530895334174,
      "incr_op_margin_yoy": 3.5499058380414312,
      "rev_growth_yoy": -0.04016945305998941,
      "rev_growth_yoy_accel": -1.0129782468117974,
      "fcf_margin_change": -0.004680248360840633
    },
    {
      "date": "2023-09-30T00:00:00",
      "quarter_label": "2023-09 (Q3)",
      "revenue": 1078900000,
      "gross_profit": null,
      "operating_income": 158800000,
      "net_income": 119900000,
      "opex": null,
      "cogs": null,
      "rd": null,
      "sga": 21500000,
      "fcf": 13400000,
      "ocf": 13400000,
      "capex": null,
      "gross_margin": null,
      "op_margin": 0.14718694967096116,
      "fcf_margin": 0.012420057465937528,
      "incr_op_margin_yoy": 0.9927921092564491,
      "rev_growth_yoy": -0.19635009310986964,
      "rev_growth_yoy_accel": -0.15618064004988025,
      "fcf_margin_change": -0.26611083786823647
    },
    {
      "date": "2023-12-31T00:00:00",
      "quarter_label": "2023-12 (Q4)",
      "revenue": 1235000000,
      "gross_profit": null,
      "operating_income": 250600000,
      "net_income": null,
      "opex": null,
      "cogs": null,
      "rd": null,
      "sga": 24700000,
      "fcf": 282400000,
      "ocf": 282400000,
      "capex": null,
      "gross_margin": null,
      "op_margin": 0.20291497975708503,
      "fcf_margin": 0.22866396761133603,
      "incr_op_margin_yoy": 0.8483763743288162,
      "rev_growth_yoy": -0.24051411352315355,
      "rev_growth_yoy_accel": -0.044164020413283905,
      "fcf_margin_change": 0.2162439101453985
    },
    {
      "date": "2024-03-31T00:00:00",
      "quarter_label": "2024-03 (Q1)",
      "revenue": 983600000,
      "gross_profit": null,
      "operating_income": 51200000,
      "net_income": 39600000,
      "opex": null,
      "cogs": null,
      "rd": null,
      "sga": 22000000,
      "fcf": 119000000,
      "ocf": 119000000,
      "capex": null,
      "gross_margin": null,
      "op_margin": 0.05205368035786905,
      "fcf_margin": 0.12098413989426596,
      "incr_op_margin_yoy": 0.9287592008412198,
      "rev_growth_yoy": -0.2788856304985337,
      "rev_growth_yoy_accel": -0.03837151697538016,
      "fcf_margin_change": -0.10767982771707008
    },
    {
      "date": "2024-06-30T00:00:00",
      "quarter_label": "2024-06 (Q2)",
      "revenue": 1042000000,
      "gross_profit": null,
      "operating_income": 233900000,
      "net_income": 199400000,
      "opex": null,
      "cogs": null,
      "rd": null,
      "sga": 22100000,
      "fcf": 7800000,
      "ocf": 7800000,
      "capex": null,
      "gross_margin": null,
      "op_margin": 0.2244721689059501,
      "fcf_margin": 0.007485604606525912,
      "incr_op_margin_yoy": 0.11860670194003527,
      "rev_growth_yoy": -0.1787515762925599,
      "rev_growth_yoy_accel": 0.10013405420597382,
      "fcf_margin_change": -0.11349853528774005
    },
    {
      "date": "2024-09-30T00:00:00",
      "quarter_label": "2024-09 (Q3)",
      "revenue": 1088000000,
      "gross_profit": null,
      "operating_income": 120100000,
      "net_income": 101300000,
      "opex": null,
      "cogs": null,
      "rd": null,
      "sga": 20600000,
      "fcf": 359900000,
      "ocf": 359900000,
      "capex": null,
      "gross_margin": null,
      "op_margin": 0.1103860294117647,
      "fcf_margin": 0.3307904411764706,
      "incr_op_margin_yoy": -4.252747252747253,
      "rev_growth_yoy": 0.008434516637315785,
      "rev_growth_yoy_accel": 0.18718609292987567,
      "fcf_margin_change": 0.3233048365699447
    },
    {
      "date": "2024-12-31T00:00:00",
      "quarter_label": "2024-12 (Q4)",
      "revenue": 1123100000,
      "gross_profit": null,
      "operating_income": 40100000,
      "net_income": null,
      "opex": null,
      "cogs": null,
      "rd": null,
      "sga": 26300000,
      "fcf": 119800000,
      "ocf": 119800000,
      "capex": null,
      "gross_margin": null,
      "op_margin": 0.03570474579289467,
      "fcf_margin": 0.10666904104710177,
      "incr_op_margin_yoy": 1.8811438784629133,
      "rev_growth_yoy": -0.09060728744939271,
      "rev_growth_yoy_accel": -0.0990418040867085,
      "fcf_margin_change": -0.22412140012936882
    },
    {
      "date": "2025-03-31T00:00:00",
      "quarter_label": "2025-03 (Q1)",
      "revenue": 937000000,
      "gross_profit": null,
      "operating_income": 31900000,
      "net_income": 34400000,
      "opex": null,
      "cogs": null,
      "rd": null,
      "sga": 23600000,
      "fcf": 119900000,
      "ocf": 119900000,
      "capex": null,
      "gross_margin": null,
      "op_margin": 0.034044823906083245,
      "fcf_margin": 0.1279615795090715,
      "incr_op_margin_yoy": 0.41416309012875535,
      "rev_growth_yoy": -0.04737698251321675,
      "rev_growth_yoy_accel": 0.04323030493617596,
      "fcf_margin_change": 0.021292538461969726
    },
    {
      "date": "2025-06-30T00:00:00",
      "quarter_label": "2025-06 (Q2)",
      "revenue": 890100000,
      "gross_profit": null,
      "operating_income": -38400000,
      "net_income": -27600000,
      "opex": null,
      "cogs": null,
      "rd": null,
      "sga": 23500000,
      "fcf": 23200000,
      "ocf": 23200000,
      "capex": null,
      "gross_margin": null,
      "op_margin": -0.043141220087630605,
      "fcf_margin": 0.026064487136276824,
      "incr_op_margin_yoy": 1.792626728110599,
      "rev_growth_yoy": -0.14577735124760077,
      "rev_growth_yoy_accel": -0.09840036873438401,
      "fcf_margin_change": -0.10189709237279468
    },
    {
      "date": "2025-09-30T00:00:00",
      "quarter_label": "2025-09 (Q3)",
      "revenue": 1012100000,
      "gross_profit": null,
      "operating_income": -81400000,
      "net_income": -70100000,
      "opex": null,
      "cogs": null,
      "rd": null,
      "sga": 27400000,
      "fcf": 122000000,
      "ocf": 122000000,
      "capex": null,
      "gross_margin": null,
      "op_margin": -0.08042683529295525,
      "fcf_margin": 0.120541448473471,
      "incr_op_margin_yoy": 2.654808959156785,
      "rev_growth_yoy": -0.06976102941176471,
      "rev_growth_yoy_accel": 0.07601632183583606,
      "fcf_margin_change": 0.09447696133719417
    }
  ],
  "signals": [
    {
      "quarter": "2025-09 (Q3)",
      "signal": "FCF MARGIN EXPANSION",
      "detail": "FCF margin: +2.6% -> +12.1% (+9.4%)",
      "severity": "MEDIUM"
    },
    {
      "quarter": "2025-09 (Q3)",
      "signal": "YoY REVENUE GROWTH ACCELERATION",
      "detail": "YoY growth: -7.0% vs prior quarter YoY: -14.6% (accel: +7.6%)",
      "severity": "MEDIUM"
    },
    {
      "quarter": "2025-06 (Q2)",
      "signal": "YoY REVENUE GROWTH DECELERATION",
      "detail": "YoY growth: -14.6% vs prior quarter YoY: -4.7% (decel: -9.8%)",
      "severity": "WARNING"
    },
    {
      "quarter": "2025-03 (Q1)",
      "signal": "INCREMENTAL MARGIN (YoY)",
      "detail": "YoY Incr OPM: +41.4% vs year-ago OPM: +5.2%",
      "severity": "HIGH"
    },
    {
      "quarter": "2024-12 (Q4)",
      "signal": "YoY REVENUE GROWTH DECELERATION",
      "detail": "YoY growth: -9.1% vs prior quarter YoY: +0.8% (decel: -9.9%)",
      "severity": "WARNING"
    },
    {
      "quarter": "2024-12 (Q4)",
      "signal": "INCREMENTAL MARGIN (YoY)",
      "detail": "YoY Incr OPM: +188.1% vs year-ago OPM: +20.3%",
      "severity": "HIGH"
    },
    {
      "quarter": "2024-09 (Q3)",
      "signal": "FCF MARGIN EXPANSION",
      "detail": "FCF margin: +0.7% -> +33.1% (+32.3%)",
      "severity": "MEDIUM"
    },
    {
      "quarter": "2024-09 (Q3)",
      "signal": "YoY REVENUE GROWTH ACCELERATION",
      "detail": "YoY growth: +0.8% vs prior quarter YoY: -17.9% (accel: +18.7%)",
      "severity": "HIGH"
    },
    {
      "quarter": "2024-06 (Q2)",
      "signal": "YoY REVENUE GROWTH ACCELERATION",
      "detail": "YoY growth: -17.9% vs prior quarter YoY: -27.9% (accel: +10.0%)",
      "severity": "MEDIUM"
    },
    {
      "quarter": "2024-03 (Q1)",
      "signal": "INCREMENTAL MARGIN (YoY)",
      "detail": "YoY Incr OPM: +92.9% vs year-ago OPM: +29.7%",
      "severity": "HIGH"
    },
    {
      "quarter": "2023-12 (Q4)",
      "signal": "FCF MARGIN EXPANSION",
      "detail": "FCF margin: +1.2% -> +22.9% (+21.6%)",
      "severity": "MEDIUM"
    },
    {
      "quarter": "2023-12 (Q4)",
      "signal": "INCREMENTAL MARGIN (YoY)",
      "detail": "YoY Incr OPM: +84.8% vs year-ago OPM: +35.8%",
      "severity": "HIGH"
    },
    {
      "quarter": "2023-09 (Q3)",
      "signal": "YoY REVENUE GROWTH DECELERATION",
      "detail": "YoY growth: -19.6% vs prior quarter YoY: -4.0% (decel: -15.6%)",
      "severity": "WARNING"
    },
    {
      "quarter": "2023-09 (Q3)",
      "signal": "INCREMENTAL MARGIN (YoY)",
      "detail": "YoY Incr OPM: +99.3% vs year-ago OPM: +31.3%",
      "severity": "HIGH"
    },
    {
      "quarter": "2023-06 (Q2)",
      "signal": "YoY REVENUE GROWTH DECELERATION",
      "detail": "YoY growth: -4.0% vs prior quarter YoY: +97.3% (decel: -101.3%)",
      "severity": "WARNING"
    },
    {
      "quarter": "2023-06 (Q2)",
      "signal": "INCREMENTAL MARGIN (YoY)",
      "detail": "YoY Incr OPM: +355.0% vs year-ago OPM: +34.0%",
      "severity": "HIGH"
    },
    {
      "quarter": "2023-03 (Q1)",
      "signal": "YoY REVENUE GROWTH ACCELERATION",
      "detail": "YoY growth: +97.3% vs prior quarter YoY: +28.6% (accel: +68.7%)",
      "severity": "HIGH"
    },
    {
      "quarter": "2023-03 (Q1)",
      "signal": "OP MARGIN TURNED POSITIVE (YoY)",
      "detail": "Op margin: -10.2% (year-ago) -> +29.7%",
      "severity": "HIGH"
    },
    {
      "quarter": "2022-12 (Q4)",
      "signal": "YoY REVENUE GROWTH DECELERATION",
      "detail": "YoY growth: +28.6% vs prior quarter YoY: +97.7% (decel: -69.1%)",
      "severity": "WARNING"
    },
    {
      "quarter": "2022-09 (Q3)",
      "signal": "FCF MARGIN EXPANSION",
      "detail": "FCF margin: +21.4% -> +36.8% (+15.4%)",
      "severity": "MEDIUM"
    },
    {
      "quarter": "2022-09 (Q3)",
      "signal": "YoY REVENUE GROWTH ACCELERATION",
      "detail": "YoY growth: +97.7% vs prior quarter YoY: +82.7% (accel: +15.0%)",
      "severity": "MEDIUM"
    },
    {
      "quarter": "2022-09 (Q3)",
      "signal": "OP MARGIN TURNED POSITIVE (YoY)",
      "detail": "Op margin: -6.5% (year-ago) -> +31.3%",
      "severity": "HIGH"
    },
    {
      "quarter": "2022-06 (Q2)",
      "signal": "FCF TURNED POSITIVE",
      "detail": "FCF margin: -39.6% -> +21.4%",
      "severity": "HIGH"
    },
    {
      "quarter": "2022-06 (Q2)",
      "signal": "YoY REVENUE GROWTH ACCELERATION",
      "detail": "YoY growth: +82.7% vs prior quarter YoY: +6.2% (accel: +76.6%)",
      "severity": "HIGH"
    },
    {
      "quarter": "2022-06 (Q2)",
      "signal": "OP MARGIN TURNED POSITIVE (YoY)",
      "detail": "Op margin: -0.6% (year-ago) -> +34.0%",
      "severity": "HIGH"
    },
    {
      "quarter": "2022-06 (Q2)",
      "signal": "OP MARGIN TURNED POSITIVE (QoQ)",
      "detail": "Op margin: -10.2% -> +34.0%",
      "severity": "HIGH"
    },
    {
      "quarter": "2022-03 (Q1)",
      "signal": "YoY REVENUE GROWTH DECELERATION",
      "detail": "YoY growth: +6.2% vs prior quarter YoY: +71.5% (decel: -65.4%)",
      "severity": "WARNING"
    },
    {
      "quarter": "2021-12 (Q4)",
      "signal": "FCF MARGIN EXPANSION",
      "detail": "FCF margin: +0.6% -> +34.7% (+34.0%)",
      "severity": "MEDIUM"
    },
    {
      "quarter": "2021-12 (Q4)",
      "signal": "OP MARGIN TURNED POSITIVE (YoY)",
      "detail": "Op margin: -14.7% (year-ago) -> +41.2%",
      "severity": "HIGH"
    },
    {
      "quarter": "2021-12 (Q4)",
      "signal": "OP MARGIN TURNED POSITIVE (QoQ)",
      "detail": "Op margin: -6.5% -> +41.2%",
      "severity": "HIGH"
    },
    {
      "quarter": "2021-09 (Q3)",
      "signal": "FCF TURNED POSITIVE",
      "detail": "FCF margin: -13.0% -> +0.6%",
      "severity": "HIGH"
    },
    {
      "quarter": "2021-03 (Q1)",
      "signal": "FCF MARGIN EXPANSION",
      "detail": "FCF margin: +3.0% -> +10.9% (+7.9%)",
      "severity": "MEDIUM"
    }
  ],
  "data_quality": {
    "n_quarters": 20,
    "coverage": {
      "revenue": [
        20,
        20
      ],
      "gross_profit": [
        0,
        20
      ],
      "op_income": [
        20,
        20
      ],
      "fcf": [
        20,
        20
      ]
    },
    "gaps": [],
    "warnings": [
      "gross_profit: no data"
    ]
  },
  "market_cap": null,
  "source": "SEC EDGAR",
  "last_updated": "2026-02-02T21:10:14.455551"
}