{
  "ticker": "BUKS",
  "name": "BUTLER NATIONAL CORP",
  "quarters": [
    {
      "date": "2021-01-31T00:00:00",
      "quarter_label": "2021-01 (Q1)",
      "revenue": 14612000,
      "gross_profit": null,
      "operating_income": 1868000,
      "net_income": 503000,
      "opex": 12744000,
      "cogs": null,
      "rd": null,
      "sga": null,
      "fcf": 936000,
      "ocf": 2886000,
      "capex": -1950000,
      "gross_margin": null,
      "op_margin": 0.12784013139885025,
      "fcf_margin": 0.06405693950177936
    },
    {
      "date": "2021-04-30T00:00:00",
      "quarter_label": "2021-04 (Q2)",
      "revenue": 17908000,
      "gross_profit": null,
      "operating_income": 2217000,
      "net_income": 624000,
      "opex": 15691000,
      "cogs": null,
      "rd": 941000,
      "sga": null,
      "fcf": 4931000,
      "ocf": 6572000,
      "capex": -1641000,
      "gross_margin": null,
      "op_margin": 0.1237994192539647,
      "fcf_margin": 0.2753517980790708,
      "op_leverage_ratio": 0.9754458523615166,
      "fcf_margin_change": 0.2112948585772914
    },
    {
      "date": "2021-07-31T00:00:00",
      "quarter_label": "2021-07 (Q3)",
      "revenue": 18145000,
      "gross_profit": null,
      "operating_income": 4022000,
      "net_income": 2906000,
      "opex": 14123000,
      "cogs": null,
      "rd": 326000,
      "sga": null,
      "fcf": -377000,
      "ocf": 898000,
      "capex": -1275000,
      "gross_margin": null,
      "op_margin": 0.22165885918985948,
      "fcf_margin": -0.020777073573987323,
      "op_leverage_ratio": Infinity,
      "fcf_margin_change": -0.2961288716530581
    },
    {
      "date": "2021-10-31T00:00:00",
      "quarter_label": "2021-10 (Q4)",
      "revenue": 19093000,
      "gross_profit": null,
      "operating_income": 4743000,
      "net_income": 3150000,
      "opex": 14350000,
      "cogs": null,
      "rd": null,
      "sga": null,
      "fcf": 863000,
      "ocf": 2969000,
      "capex": -2106000,
      "gross_margin": null,
      "op_margin": 0.24841564971455507,
      "fcf_margin": 0.04519981144922223,
      "op_leverage_ratio": 3.250517187171864,
      "fcf_margin_change": 0.06597688502320956
    },
    {
      "date": "2022-01-31T00:00:00",
      "quarter_label": "2022-01 (Q1)",
      "revenue": 18132000,
      "gross_profit": null,
      "operating_income": 4402000,
      "net_income": 2684000,
      "opex": 13730000,
      "cogs": null,
      "rd": null,
      "sga": null,
      "fcf": 2845000,
      "ocf": 4776000,
      "capex": -1931000,
      "gross_margin": null,
      "op_margin": 0.242775204059122,
      "fcf_margin": 0.1569049194793735,
      "incr_op_margin_yoy": 0.7198863636363636,
      "rev_growth_yoy": 0.24089789214344373,
      "fcf_margin_change": 0.11170510803015127
    },
    {
      "date": "2022-04-30T00:00:00",
      "quarter_label": "2022-04 (Q2)",
      "revenue": 18104000,
      "gross_profit": null,
      "operating_income": 2962000,
      "net_income": 1628000,
      "opex": 15142000,
      "cogs": null,
      "rd": 500000,
      "sga": null,
      "fcf": -1732000,
      "ocf": 2535000,
      "capex": -4267000,
      "gross_margin": null,
      "op_margin": 0.16361025187803802,
      "fcf_margin": -0.09566946531153336,
      "rev_growth_yoy": 0.010944829126647309,
      "rev_growth_yoy_accel": -0.2299530630167964,
      "fcf_margin_change": -0.2525743847909069
    },
    {
      "date": "2022-07-31T00:00:00",
      "quarter_label": "2022-07 (Q3)",
      "revenue": 15304000,
      "gross_profit": null,
      "operating_income": 1625000,
      "net_income": 431000,
      "opex": 13679000,
      "cogs": null,
      "rd": 631000,
      "sga": null,
      "fcf": 3513000,
      "ocf": 5310000,
      "capex": -1797000,
      "gross_margin": null,
      "op_margin": 0.10618139048614741,
      "fcf_margin": 0.22954783063251438,
      "incr_op_margin_yoy": 0.8437170010559663,
      "rev_growth_yoy": -0.15657205841829705,
      "rev_growth_yoy_accel": -0.16751688754494437,
      "fcf_margin_change": 0.32521729594404775
    },
    {
      "date": "2022-10-31T00:00:00",
      "quarter_label": "2022-10 (Q4)",
      "revenue": 19326000,
      "gross_profit": null,
      "operating_income": 4002000,
      "net_income": null,
      "opex": 15324000,
      "cogs": null,
      "rd": null,
      "sga": null,
      "fcf": 1083000,
      "ocf": 2539000,
      "capex": -1456000,
      "gross_margin": null,
      "op_margin": 0.20707854703508227,
      "fcf_margin": 0.056038497361067995,
      "rev_growth_yoy": 0.012203425339129523,
      "rev_growth_yoy_accel": 0.16877548375742657,
      "op_leverage_ratio": 2.185372916391924,
      "fcf_margin_change": -0.17350933327144638
    },
    {
      "date": "2023-01-31T00:00:00",
      "quarter_label": "2023-01 (Q1)",
      "revenue": 20464000,
      "gross_profit": null,
      "operating_income": 3385000,
      "net_income": null,
      "opex": 17079000,
      "cogs": null,
      "rd": null,
      "sga": null,
      "fcf": 4144000,
      "ocf": 5189000,
      "capex": -1045000,
      "gross_margin": null,
      "op_margin": 0.16541243158717747,
      "fcf_margin": 0.20250195465207194,
      "incr_op_margin_yoy": -0.436106346483705,
      "rev_growth_yoy": 0.128612397970439,
      "rev_growth_yoy_accel": 0.11640897263130948,
      "op_leverage_ratio": 0.5141564749140036,
      "fcf_margin_change": 0.14646345729100393
    },
    {
      "date": "2023-04-30T00:00:00",
      "quarter_label": "2023-04 (Q2)",
      "revenue": 20089000,
      "gross_profit": null,
      "operating_income": -358000,
      "net_income": -575000,
      "opex": 20447000,
      "cogs": null,
      "rd": 734000,
      "sga": null,
      "fcf": 5687000,
      "ocf": 7899000,
      "capex": -2212000,
      "gross_margin": null,
      "op_margin": -0.017820697894370054,
      "fcf_margin": 0.28309024839464386,
      "incr_op_margin_yoy": -1.672544080604534,
      "rev_growth_yoy": 0.1096442775077331,
      "rev_growth_yoy_accel": -0.018968120462705892,
      "fcf_margin_change": 0.08058829374257193
    },
    {
      "date": "2023-07-31T00:00:00",
      "quarter_label": "2023-07 (Q3)",
      "revenue": 17185000,
      "gross_profit": null,
      "operating_income": 1137000,
      "net_income": null,
      "opex": 16048000,
      "cogs": null,
      "rd": 828000,
      "sga": null,
      "fcf": -1763000,
      "ocf": -862000,
      "capex": -901000,
      "gross_margin": null,
      "op_margin": 0.0661623508874018,
      "fcf_margin": -0.10258946755891767,
      "incr_op_margin_yoy": -0.25943646996278574,
      "rev_growth_yoy": 0.12290904338734972,
      "rev_growth_yoy_accel": 0.013264765879616613,
      "fcf_margin_change": -0.38567971595356154
    },
    {
      "date": "2023-10-31T00:00:00",
      "quarter_label": "2023-10 (Q4)",
      "revenue": 19602000,
      "gross_profit": null,
      "operating_income": 3598000,
      "net_income": 4951000,
      "opex": 16004000,
      "cogs": null,
      "rd": null,
      "sga": null,
      "fcf": 874000,
      "ocf": 4327000,
      "capex": -3453000,
      "gross_margin": null,
      "op_margin": 0.18355269870421387,
      "fcf_margin": 0.04458728701152943,
      "rev_growth_yoy": 0.014281279105867743,
      "rev_growth_yoy_accel": -0.10862776428148198,
      "op_leverage_ratio": Infinity,
      "fcf_margin_change": 0.1471767545704471
    },
    {
      "date": "2024-01-31T00:00:00",
      "quarter_label": "2024-01 (Q1)",
      "revenue": 18960000,
      "gross_profit": null,
      "operating_income": 3795000,
      "net_income": 2382000,
      "opex": 15165000,
      "cogs": null,
      "rd": null,
      "sga": null,
      "fcf": 843000,
      "ocf": 2060000,
      "capex": -1217000,
      "gross_margin": null,
      "op_margin": 0.20015822784810128,
      "fcf_margin": 0.0444620253164557,
      "incr_op_margin_yoy": -0.2726063829787234,
      "rev_growth_yoy": -0.07349491790461297,
      "rev_growth_yoy_accel": -0.08777619701048071,
      "fcf_margin_change": -0.0001252616950737362
    },
    {
      "date": "2024-04-30T00:00:00",
      "quarter_label": "2024-04 (Q2)",
      "revenue": 22630000,
      "gross_profit": null,
      "operating_income": 4708000,
      "net_income": 4460000,
      "opex": 17922000,
      "cogs": null,
      "rd": -1361000,
      "sga": null,
      "fcf": -1156000,
      "ocf": 2013000,
      "capex": -3169000,
      "gross_margin": null,
      "op_margin": 0.20804242156429517,
      "fcf_margin": -0.051082633672116656,
      "incr_op_margin_yoy": 1.9937032664305392,
      "rev_growth_yoy": 0.1264871322614366,
      "rev_growth_yoy_accel": 0.19998205016604959,
      "op_leverage_ratio": 1.0647150176994806,
      "fcf_margin_change": -0.09554465898857235
    },
    {
      "date": "2024-07-31T00:00:00",
      "quarter_label": "2024-07 (Q3)",
      "revenue": 19828000,
      "gross_profit": null,
      "operating_income": 3536000,
      "net_income": 2246000,
      "opex": 16292000,
      "cogs": null,
      "rd": 220000,
      "sga": null,
      "fcf": 1770000,
      "ocf": 2952000,
      "capex": -1182000,
      "gross_margin": null,
      "op_margin": 0.1783336695582005,
      "fcf_margin": 0.08926770223925762,
      "incr_op_margin_yoy": 0.9076806659099508,
      "rev_growth_yoy": 0.1537969159150422,
      "rev_growth_yoy_accel": 0.02730978365360559,
      "fcf_margin_change": 0.14035033591137427
    },
    {
      "date": "2024-10-31T00:00:00",
      "quarter_label": "2024-10 (Q4)",
      "revenue": 21360000,
      "gross_profit": null,
      "operating_income": 4854000,
      "net_income": 3596000,
      "opex": 16506000,
      "cogs": null,
      "rd": null,
      "sga": null,
      "fcf": -828000,
      "ocf": 2597000,
      "capex": -3425000,
      "gross_margin": null,
      "op_margin": 0.22724719101123594,
      "fcf_margin": -0.03876404494382023,
      "incr_op_margin_yoy": 0.714448236632537,
      "rev_growth_yoy": 0.08968472604836242,
      "rev_growth_yoy_accel": -0.06411218986667977,
      "op_leverage_ratio": 5.882209431013257,
      "fcf_margin_change": -0.12803174718307786
    },
    {
      "date": "2025-01-31T00:00:00",
      "quarter_label": "2025-01 (Q1)",
      "revenue": 21174000,
      "gross_profit": null,
      "operating_income": 4026000,
      "net_income": 3378000,
      "opex": 17148000,
      "cogs": null,
      "rd": null,
      "sga": null,
      "fcf": 12496000,
      "ocf": 14030000,
      "capex": -1534000,
      "gross_margin": null,
      "op_margin": 0.19013884953244545,
      "fcf_margin": 0.5901577406252951,
      "incr_op_margin_yoy": 0.1043360433604336,
      "rev_growth_yoy": 0.11677215189873418,
      "rev_growth_yoy_accel": 0.027087425850371757,
      "fcf_margin_change": 0.6289217855691154
    },
    {
      "date": "2025-04-30T00:00:00",
      "quarter_label": "2025-04 (Q2)",
      "revenue": 21605000,
      "gross_profit": null,
      "operating_income": 4411000,
      "net_income": 3331000,
      "opex": 17194000,
      "cogs": null,
      "rd": -633000,
      "sga": null,
      "fcf": -3293000,
      "ocf": -1175000,
      "capex": -2118000,
      "gross_margin": null,
      "op_margin": 0.2041657023837075,
      "fcf_margin": -0.1524184216616524,
      "incr_op_margin_yoy": 0.2897560975609756,
      "rev_growth_yoy": -0.0452938577110031,
      "rev_growth_yoy_accel": -0.16206600960973727,
      "op_leverage_ratio": 7.588046866337304,
      "fcf_margin_change": -0.7425761622869476
    },
    {
      "date": "2025-07-31T00:00:00",
      "quarter_label": "2025-07 (Q3)",
      "revenue": 20125000,
      "gross_profit": null,
      "operating_income": 4667000,
      "net_income": 3685000,
      "opex": 15458000,
      "cogs": null,
      "rd": 262000,
      "sga": null,
      "fcf": 13261000,
      "ocf": 14699000,
      "capex": -1438000,
      "gross_margin": null,
      "op_margin": 0.23190062111801243,
      "fcf_margin": 0.6589316770186335,
      "rev_growth_yoy": 0.014978817833366955,
      "rev_growth_yoy_accel": 0.060272675544370054,
      "fcf_margin_change": 0.811350098680286
    },
    {
      "date": "2025-10-31T00:00:00",
      "quarter_label": "2025-10 (Q4)",
      "revenue": 23251000,
      "gross_profit": null,
      "operating_income": 7077000,
      "net_income": 5994000,
      "opex": 16174000,
      "cogs": null,
      "rd": null,
      "sga": null,
      "fcf": -2673000,
      "ocf": -822000,
      "capex": -1851000,
      "gross_margin": null,
      "op_margin": 0.30437400541912174,
      "fcf_margin": -0.1149627972990409,
      "incr_op_margin_yoy": 1.1755684822845056,
      "rev_growth_yoy": 0.08852996254681648,
      "rev_growth_yoy_accel": 0.07355114471344953,
      "op_leverage_ratio": 3.3534618133870016,
      "fcf_margin_change": -0.7738944743176744
    }
  ],
  "signals": [
    {
      "quarter": "2025-10 (Q4)",
      "signal": "OPERATING LEVERAGE",
      "detail": "Rev growth +15.5% vs OpEx growth +4.6% (leverage: 3.4x)",
      "severity": "MEDIUM"
    },
    {
      "quarter": "2025-10 (Q4)",
      "signal": "YoY REVENUE GROWTH ACCELERATION",
      "detail": "YoY growth: +8.9% vs prior quarter YoY: +1.5% (accel: +7.4%)",
      "severity": "MEDIUM"
    },
    {
      "quarter": "2025-10 (Q4)",
      "signal": "INCREMENTAL MARGIN (YoY)",
      "detail": "YoY Incr OPM: +117.6% vs year-ago OPM: +22.7%",
      "severity": "HIGH"
    },
    {
      "quarter": "2025-07 (Q3)",
      "signal": "FCF TURNED POSITIVE",
      "detail": "FCF margin: -15.2% -> +65.9%",
      "severity": "HIGH"
    },
    {
      "quarter": "2025-07 (Q3)",
      "signal": "YoY REVENUE GROWTH ACCELERATION",
      "detail": "YoY growth: +1.5% vs prior quarter YoY: -4.5% (accel: +6.0%)",
      "severity": "MEDIUM"
    },
    {
      "quarter": "2025-04 (Q2)",
      "signal": "OPERATING LEVERAGE",
      "detail": "Rev growth +2.0% vs OpEx growth +0.3% (leverage: 7.6x)",
      "severity": "MEDIUM"
    },
    {
      "quarter": "2025-04 (Q2)",
      "signal": "YoY REVENUE GROWTH DECELERATION",
      "detail": "YoY growth: -4.5% vs prior quarter YoY: +11.7% (decel: -16.2%)",
      "severity": "WARNING"
    },
    {
      "quarter": "2025-01 (Q1)",
      "signal": "FCF TURNED POSITIVE",
      "detail": "FCF margin: -3.9% -> +59.0%",
      "severity": "HIGH"
    },
    {
      "quarter": "2024-10 (Q4)",
      "signal": "OPERATING LEVERAGE",
      "detail": "Rev growth +7.7% vs OpEx growth +1.3% (leverage: 5.9x)",
      "severity": "MEDIUM"
    },
    {
      "quarter": "2024-10 (Q4)",
      "signal": "YoY REVENUE GROWTH DECELERATION",
      "detail": "YoY growth: +9.0% vs prior quarter YoY: +15.4% (decel: -6.4%)",
      "severity": "WARNING"
    },
    {
      "quarter": "2024-10 (Q4)",
      "signal": "INCREMENTAL MARGIN (YoY)",
      "detail": "YoY Incr OPM: +71.4% vs year-ago OPM: +18.4%",
      "severity": "HIGH"
    },
    {
      "quarter": "2024-07 (Q3)",
      "signal": "FCF TURNED POSITIVE",
      "detail": "FCF margin: -5.1% -> +8.9%",
      "severity": "HIGH"
    },
    {
      "quarter": "2024-07 (Q3)",
      "signal": "INCREMENTAL MARGIN (YoY)",
      "detail": "YoY Incr OPM: +90.8% vs year-ago OPM: +6.6%",
      "severity": "HIGH"
    },
    {
      "quarter": "2024-04 (Q2)",
      "signal": "YoY REVENUE GROWTH ACCELERATION",
      "detail": "YoY growth: +12.6% vs prior quarter YoY: -7.3% (accel: +20.0%)",
      "severity": "HIGH"
    },
    {
      "quarter": "2024-04 (Q2)",
      "signal": "OP MARGIN TURNED POSITIVE (YoY)",
      "detail": "Op margin: -1.8% (year-ago) -> +20.8%",
      "severity": "HIGH"
    },
    {
      "quarter": "2024-01 (Q1)",
      "signal": "YoY REVENUE GROWTH DECELERATION",
      "detail": "YoY growth: -7.3% vs prior quarter YoY: +1.4% (decel: -8.8%)",
      "severity": "WARNING"
    },
    {
      "quarter": "2023-10 (Q4)",
      "signal": "FCF TURNED POSITIVE",
      "detail": "FCF margin: -10.3% -> +4.5%",
      "severity": "HIGH"
    },
    {
      "quarter": "2023-10 (Q4)",
      "signal": "YoY REVENUE GROWTH DECELERATION",
      "detail": "YoY growth: +1.4% vs prior quarter YoY: +12.3% (decel: -10.9%)",
      "severity": "WARNING"
    },
    {
      "quarter": "2023-07 (Q3)",
      "signal": "OP MARGIN TURNED POSITIVE (QoQ)",
      "detail": "Op margin: -1.8% -> +6.6%",
      "severity": "HIGH"
    },
    {
      "quarter": "2023-04 (Q2)",
      "signal": "FCF MARGIN EXPANSION",
      "detail": "FCF margin: +20.3% -> +28.3% (+8.1%)",
      "severity": "MEDIUM"
    },
    {
      "quarter": "2023-01 (Q1)",
      "signal": "FCF MARGIN EXPANSION",
      "detail": "FCF margin: +5.6% -> +20.3% (+14.6%)",
      "severity": "MEDIUM"
    },
    {
      "quarter": "2023-01 (Q1)",
      "signal": "YoY REVENUE GROWTH ACCELERATION",
      "detail": "YoY growth: +12.9% vs prior quarter YoY: +1.2% (accel: +11.6%)",
      "severity": "MEDIUM"
    },
    {
      "quarter": "2022-10 (Q4)",
      "signal": "OPERATING LEVERAGE",
      "detail": "Rev growth +26.3% vs OpEx growth +12.0% (leverage: 2.2x)",
      "severity": "MEDIUM"
    },
    {
      "quarter": "2022-10 (Q4)",
      "signal": "YoY REVENUE GROWTH ACCELERATION",
      "detail": "YoY growth: +1.2% vs prior quarter YoY: -15.7% (accel: +16.9%)",
      "severity": "HIGH"
    },
    {
      "quarter": "2022-07 (Q3)",
      "signal": "FCF TURNED POSITIVE",
      "detail": "FCF margin: -9.6% -> +23.0%",
      "severity": "HIGH"
    },
    {
      "quarter": "2022-07 (Q3)",
      "signal": "YoY REVENUE GROWTH DECELERATION",
      "detail": "YoY growth: -15.7% vs prior quarter YoY: +1.1% (decel: -16.8%)",
      "severity": "WARNING"
    },
    {
      "quarter": "2022-07 (Q3)",
      "signal": "INCREMENTAL MARGIN (YoY)",
      "detail": "YoY Incr OPM: +84.4% vs year-ago OPM: +22.2%",
      "severity": "HIGH"
    },
    {
      "quarter": "2022-04 (Q2)",
      "signal": "YoY REVENUE GROWTH DECELERATION",
      "detail": "YoY growth: +1.1% vs prior quarter YoY: +24.1% (decel: -23.0%)",
      "severity": "WARNING"
    },
    {
      "quarter": "2022-01 (Q1)",
      "signal": "FCF MARGIN EXPANSION",
      "detail": "FCF margin: +4.5% -> +15.7% (+11.2%)",
      "severity": "MEDIUM"
    },
    {
      "quarter": "2022-01 (Q1)",
      "signal": "INCREMENTAL MARGIN (YoY)",
      "detail": "YoY Incr OPM: +72.0% vs year-ago OPM: +12.8%",
      "severity": "HIGH"
    },
    {
      "quarter": "2021-10 (Q4)",
      "signal": "FCF TURNED POSITIVE",
      "detail": "FCF margin: -2.1% -> +4.5%",
      "severity": "HIGH"
    },
    {
      "quarter": "2021-10 (Q4)",
      "signal": "OPERATING LEVERAGE",
      "detail": "Rev growth +5.2% vs OpEx growth +1.6% (leverage: 3.3x)",
      "severity": "MEDIUM"
    },
    {
      "quarter": "2021-04 (Q2)",
      "signal": "FCF MARGIN EXPANSION",
      "detail": "FCF margin: +6.4% -> +27.5% (+21.1%)",
      "severity": "MEDIUM"
    }
  ],
  "data_quality": {
    "n_quarters": 20,
    "coverage": {
      "revenue": [
        20,
        20
      ],
      "gross_profit": [
        0,
        20
      ],
      "op_income": [
        20,
        20
      ],
      "fcf": [
        20,
        20
      ]
    },
    "gaps": [],
    "warnings": [
      "gross_profit: no data"
    ]
  },
  "market_cap": null,
  "source": "SEC EDGAR",
  "last_updated": "2026-02-02T23:02:50.424463",
  "sector": "Industrials",
  "industry": "Aerospace & Defense"
}