{
  "ticker": "BURL",
  "name": "BURLINGTON STORES, INC.",
  "quarters": [
    {
      "date": "2021-01-30T00:00:00",
      "quarter_label": "2021-01 (Q1)",
      "revenue": 2278935000,
      "gross_profit": 969492000,
      "operating_income": null,
      "net_income": 155994000,
      "opex": 2094697000,
      "cogs": 1309443000,
      "rd": null,
      "sga": 704964000,
      "fcf": 277273000,
      "ocf": 336118000,
      "capex": -58845000,
      "gross_margin": 0.4254145028269784,
      "op_margin": null,
      "fcf_margin": 0.12166779658042023
    },
    {
      "date": "2021-05-01T00:00:00",
      "quarter_label": "2021-05 (Q2)",
      "revenue": 2193296000,
      "gross_profit": 951107000,
      "operating_income": null,
      "net_income": 171030000,
      "opex": 1981629000,
      "cogs": 1242189000,
      "rd": null,
      "sga": 664828000,
      "fcf": 151738000,
      "ocf": 223409000,
      "capex": -71671000,
      "gross_margin": 0.4336427914882442,
      "op_margin": null,
      "fcf_margin": 0.06918263654335757,
      "fcf_margin_change": -0.05248516003706266
    },
    {
      "date": "2021-07-31T00:00:00",
      "quarter_label": "2021-07 (Q3)",
      "revenue": 2215911000,
      "gross_profit": 936226000,
      "operating_income": null,
      "net_income": 102554000,
      "opex": 2092147000,
      "cogs": 1279685000,
      "rd": null,
      "sga": 702291000,
      "fcf": 127945000,
      "ocf": 203461000,
      "capex": -75516000,
      "gross_margin": 0.4225016257421891,
      "op_margin": null,
      "fcf_margin": 0.05773923230671268,
      "op_leverage_ratio": 0.18487946584611464,
      "fcf_margin_change": -0.011443404236644895
    },
    {
      "date": "2021-10-30T00:00:00",
      "quarter_label": "2021-10 (Q4)",
      "revenue": 2304041000,
      "gross_profit": 956482000,
      "operating_income": null,
      "net_income": 13619000,
      "opex": 2272500000,
      "cogs": 1347559000,
      "rd": null,
      "sga": 759785000,
      "fcf": 90216000,
      "ocf": 181497000,
      "capex": -91281000,
      "gross_margin": 0.41513236960627004,
      "op_margin": null,
      "fcf_margin": 0.039155553221492154,
      "op_leverage_ratio": 0.4613603649589771,
      "fcf_margin_change": -0.018583679085220524
    },
    {
      "date": "2022-01-29T00:00:00",
      "quarter_label": "2022-01 (Q1)",
      "revenue": 2609008000,
      "gross_profit": 1042285000,
      "operating_income": null,
      "net_income": 121636000,
      "opex": 2430682000,
      "cogs": 1566723000,
      "rd": null,
      "sga": 741623000,
      "fcf": 110793000,
      "ocf": 224792000,
      "capex": -113999000,
      "gross_margin": 0.3994947504952074,
      "op_margin": null,
      "fcf_margin": 0.04246556545629603,
      "rev_growth_yoy": 0.144836513546898,
      "op_leverage_ratio": 1.9015575517967573,
      "fcf_margin_change": 0.003310012234803879
    },
    {
      "date": "2022-04-30T00:00:00",
      "quarter_label": "2022-04 (Q2)",
      "revenue": 1929692000,
      "gross_profit": 792746000,
      "operating_income": null,
      "net_income": 16174000,
      "opex": 1911985000,
      "cogs": 1136946000,
      "rd": null,
      "sga": 680327000,
      "fcf": -279198000,
      "ocf": -172299000,
      "capex": -106899000,
      "gross_margin": 0.41081478287726747,
      "op_margin": null,
      "fcf_margin": -0.14468526583516955,
      "rev_growth_yoy": -0.12018624025211372,
      "rev_growth_yoy_accel": -0.26502275379901175,
      "fcf_margin_change": -0.1871508312914656
    },
    {
      "date": "2022-07-30T00:00:00",
      "quarter_label": "2022-07 (Q3)",
      "revenue": 1987941000,
      "gross_profit": 776673000,
      "operating_income": null,
      "net_income": 11966000,
      "opex": 1971984000,
      "cogs": 1211268000,
      "rd": null,
      "sga": 685504000,
      "fcf": -82440000,
      "ocf": 19437000,
      "capex": -101877000,
      "gross_margin": 0.3906921784902067,
      "op_margin": null,
      "fcf_margin": -0.04147004362805536,
      "rev_growth_yoy": -0.10287868059682903,
      "rev_growth_yoy_accel": 0.017307559655284688,
      "op_leverage_ratio": 0.9619244114504747,
      "fcf_margin_change": 0.10321522220711418
    },
    {
      "date": "2022-10-29T00:00:00",
      "quarter_label": "2022-10 (Q4)",
      "revenue": 2040687000,
      "gross_profit": 842561000,
      "operating_income": null,
      "net_income": 16783000,
      "opex": 2017869000,
      "cogs": 1198126000,
      "rd": null,
      "sga": 726926000,
      "fcf": 32236000,
      "ocf": 162439000,
      "capex": -130203000,
      "gross_margin": 0.41288105427240923,
      "op_margin": null,
      "fcf_margin": 0.01579664103314227,
      "rev_growth_yoy": -0.11430091738818884,
      "rev_growth_yoy_accel": -0.011422236791359813,
      "op_leverage_ratio": 1.1402988608142315,
      "fcf_margin_change": 0.05726668466119764
    },
    {
      "date": "2023-01-28T00:00:00",
      "quarter_label": "2023-01 (Q1)",
      "revenue": 2744283000,
      "gross_profit": 1118908000,
      "operating_income": null,
      "net_income": 185200000,
      "opex": 2493257000,
      "cogs": 1625375000,
      "rd": null,
      "sga": 784600000,
      "fcf": 478394000,
      "ocf": 586808000,
      "capex": -108414000,
      "gross_margin": 0.40772325594699965,
      "op_margin": null,
      "fcf_margin": 0.1743238579986102,
      "rev_growth_yoy": 0.05184920858809172,
      "rev_growth_yoy_accel": 0.16615012597628057,
      "op_leverage_ratio": 1.463496599034523,
      "fcf_margin_change": 0.15852721696546793
    },
    {
      "date": "2023-04-29T00:00:00",
      "quarter_label": "2023-04 (Q2)",
      "revenue": 2136956000,
      "gross_profit": 905310000,
      "operating_income": null,
      "net_income": 32748000,
      "opex": 2093638000,
      "cogs": 1231646000,
      "rd": null,
      "sga": 755628000,
      "fcf": -173640000,
      "ocf": -77952000,
      "capex": -95688000,
      "gross_margin": 0.4236446609101919,
      "op_margin": null,
      "fcf_margin": -0.08125576754972962,
      "rev_growth_yoy": 0.10740781430404438,
      "rev_growth_yoy_accel": 0.055558605715952655,
      "fcf_margin_change": -0.2555796255483398
    },
    {
      "date": "2023-07-29T00:00:00",
      "quarter_label": "2023-07 (Q3)",
      "revenue": 2174807000,
      "gross_profit": 908597000,
      "operating_income": null,
      "net_income": 30892000,
      "opex": 2132814000,
      "cogs": 1266210000,
      "rd": null,
      "sga": 775285000,
      "fcf": 18714000,
      "ocf": 107778000,
      "capex": -89064000,
      "gross_margin": 0.4177828193490273,
      "op_margin": null,
      "fcf_margin": 0.008604901492408291,
      "rev_growth_yoy": 0.09399977162300088,
      "rev_growth_yoy_accel": -0.013408042681043494,
      "op_leverage_ratio": 0.9465929789361345,
      "fcf_margin_change": 0.08986066904213791
    },
    {
      "date": "2023-10-28T00:00:00",
      "quarter_label": "2023-10 (Q4)",
      "revenue": 2289346000,
      "gross_profit": 991541000,
      "operating_income": null,
      "net_income": 48551000,
      "opex": 2222454000,
      "cogs": 1297805000,
      "rd": null,
      "sga": 826822000,
      "fcf": 120680000,
      "ocf": 240370000,
      "capex": -119690000,
      "gross_margin": 0.4331110282150448,
      "op_margin": null,
      "fcf_margin": 0.052713744449288134,
      "rev_growth_yoy": 0.12185063167452921,
      "rev_growth_yoy_accel": 0.02785086005152833,
      "op_leverage_ratio": 1.2530944310127643,
      "fcf_margin_change": 0.04410884295687984
    },
    {
      "date": "2024-02-03T00:00:00",
      "quarter_label": "2024-02 (Q1)",
      "revenue": 3126358000,
      "gross_profit": 1337959000,
      "operating_income": null,
      "net_income": 227458000,
      "opex": 2812789000,
      "cogs": 1788399000,
      "rd": null,
      "sga": 930579000,
      "fcf": 410337000,
      "ocf": 598539000,
      "capex": -188202000,
      "gross_margin": 0.42796090530898895,
      "op_margin": null,
      "fcf_margin": 0.13125080365076552,
      "rev_growth_yoy": 0.13922580142062607,
      "rev_growth_yoy_accel": 0.01737516974609686,
      "op_leverage_ratio": 1.3764311668793465,
      "fcf_margin_change": 0.07853705920147738
    },
    {
      "date": "2024-05-04T00:00:00",
      "quarter_label": "2024-05 (Q2)",
      "revenue": 2361553000,
      "gross_profit": 1030827000,
      "operating_income": null,
      "net_income": 78514000,
      "opex": 2251914000,
      "cogs": 1330726000,
      "rd": null,
      "sga": 825226000,
      "fcf": -115465000,
      "ocf": 49372000,
      "capex": -164837000,
      "gross_margin": 0.43650385995995006,
      "op_margin": null,
      "fcf_margin": -0.048893672934717115,
      "rev_growth_yoy": 0.10510136848863523,
      "rev_growth_yoy_accel": -0.03412443293199084,
      "fcf_margin_change": -0.18014447658548263
    },
    {
      "date": "2024-08-03T00:00:00",
      "quarter_label": "2024-08 (Q3)",
      "revenue": 2465517000,
      "gross_profit": 1057397000,
      "operating_income": null,
      "net_income": 73760000,
      "opex": 2365850000,
      "cogs": 1408120000,
      "rd": null,
      "sga": 863981000,
      "fcf": -35167000,
      "ocf": 160434000,
      "capex": -195601000,
      "gross_margin": 0.42887434968000626,
      "op_margin": null,
      "fcf_margin": -0.014263539857968938,
      "rev_growth_yoy": 0.13367163155167333,
      "rev_growth_yoy_accel": 0.0285702630630381,
      "op_leverage_ratio": 0.8701139194031756,
      "fcf_margin_change": 0.03463013307674818
    },
    {
      "date": "2024-11-02T00:00:00",
      "quarter_label": "2024-11 (Q4)",
      "revenue": 2530696000,
      "gross_profit": 1112553000,
      "operating_income": null,
      "net_income": 90597000,
      "opex": 2412658000,
      "cogs": 1418143000,
      "rd": null,
      "sga": 893092000,
      "fcf": -56221000,
      "ocf": 110406000,
      "capex": -166627000,
      "gross_margin": 0.43962332891821065,
      "op_margin": null,
      "fcf_margin": -0.022215627637614317,
      "rev_growth_yoy": 0.10542312083887713,
      "rev_growth_yoy_accel": -0.0282485107127962,
      "op_leverage_ratio": 1.3361856783668726,
      "fcf_margin_change": -0.00795208777964538
    },
    {
      "date": "2025-02-01T00:00:00",
      "quarter_label": "2025-02 (Q1)",
      "revenue": 3277057000,
      "gross_profit": 1408774000,
      "operating_income": null,
      "net_income": 260768000,
      "opex": 2929587000,
      "cogs": 1868283000,
      "rd": null,
      "sga": 964668000,
      "fcf": 189845000,
      "ocf": 543164000,
      "capex": -353319000,
      "gross_margin": 0.42988998970722814,
      "op_margin": null,
      "fcf_margin": 0.0579315526095518,
      "rev_growth_yoy": 0.04820273302033868,
      "rev_growth_yoy_accel": -0.05722038781853845,
      "op_leverage_ratio": 1.3764924265643979,
      "fcf_margin_change": 0.08014718024716612
    },
    {
      "date": "2025-05-03T00:00:00",
      "quarter_label": "2025-05 (Q2)",
      "revenue": 2504020000,
      "gross_profit": 1098929000,
      "operating_income": null,
      "net_income": 100833000,
      "opex": 2371148000,
      "cogs": 1405091000,
      "rd": null,
      "sga": 868058000,
      "fcf": -438608000,
      "ocf": -28908000,
      "capex": -409700000,
      "gross_margin": 0.4388659036269678,
      "op_margin": null,
      "fcf_margin": -0.17516154024328878,
      "rev_growth_yoy": 0.060327674204220694,
      "rev_growth_yoy_accel": 0.012124941183882014,
      "fcf_margin_change": -0.23309309285284058
    },
    {
      "date": "2025-08-02T00:00:00",
      "quarter_label": "2025-08 (Q3)",
      "revenue": 2705071000,
      "gross_profit": 1185442000,
      "operating_income": null,
      "net_income": 94185000,
      "opex": 2577747000,
      "cogs": 1519629000,
      "rd": null,
      "sga": 949931000,
      "fcf": -101000,
      "ocf": 179440000,
      "capex": -179541000,
      "gross_margin": 0.43822953260746206,
      "op_margin": null,
      "fcf_margin": -3.7337282459499216e-05,
      "rev_growth_yoy": 0.09716177175010353,
      "rev_growth_yoy_accel": 0.036834097545882835,
      "op_leverage_ratio": 0.9215075363487364,
      "fcf_margin_change": 0.17512420296082928
    },
    {
      "date": "2025-11-01T00:00:00",
      "quarter_label": "2025-11 (Q4)",
      "revenue": 2710440000,
      "gross_profit": 1200587000,
      "operating_income": null,
      "net_income": 104750000,
      "opex": 2572381000,
      "cogs": 1509853000,
      "rd": null,
      "sga": 947518000,
      "fcf": -109622000,
      "ocf": 143332000,
      "capex": -252954000,
      "gross_margin": 0.442949115272797,
      "op_margin": null,
      "fcf_margin": -0.040444355897935394,
      "rev_growth_yoy": 0.07102552025213617,
      "rev_growth_yoy_accel": -0.02613625149796736,
      "fcf_margin_change": -0.040407018615475895
    }
  ],
  "signals": [
    {
      "quarter": "2025-08 (Q3)",
      "signal": "FCF MARGIN EXPANSION",
      "detail": "FCF margin: -17.5% -> -0.0% (+17.5%)",
      "severity": "MEDIUM"
    },
    {
      "quarter": "2025-02 (Q1)",
      "signal": "FCF TURNED POSITIVE",
      "detail": "FCF margin: -2.2% -> +5.8%",
      "severity": "HIGH"
    },
    {
      "quarter": "2025-02 (Q1)",
      "signal": "YoY REVENUE GROWTH DECELERATION",
      "detail": "YoY growth: +4.8% vs prior quarter YoY: +10.5% (decel: -5.7%)",
      "severity": "WARNING"
    },
    {
      "quarter": "2024-02 (Q1)",
      "signal": "FCF MARGIN EXPANSION",
      "detail": "FCF margin: +5.3% -> +13.1% (+7.9%)",
      "severity": "MEDIUM"
    },
    {
      "quarter": "2023-07 (Q3)",
      "signal": "FCF TURNED POSITIVE",
      "detail": "FCF margin: -8.1% -> +0.9%",
      "severity": "HIGH"
    },
    {
      "quarter": "2023-04 (Q2)",
      "signal": "YoY REVENUE GROWTH ACCELERATION",
      "detail": "YoY growth: +10.7% vs prior quarter YoY: +5.2% (accel: +5.6%)",
      "severity": "MEDIUM"
    },
    {
      "quarter": "2023-01 (Q1)",
      "signal": "FCF MARGIN EXPANSION",
      "detail": "FCF margin: +1.6% -> +17.4% (+15.9%)",
      "severity": "MEDIUM"
    },
    {
      "quarter": "2023-01 (Q1)",
      "signal": "YoY REVENUE GROWTH ACCELERATION",
      "detail": "YoY growth: +5.2% vs prior quarter YoY: -11.4% (accel: +16.6%)",
      "severity": "HIGH"
    },
    {
      "quarter": "2022-10 (Q4)",
      "signal": "FCF TURNED POSITIVE",
      "detail": "FCF margin: -4.1% -> +1.6%",
      "severity": "HIGH"
    },
    {
      "quarter": "2022-10 (Q4)",
      "signal": "GROSS MARGIN INFLECTION",
      "detail": "GM: +41.1% -> +39.1% -> +41.3% (reversal +2.2%)",
      "severity": "MEDIUM"
    },
    {
      "quarter": "2022-07 (Q3)",
      "signal": "FCF MARGIN EXPANSION",
      "detail": "FCF margin: -14.5% -> -4.1% (+10.3%)",
      "severity": "MEDIUM"
    },
    {
      "quarter": "2022-04 (Q2)",
      "signal": "YoY REVENUE GROWTH DECELERATION",
      "detail": "YoY growth: -12.0% vs prior quarter YoY: +14.5% (decel: -26.5%)",
      "severity": "WARNING"
    },
    {
      "quarter": "2022-01 (Q1)",
      "signal": "OPERATING LEVERAGE",
      "detail": "Rev growth +13.2% vs OpEx growth +7.0% (leverage: 1.9x)",
      "severity": "MEDIUM"
    }
  ],
  "data_quality": {
    "n_quarters": 20,
    "coverage": {
      "revenue": [
        20,
        20
      ],
      "gross_profit": [
        20,
        20
      ],
      "op_income": [
        0,
        20
      ],
      "fcf": [
        20,
        20
      ]
    },
    "gaps": [],
    "warnings": [
      "op_income: no data"
    ]
  },
  "market_cap": null,
  "source": "SEC EDGAR",
  "last_updated": "2026-02-02T20:20:44.027468",
  "sector": "Consumer Cyclical",
  "industry": "Apparel Retail"
}