{
  "ticker": "BWA",
  "name": "BORGWARNER INC.",
  "quarters": [
    {
      "date": "2020-12-31T00:00:00",
      "quarter_label": "2020-12 (Q4)",
      "revenue": 3926000000,
      "gross_profit": 772000000,
      "operating_income": 223000000,
      "net_income": 358000000,
      "opex": 549000000,
      "cogs": 3154000000,
      "rd": 179000000,
      "sga": 350000000,
      "fcf": 376000000,
      "ocf": 376000000,
      "capex": null,
      "gross_margin": 0.19663779928680591,
      "op_margin": 0.05680081507896077,
      "fcf_margin": 0.09577177789098319
    },
    {
      "date": "2021-03-31T00:00:00",
      "quarter_label": "2021-03 (Q1)",
      "revenue": 4009000000,
      "gross_profit": 818000000,
      "operating_income": 403000000,
      "net_income": 65000000,
      "opex": 415000000,
      "cogs": 3191000000,
      "rd": 183000000,
      "sga": 377000000,
      "fcf": 342000000,
      "ocf": 342000000,
      "capex": null,
      "gross_margin": 0.20404090795709653,
      "op_margin": 0.10052382140184585,
      "fcf_margin": 0.08530805687203792,
      "op_leverage_ratio": Infinity,
      "fcf_margin_change": -0.010463721018945271
    },
    {
      "date": "2021-06-30T00:00:00",
      "quarter_label": "2021-06 (Q2)",
      "revenue": 3758000000,
      "gross_profit": 762000000,
      "operating_income": 317000000,
      "net_income": 247000000,
      "opex": 445000000,
      "cogs": 2996000000,
      "rd": 166000000,
      "sga": 364000000,
      "fcf": 280000000,
      "ocf": 280000000,
      "capex": null,
      "gross_margin": 0.20276742948376797,
      "op_margin": 0.08435337945715807,
      "fcf_margin": 0.0745077168706759,
      "fcf_margin_change": -0.010800340001362027
    },
    {
      "date": "2021-09-30T00:00:00",
      "quarter_label": "2021-09 (Q3)",
      "revenue": 3416000000,
      "gross_profit": 650000000,
      "operating_income": 253000000,
      "net_income": 96000000,
      "opex": 397000000,
      "cogs": 2766000000,
      "rd": 184000000,
      "sga": 343000000,
      "fcf": 142000000,
      "ocf": 142000000,
      "capex": null,
      "gross_margin": 0.19028103044496486,
      "op_margin": 0.0740632318501171,
      "fcf_margin": 0.04156908665105386,
      "fcf_margin_change": -0.03293863021962203
    },
    {
      "date": "2021-12-31T00:00:00",
      "quarter_label": "2021-12 (Q4)",
      "revenue": 3655000000,
      "gross_profit": 625000000,
      "operating_income": 178000000,
      "net_income": 129000000,
      "opex": 447000000,
      "cogs": 3030000000,
      "rd": 174000000,
      "sga": 376000000,
      "fcf": 542000000,
      "ocf": 542000000,
      "capex": null,
      "gross_margin": 0.17099863201094392,
      "op_margin": 0.048700410396716826,
      "fcf_margin": 0.14829001367989056,
      "incr_op_margin_yoy": 0.16605166051660517,
      "rev_growth_yoy": -0.06902699949057566,
      "op_leverage_ratio": 0.5555210772833723,
      "fcf_margin_change": 0.1067209270288367
    },
    {
      "date": "2022-03-31T00:00:00",
      "quarter_label": "2022-03 (Q1)",
      "revenue": 3874000000,
      "gross_profit": 750000000,
      "operating_income": 352000000,
      "net_income": 200000000,
      "opex": 398000000,
      "cogs": 3124000000,
      "rd": 191000000,
      "sga": 388000000,
      "fcf": 116000000,
      "ocf": 116000000,
      "capex": null,
      "gross_margin": 0.19359834796076406,
      "op_margin": 0.09086215797625194,
      "fcf_margin": 0.029943211151264842,
      "incr_op_margin_yoy": 0.37777777777777777,
      "rev_growth_yoy": -0.03367423297580444,
      "rev_growth_yoy_accel": 0.03535276651477121,
      "op_leverage_ratio": Infinity,
      "fcf_margin_change": -0.11834680252862571
    },
    {
      "date": "2022-06-30T00:00:00",
      "quarter_label": "2022-06 (Q2)",
      "revenue": 3759000000,
      "gross_profit": 712000000,
      "operating_income": 272000000,
      "net_income": 216000000,
      "opex": 440000000,
      "cogs": 3047000000,
      "rd": 207000000,
      "sga": 394000000,
      "fcf": 216000000,
      "ocf": 216000000,
      "capex": null,
      "gross_margin": 0.1894120776802341,
      "op_margin": 0.07235967012503325,
      "fcf_margin": 0.05746209098164405,
      "rev_growth_yoy": 0.00026609898882384245,
      "rev_growth_yoy_accel": 0.033940331964628284,
      "fcf_margin_change": 0.02751887983037921
    },
    {
      "date": "2022-09-30T00:00:00",
      "quarter_label": "2022-09 (Q3)",
      "revenue": 4060000000,
      "gross_profit": 806000000,
      "operating_income": 389000000,
      "net_income": 273000000,
      "opex": 417000000,
      "cogs": 3254000000,
      "rd": 199000000,
      "sga": 397000000,
      "fcf": 347000000,
      "ocf": 347000000,
      "capex": null,
      "gross_margin": 0.19852216748768473,
      "op_margin": 0.0958128078817734,
      "fcf_margin": 0.0854679802955665,
      "incr_op_margin_yoy": 0.2111801242236025,
      "rev_growth_yoy": 0.1885245901639344,
      "rev_growth_yoy_accel": 0.18825849117511056,
      "op_leverage_ratio": Infinity,
      "fcf_margin_change": 0.02800588931392245
    },
    {
      "date": "2022-12-31T00:00:00",
      "quarter_label": "2022-12 (Q4)",
      "revenue": 4108000000,
      "gross_profit": 833000000,
      "operating_income": 361000000,
      "net_income": 254000000,
      "opex": 472000000,
      "cogs": 3275000000,
      "rd": 189000000,
      "sga": 431000000,
      "fcf": 890000000,
      "ocf": 890000000,
      "capex": null,
      "gross_margin": 0.20277507302823758,
      "op_margin": 0.08787731256085686,
      "fcf_margin": 0.2166504381694255,
      "incr_op_margin_yoy": 0.40397350993377484,
      "rev_growth_yoy": 0.12393980848153215,
      "rev_growth_yoy_accel": -0.06458478168240227,
      "op_leverage_ratio": 0.0896372592924317,
      "fcf_margin_change": 0.13118245787385902
    },
    {
      "date": "2023-03-31T00:00:00",
      "quarter_label": "2023-03 (Q1)",
      "revenue": 4180000000,
      "gross_profit": 750000000,
      "operating_income": 340000000,
      "net_income": 217000000,
      "opex": 410000000,
      "cogs": 3430000000,
      "rd": 193000000,
      "sga": 384000000,
      "fcf": -12000000,
      "ocf": -12000000,
      "capex": null,
      "gross_margin": 0.17942583732057416,
      "op_margin": 0.08133971291866028,
      "fcf_margin": -0.0028708133971291866,
      "incr_op_margin_yoy": -0.0392156862745098,
      "rev_growth_yoy": 0.07898812596799173,
      "rev_growth_yoy_accel": -0.04495168251354041,
      "op_leverage_ratio": Infinity,
      "fcf_margin_change": -0.2195212515665547
    },
    {
      "date": "2023-06-30T00:00:00",
      "quarter_label": "2023-06 (Q2)",
      "revenue": 4520000000,
      "gross_profit": 868000000,
      "operating_income": 383000000,
      "net_income": 204000000,
      "opex": 485000000,
      "cogs": 3652000000,
      "rd": 208000000,
      "sga": 422000000,
      "fcf": 280000000,
      "ocf": 280000000,
      "capex": null,
      "gross_margin": 0.1920353982300885,
      "op_margin": 0.08473451327433629,
      "fcf_margin": 0.061946902654867256,
      "incr_op_margin_yoy": 0.14586070959264127,
      "rev_growth_yoy": 0.20244745943069967,
      "rev_growth_yoy_accel": 0.12345933346270793,
      "op_leverage_ratio": 0.4446570972886762,
      "fcf_margin_change": 0.06481771605199645
    },
    {
      "date": "2023-09-30T00:00:00",
      "quarter_label": "2023-09 (Q3)",
      "revenue": 3622000000,
      "gross_profit": 652000000,
      "operating_income": 272000000,
      "net_income": 50000000,
      "opex": 380000000,
      "cogs": 2970000000,
      "rd": 192000000,
      "sga": 330000000,
      "fcf": null,
      "ocf": null,
      "capex": null,
      "gross_margin": 0.1800110436223081,
      "op_margin": 0.07509663169519602,
      "fcf_margin": null,
      "incr_op_margin_yoy": 0.2671232876712329,
      "rev_growth_yoy": -0.10788177339901478,
      "rev_growth_yoy_accel": -0.3103292328297145
    },
    {
      "date": "2023-12-31T00:00:00",
      "quarter_label": "2023-12 (Q4)",
      "revenue": 3522000000,
      "gross_profit": 659000000,
      "operating_income": 281000000,
      "net_income": 154000000,
      "opex": 378000000,
      "cogs": 2863000000,
      "rd": 176000000,
      "sga": 353000000,
      "fcf": null,
      "ocf": null,
      "capex": null,
      "gross_margin": 0.18710959681998865,
      "op_margin": 0.07978421351504827,
      "fcf_margin": null,
      "incr_op_margin_yoy": 0.13651877133105803,
      "rev_growth_yoy": -0.14264849074975658,
      "rev_growth_yoy_accel": -0.0347667173507418
    },
    {
      "date": "2024-03-31T00:00:00",
      "quarter_label": "2024-03 (Q1)",
      "revenue": 3595000000,
      "gross_profit": 644000000,
      "operating_income": 295000000,
      "net_income": 206000000,
      "opex": 349000000,
      "cogs": 2951000000,
      "rd": 187000000,
      "sga": 329000000,
      "fcf": null,
      "ocf": null,
      "capex": null,
      "gross_margin": 0.17913769123783033,
      "op_margin": 0.08205841446453407,
      "fcf_margin": null,
      "incr_op_margin_yoy": 0.07692307692307693,
      "rev_growth_yoy": -0.13995215311004786,
      "rev_growth_yoy_accel": 0.0026963376397087235,
      "op_leverage_ratio": Infinity
    },
    {
      "date": "2024-06-30T00:00:00",
      "quarter_label": "2024-06 (Q2)",
      "revenue": 3603000000,
      "gross_profit": 685000000,
      "operating_income": 297000000,
      "net_income": 303000000,
      "opex": 388000000,
      "cogs": 2918000000,
      "rd": 189000000,
      "sga": 341000000,
      "fcf": null,
      "ocf": null,
      "capex": null,
      "gross_margin": 0.19011934499028588,
      "op_margin": 0.08243130724396336,
      "fcf_margin": null,
      "incr_op_margin_yoy": 0.09378407851690294,
      "rev_growth_yoy": -0.20287610619469026,
      "rev_growth_yoy_accel": -0.06292395308464241
    },
    {
      "date": "2024-09-30T00:00:00",
      "quarter_label": "2024-09 (Q3)",
      "revenue": 3449000000,
      "gross_profit": 636000000,
      "operating_income": 270000000,
      "net_income": 234000000,
      "opex": 366000000,
      "cogs": 2813000000,
      "rd": 190000000,
      "sga": 340000000,
      "fcf": null,
      "ocf": null,
      "capex": null,
      "gross_margin": 0.18440127573209625,
      "op_margin": 0.07828356045230501,
      "fcf_margin": null,
      "incr_op_margin_yoy": 0.011560693641618497,
      "rev_growth_yoy": -0.04776366648260629,
      "rev_growth_yoy_accel": 0.15511243971208397
    },
    {
      "date": "2024-12-31T00:00:00",
      "quarter_label": "2024-12 (Q4)",
      "revenue": 3439000000,
      "gross_profit": 683000000,
      "operating_income": -316000000,
      "net_income": -405000000,
      "opex": 999000000,
      "cogs": 2756000000,
      "rd": 170000000,
      "sga": 340000000,
      "fcf": null,
      "ocf": null,
      "capex": null,
      "gross_margin": 0.1986042454201803,
      "op_margin": -0.09188717650479791,
      "fcf_margin": null,
      "incr_op_margin_yoy": 7.192771084337349,
      "rev_growth_yoy": -0.023566155593412835,
      "rev_growth_yoy_accel": 0.024197510889193457
    },
    {
      "date": "2025-03-31T00:00:00",
      "quarter_label": "2025-03 (Q1)",
      "revenue": 3515000000,
      "gross_profit": 639000000,
      "operating_income": 237000000,
      "net_income": 157000000,
      "opex": 402000000,
      "cogs": 2876000000,
      "rd": 182000000,
      "sga": 315000000,
      "fcf": null,
      "ocf": null,
      "capex": null,
      "gross_margin": 0.1817923186344239,
      "op_margin": 0.06742532005689901,
      "fcf_margin": null,
      "incr_op_margin_yoy": 0.725,
      "rev_growth_yoy": -0.022253129346314324,
      "rev_growth_yoy_accel": 0.0013130262470985102,
      "op_leverage_ratio": Infinity
    },
    {
      "date": "2025-06-30T00:00:00",
      "quarter_label": "2025-06 (Q2)",
      "revenue": 3638000000,
      "gross_profit": 640000000,
      "operating_income": 289000000,
      "net_income": 224000000,
      "opex": 351000000,
      "cogs": 2998000000,
      "rd": 182000000,
      "sga": 317000000,
      "fcf": null,
      "ocf": null,
      "capex": null,
      "gross_margin": 0.1759208356239692,
      "op_margin": 0.0794392523364486,
      "fcf_margin": null,
      "incr_op_margin_yoy": -0.22857142857142856,
      "rev_growth_yoy": 0.009714127116291979,
      "rev_growth_yoy_accel": 0.0319672564626063,
      "op_leverage_ratio": Infinity
    },
    {
      "date": "2025-09-30T00:00:00",
      "quarter_label": "2025-09 (Q3)",
      "revenue": 3591000000,
      "gross_profit": 664000000,
      "operating_income": 248000000,
      "net_income": 158000000,
      "opex": 416000000,
      "cogs": 2927000000,
      "rd": 189000000,
      "sga": 341000000,
      "fcf": null,
      "ocf": null,
      "capex": null,
      "gross_margin": 0.18490671122250069,
      "op_margin": 0.06906154274575327,
      "fcf_margin": null,
      "incr_op_margin_yoy": -0.15492957746478872,
      "rev_growth_yoy": 0.04117135401565671,
      "rev_growth_yoy_accel": 0.03145722689936473
    }
  ],
  "signals": [
    {
      "quarter": "2025-03 (Q1)",
      "signal": "INCREMENTAL MARGIN (YoY)",
      "detail": "YoY Incr OPM: +72.5% vs year-ago OPM: +8.2%",
      "severity": "HIGH"
    },
    {
      "quarter": "2025-03 (Q1)",
      "signal": "OP MARGIN TURNED POSITIVE (QoQ)",
      "detail": "Op margin: -9.2% -> +6.7%",
      "severity": "HIGH"
    },
    {
      "quarter": "2024-09 (Q3)",
      "signal": "YoY REVENUE GROWTH ACCELERATION",
      "detail": "YoY growth: -4.8% vs prior quarter YoY: -20.3% (accel: +15.5%)",
      "severity": "HIGH"
    },
    {
      "quarter": "2024-06 (Q2)",
      "signal": "YoY REVENUE GROWTH DECELERATION",
      "detail": "YoY growth: -20.3% vs prior quarter YoY: -14.0% (decel: -6.3%)",
      "severity": "WARNING"
    },
    {
      "quarter": "2023-09 (Q3)",
      "signal": "YoY REVENUE GROWTH DECELERATION",
      "detail": "YoY growth: -10.8% vs prior quarter YoY: +20.2% (decel: -31.0%)",
      "severity": "WARNING"
    },
    {
      "quarter": "2023-09 (Q3)",
      "signal": "INCREMENTAL MARGIN (YoY)",
      "detail": "YoY Incr OPM: +26.7% vs year-ago OPM: +9.6%",
      "severity": "MEDIUM"
    },
    {
      "quarter": "2023-06 (Q2)",
      "signal": "FCF TURNED POSITIVE",
      "detail": "FCF margin: -0.3% -> +6.2%",
      "severity": "HIGH"
    },
    {
      "quarter": "2023-06 (Q2)",
      "signal": "YoY REVENUE GROWTH ACCELERATION",
      "detail": "YoY growth: +20.2% vs prior quarter YoY: +7.9% (accel: +12.3%)",
      "severity": "MEDIUM"
    },
    {
      "quarter": "2022-12 (Q4)",
      "signal": "FCF MARGIN EXPANSION",
      "detail": "FCF margin: +8.5% -> +21.7% (+13.1%)",
      "severity": "MEDIUM"
    },
    {
      "quarter": "2022-12 (Q4)",
      "signal": "YoY REVENUE GROWTH DECELERATION",
      "detail": "YoY growth: +12.4% vs prior quarter YoY: +18.9% (decel: -6.5%)",
      "severity": "WARNING"
    },
    {
      "quarter": "2022-12 (Q4)",
      "signal": "INCREMENTAL MARGIN (YoY)",
      "detail": "YoY Incr OPM: +40.4% vs year-ago OPM: +4.9%",
      "severity": "HIGH"
    },
    {
      "quarter": "2022-09 (Q3)",
      "signal": "YoY REVENUE GROWTH ACCELERATION",
      "detail": "YoY growth: +18.9% vs prior quarter YoY: +0.0% (accel: +18.8%)",
      "severity": "HIGH"
    },
    {
      "quarter": "2022-09 (Q3)",
      "signal": "INCREMENTAL MARGIN (YoY)",
      "detail": "YoY Incr OPM: +21.1% vs year-ago OPM: +7.4%",
      "severity": "MEDIUM"
    },
    {
      "quarter": "2022-03 (Q1)",
      "signal": "GROSS MARGIN INFLECTION",
      "detail": "GM: +19.0% -> +17.1% -> +19.4% (reversal +2.3%)",
      "severity": "MEDIUM"
    },
    {
      "quarter": "2022-03 (Q1)",
      "signal": "INCREMENTAL MARGIN (YoY)",
      "detail": "YoY Incr OPM: +37.8% vs year-ago OPM: +10.1%",
      "severity": "HIGH"
    },
    {
      "quarter": "2021-12 (Q4)",
      "signal": "FCF MARGIN EXPANSION",
      "detail": "FCF margin: +4.2% -> +14.8% (+10.7%)",
      "severity": "MEDIUM"
    },
    {
      "quarter": "2021-12 (Q4)",
      "signal": "INCREMENTAL MARGIN (YoY)",
      "detail": "YoY Incr OPM: +16.6% vs year-ago OPM: +5.7%",
      "severity": "MEDIUM"
    }
  ],
  "data_quality": {
    "n_quarters": 20,
    "coverage": {
      "revenue": [
        20,
        20
      ],
      "gross_profit": [
        20,
        20
      ],
      "op_income": [
        20,
        20
      ],
      "fcf": [
        11,
        20
      ]
    },
    "gaps": [],
    "warnings": [
      "fcf: 11/20Q"
    ]
  },
  "market_cap": null,
  "source": "SEC EDGAR",
  "last_updated": "2026-02-02T20:36:44.337002",
  "sector": "Consumer Cyclical",
  "industry": "Auto Parts"
}