{
  "ticker": "BWIN",
  "name": "The Baldwin Insurance Group, Inc.",
  "quarters": [
    {
      "date": "2023-03-31T00:00:00",
      "quarter_label": "2023-03 (Q1)",
      "revenue": 330446000,
      "gross_profit": null,
      "operating_income": 3619000,
      "net_income": -14132000,
      "opex": 326827000,
      "cogs": null,
      "rd": null,
      "sga": null,
      "fcf": -17530000,
      "ocf": -14031000,
      "capex": -3499000,
      "gross_margin": null,
      "op_margin": 0.01095186505510734,
      "fcf_margin": -0.05304951489804688
    },
    {
      "date": "2023-06-30T00:00:00",
      "quarter_label": "2023-06 (Q2)",
      "revenue": 297191000,
      "gross_profit": null,
      "operating_income": -16531000,
      "net_income": -23897000,
      "opex": 313722000,
      "cogs": null,
      "rd": null,
      "sga": null,
      "fcf": 44334000,
      "ocf": 49459000,
      "capex": -5125000,
      "gross_margin": null,
      "op_margin": -0.05562416089316298,
      "fcf_margin": 0.14917679202936832,
      "fcf_margin_change": 0.2022263069274152
    },
    {
      "date": "2023-09-30T00:00:00",
      "quarter_label": "2023-09 (Q3)",
      "revenue": 306270000,
      "gross_profit": null,
      "operating_income": 86000,
      "net_income": -17629000,
      "opex": 306184000,
      "cogs": null,
      "rd": null,
      "sga": null,
      "fcf": -18162000,
      "ocf": -12629000,
      "capex": -5533000,
      "gross_margin": null,
      "op_margin": 0.0002807979887027786,
      "fcf_margin": -0.05930061710255657,
      "op_leverage_ratio": Infinity,
      "fcf_margin_change": -0.2084774091319249
    },
    {
      "date": "2023-12-31T00:00:00",
      "quarter_label": "2023-12 (Q4)",
      "revenue": 284648000,
      "gross_profit": null,
      "operating_income": -29725000,
      "net_income": -34483000,
      "opex": -806339000,
      "cogs": null,
      "rd": null,
      "sga": null,
      "fcf": 14626000,
      "ocf": 21845000,
      "capex": -7219000,
      "gross_margin": null,
      "op_margin": -0.10442722239397431,
      "fcf_margin": 0.05138276046204435,
      "fcf_margin_change": 0.11068337756460092
    },
    {
      "date": "2024-03-31T00:00:00",
      "quarter_label": "2024-03 (Q1)",
      "revenue": 380367000,
      "gross_profit": null,
      "operating_income": 34258000,
      "net_income": 21578000,
      "opex": 33727000,
      "cogs": null,
      "rd": null,
      "sga": null,
      "fcf": -5139000,
      "ocf": 3007000,
      "capex": -8146000,
      "gross_margin": null,
      "op_margin": 0.09006564712501347,
      "fcf_margin": -0.013510635780706529,
      "incr_op_margin_yoy": 0.6137497245648124,
      "rev_growth_yoy": 0.1510715820436622,
      "op_leverage_ratio": Infinity,
      "fcf_margin_change": -0.06489339624275088
    },
    {
      "date": "2024-06-30T00:00:00",
      "quarter_label": "2024-06 (Q2)",
      "revenue": 339840000,
      "gross_profit": null,
      "operating_income": 16458000,
      "net_income": -17557000,
      "opex": 33071000,
      "cogs": null,
      "rd": null,
      "sga": null,
      "fcf": 7781000,
      "ocf": 18339000,
      "capex": -10558000,
      "gross_margin": null,
      "op_margin": 0.04842867231638418,
      "fcf_margin": 0.022896068738229754,
      "incr_op_margin_yoy": 0.773499964829187,
      "rev_growth_yoy": 0.14350703756170274,
      "rev_growth_yoy_accel": -0.007564544481959451,
      "fcf_margin_change": 0.03640670451893628
    },
    {
      "date": "2024-09-30T00:00:00",
      "quarter_label": "2024-09 (Q3)",
      "revenue": 338938000,
      "gross_profit": null,
      "operating_income": 15406000,
      "net_income": -8377000,
      "opex": 36051000,
      "cogs": null,
      "rd": null,
      "sga": null,
      "fcf": 32408000,
      "ocf": 32408000,
      "capex": null,
      "gross_margin": null,
      "op_margin": 0.04545374080215261,
      "fcf_margin": 0.09561630740725442,
      "incr_op_margin_yoy": 0.46896045059385333,
      "rev_growth_yoy": 0.10666405459235315,
      "rev_growth_yoy_accel": -0.0368429829693496,
      "fcf_margin_change": 0.07272023866902466
    },
    {
      "date": "2024-12-31T00:00:00",
      "quarter_label": "2024-12 (Q4)",
      "revenue": 329892000,
      "gross_profit": null,
      "operating_income": -5474000,
      "net_income": -20162000,
      "opex": 36088000,
      "cogs": null,
      "rd": null,
      "sga": null,
      "fcf": 48397000,
      "ocf": 48397000,
      "capex": null,
      "gross_margin": null,
      "op_margin": -0.016593309325476216,
      "fcf_margin": 0.14670558849562887,
      "incr_op_margin_yoy": 0.5360047741136946,
      "rev_growth_yoy": 0.1589471909165004,
      "rev_growth_yoy_accel": 0.052283136324147245,
      "fcf_margin_change": 0.05108928108837445
    },
    {
      "date": "2025-03-31T00:00:00",
      "quarter_label": "2025-03 (Q1)",
      "revenue": 413405000,
      "gross_profit": null,
      "operating_income": 56017000,
      "net_income": 13939000,
      "opex": 43671000,
      "cogs": null,
      "rd": null,
      "sga": null,
      "fcf": -63983000,
      "ocf": -63983000,
      "capex": null,
      "gross_margin": null,
      "op_margin": 0.135501505787303,
      "fcf_margin": -0.15477074539495167,
      "incr_op_margin_yoy": 0.65860524244809,
      "rev_growth_yoy": 0.08685821851001796,
      "rev_growth_yoy_accel": -0.07208897240648243,
      "op_leverage_ratio": 1.2047697629322889,
      "fcf_margin_change": -0.30147633389058054
    },
    {
      "date": "2025-06-30T00:00:00",
      "quarter_label": "2025-06 (Q2)",
      "revenue": 378811000,
      "gross_profit": null,
      "operating_income": 27940000,
      "net_income": -3164000,
      "opex": 41154000,
      "cogs": null,
      "rd": null,
      "sga": null,
      "fcf": -16721000,
      "ocf": -16721000,
      "capex": null,
      "gross_margin": null,
      "op_margin": 0.07375709786674621,
      "fcf_margin": -0.04414074564888559,
      "incr_op_margin_yoy": 0.2946293397654666,
      "rev_growth_yoy": 0.1146745527306968,
      "rev_growth_yoy_accel": 0.027816334220678834,
      "fcf_margin_change": 0.11062999974606608
    },
    {
      "date": "2025-09-30T00:00:00",
      "quarter_label": "2025-09 (Q3)",
      "revenue": 365389000,
      "gross_profit": null,
      "operating_income": 3216000,
      "net_income": -18727000,
      "opex": 42453000,
      "cogs": null,
      "rd": null,
      "sga": null,
      "fcf": 41017000,
      "ocf": 41017000,
      "capex": null,
      "gross_margin": null,
      "op_margin": 0.008801578591583217,
      "fcf_margin": 0.11225570556311219,
      "incr_op_margin_yoy": -0.4608521416959661,
      "rev_growth_yoy": 0.07804082162519399,
      "rev_growth_yoy_accel": -0.036633731105502804,
      "fcf_margin_change": 0.1563964512119978
    }
  ],
  "signals": [
    {
      "quarter": "2025-09 (Q3)",
      "signal": "FCF TURNED POSITIVE",
      "detail": "FCF margin: -4.4% -> +11.2%",
      "severity": "HIGH"
    },
    {
      "quarter": "2025-06 (Q2)",
      "signal": "FCF MARGIN EXPANSION",
      "detail": "FCF margin: -15.5% -> -4.4% (+11.1%)",
      "severity": "MEDIUM"
    },
    {
      "quarter": "2025-06 (Q2)",
      "signal": "INCREMENTAL MARGIN (YoY)",
      "detail": "YoY Incr OPM: +29.5% vs year-ago OPM: +4.8%",
      "severity": "HIGH"
    },
    {
      "quarter": "2025-03 (Q1)",
      "signal": "YoY REVENUE GROWTH DECELERATION",
      "detail": "YoY growth: +8.7% vs prior quarter YoY: +15.9% (decel: -7.2%)",
      "severity": "WARNING"
    },
    {
      "quarter": "2025-03 (Q1)",
      "signal": "INCREMENTAL MARGIN (YoY)",
      "detail": "YoY Incr OPM: +65.9% vs year-ago OPM: +9.0%",
      "severity": "HIGH"
    },
    {
      "quarter": "2025-03 (Q1)",
      "signal": "OP MARGIN TURNED POSITIVE (QoQ)",
      "detail": "Op margin: -1.7% -> +13.6%",
      "severity": "HIGH"
    },
    {
      "quarter": "2024-12 (Q4)",
      "signal": "FCF MARGIN EXPANSION",
      "detail": "FCF margin: +9.6% -> +14.7% (+5.1%)",
      "severity": "MEDIUM"
    },
    {
      "quarter": "2024-12 (Q4)",
      "signal": "YoY REVENUE GROWTH ACCELERATION",
      "detail": "YoY growth: +15.9% vs prior quarter YoY: +10.7% (accel: +5.2%)",
      "severity": "MEDIUM"
    },
    {
      "quarter": "2024-09 (Q3)",
      "signal": "FCF MARGIN EXPANSION",
      "detail": "FCF margin: +2.3% -> +9.6% (+7.3%)",
      "severity": "MEDIUM"
    },
    {
      "quarter": "2024-09 (Q3)",
      "signal": "INCREMENTAL MARGIN (YoY)",
      "detail": "YoY Incr OPM: +46.9% vs year-ago OPM: +0.0%",
      "severity": "HIGH"
    },
    {
      "quarter": "2024-06 (Q2)",
      "signal": "FCF TURNED POSITIVE",
      "detail": "FCF margin: -1.4% -> +2.3%",
      "severity": "HIGH"
    },
    {
      "quarter": "2024-06 (Q2)",
      "signal": "OP MARGIN TURNED POSITIVE (YoY)",
      "detail": "Op margin: -5.6% (year-ago) -> +4.8%",
      "severity": "HIGH"
    },
    {
      "quarter": "2024-03 (Q1)",
      "signal": "INCREMENTAL MARGIN (YoY)",
      "detail": "YoY Incr OPM: +61.4% vs year-ago OPM: +1.1%",
      "severity": "HIGH"
    },
    {
      "quarter": "2024-03 (Q1)",
      "signal": "OP MARGIN TURNED POSITIVE (QoQ)",
      "detail": "Op margin: -10.4% -> +9.0%",
      "severity": "HIGH"
    },
    {
      "quarter": "2023-12 (Q4)",
      "signal": "FCF TURNED POSITIVE",
      "detail": "FCF margin: -5.9% -> +5.1%",
      "severity": "HIGH"
    },
    {
      "quarter": "2023-09 (Q3)",
      "signal": "OP MARGIN TURNED POSITIVE (QoQ)",
      "detail": "Op margin: -5.6% -> +0.0%",
      "severity": "HIGH"
    },
    {
      "quarter": "2023-06 (Q2)",
      "signal": "FCF TURNED POSITIVE",
      "detail": "FCF margin: -5.3% -> +14.9%",
      "severity": "HIGH"
    }
  ],
  "data_quality": {
    "n_quarters": 11,
    "coverage": {
      "revenue": [
        11,
        11
      ],
      "gross_profit": [
        0,
        11
      ],
      "op_income": [
        11,
        11
      ],
      "fcf": [
        11,
        11
      ]
    },
    "gaps": [],
    "warnings": [
      "gross_profit: no data"
    ]
  },
  "market_cap": null,
  "source": "SEC EDGAR",
  "last_updated": "2026-02-02T21:24:15.580183"
}