{
  "ticker": "BX",
  "name": "Blackstone Inc.",
  "quarters": [
    {
      "date": "2020-12-31T00:00:00",
      "quarter_label": "2020-12 (Q4)",
      "revenue": 3628924000,
      "gross_profit": null,
      "operating_income": null,
      "net_income": 748870000,
      "opex": 1612114000,
      "cogs": null,
      "rd": null,
      "sga": null,
      "fcf": 269273000,
      "ocf": 310027000,
      "capex": -40754000,
      "gross_margin": null,
      "op_margin": null,
      "fcf_margin": 0.07420188463577633
    },
    {
      "date": "2021-03-31T00:00:00",
      "quarter_label": "2021-03 (Q1)",
      "revenue": 5298872000,
      "gross_profit": null,
      "operating_income": null,
      "net_income": 1747872000,
      "opex": 2051447000,
      "cogs": null,
      "rd": null,
      "sga": null,
      "fcf": 2275943000,
      "ocf": 2296684000,
      "capex": -20741000,
      "gross_margin": null,
      "op_margin": null,
      "fcf_margin": 0.42951462122504563,
      "op_leverage_ratio": 1.6886008305602767,
      "fcf_margin_change": 0.3553127365892693
    },
    {
      "date": "2021-06-30T00:00:00",
      "quarter_label": "2021-06 (Q2)",
      "revenue": 5291354000,
      "gross_profit": null,
      "operating_income": null,
      "net_income": 1309152000,
      "opex": 2272330000,
      "cogs": null,
      "rd": null,
      "sga": null,
      "fcf": 885514000,
      "ocf": 899584000,
      "capex": -14070000,
      "gross_margin": null,
      "op_margin": null,
      "fcf_margin": 0.16735111655731216,
      "fcf_margin_change": -0.26216350466773347
    },
    {
      "date": "2021-09-30T00:00:00",
      "quarter_label": "2021-09 (Q3)",
      "revenue": 6224265000,
      "gross_profit": null,
      "operating_income": null,
      "net_income": 1401895000,
      "opex": 2654359000,
      "cogs": null,
      "rd": null,
      "sga": null,
      "fcf": 1594022000,
      "ocf": 1603667000,
      "capex": -9645000,
      "gross_margin": null,
      "op_margin": null,
      "fcf_margin": 0.2560980292452201,
      "op_leverage_ratio": 1.048693236234251,
      "fcf_margin_change": 0.08874691268790796
    },
    {
      "date": "2021-12-31T00:00:00",
      "quarter_label": "2021-12 (Q4)",
      "revenue": 5762657000,
      "gross_profit": null,
      "operating_income": null,
      "net_income": 1398478000,
      "opex": 2498481000,
      "cogs": null,
      "rd": null,
      "sga": null,
      "fcf": -833807000,
      "ocf": -813947000,
      "capex": -19860000,
      "gross_margin": null,
      "op_margin": null,
      "fcf_margin": -0.14469141578268496,
      "rev_growth_yoy": 0.5879795223046832,
      "fcf_margin_change": -0.4007894450279051
    },
    {
      "date": "2022-03-31T00:00:00",
      "quarter_label": "2022-03 (Q1)",
      "revenue": 5126280000,
      "gross_profit": null,
      "operating_income": null,
      "net_income": 1216874000,
      "opex": 2197022000,
      "cogs": null,
      "rd": null,
      "sga": null,
      "fcf": 2692349000,
      "ocf": 2748501000,
      "capex": -56152000,
      "gross_margin": null,
      "op_margin": null,
      "fcf_margin": 0.5252052170384762,
      "rev_growth_yoy": -0.03257146049196886,
      "rev_growth_yoy_accel": -0.6205509827966521,
      "fcf_margin_change": 0.6698966328211612
    },
    {
      "date": "2022-06-30T00:00:00",
      "quarter_label": "2022-06 (Q2)",
      "revenue": 629220000,
      "gross_profit": null,
      "operating_income": null,
      "net_income": -29393000,
      "opex": 744113000,
      "cogs": null,
      "rd": null,
      "sga": null,
      "fcf": 1844447000,
      "ocf": 1889691000,
      "capex": -45244000,
      "gross_margin": null,
      "op_margin": null,
      "fcf_margin": 2.931322907727027,
      "rev_growth_yoy": -0.8810852571950393,
      "rev_growth_yoy_accel": -0.8485137967030704,
      "fcf_margin_change": 2.406117690688551
    },
    {
      "date": "2022-09-30T00:00:00",
      "quarter_label": "2022-09 (Q3)",
      "revenue": 1058114000,
      "gross_profit": null,
      "operating_income": null,
      "net_income": 2296000,
      "opex": 961361000,
      "cogs": null,
      "rd": null,
      "sga": null,
      "fcf": 897539000,
      "ocf": 982926000,
      "capex": -85387000,
      "gross_margin": null,
      "op_margin": null,
      "fcf_margin": 0.8482441400454015,
      "rev_growth_yoy": -0.8300017753100165,
      "rev_growth_yoy_accel": 0.05108348188502276,
      "op_leverage_ratio": 2.334697172138119,
      "fcf_margin_change": -2.0830787676816254
    },
    {
      "date": "2022-12-31T00:00:00",
      "quarter_label": "2022-12 (Q4)",
      "revenue": 1704059000,
      "gross_profit": null,
      "operating_income": null,
      "net_income": 557854000,
      "opex": 1070529000,
      "cogs": null,
      "rd": null,
      "sga": null,
      "fcf": 666421000,
      "ocf": 715135000,
      "capex": -48714000,
      "gross_margin": null,
      "op_margin": null,
      "fcf_margin": 0.3910785952833793,
      "rev_growth_yoy": -0.704292828811432,
      "rev_growth_yoy_accel": 0.12570894649858455,
      "op_leverage_ratio": 5.375937688514045,
      "fcf_margin_change": -0.4571655447620222
    },
    {
      "date": "2023-03-31T00:00:00",
      "quarter_label": "2023-03 (Q1)",
      "revenue": 1381845000,
      "gross_profit": null,
      "operating_income": null,
      "net_income": 85812000,
      "opex": 1189345000,
      "cogs": null,
      "rd": null,
      "sga": null,
      "fcf": 283171000,
      "ocf": 352728000,
      "capex": -69557000,
      "gross_margin": null,
      "op_margin": null,
      "fcf_margin": 0.20492240446649226,
      "rev_growth_yoy": -0.7304390318125424,
      "rev_growth_yoy_accel": -0.02614620300111048,
      "fcf_margin_change": -0.18615619081688703
    },
    {
      "date": "2023-06-30T00:00:00",
      "quarter_label": "2023-06 (Q2)",
      "revenue": 2814691000,
      "gross_profit": null,
      "operating_income": null,
      "net_income": 601274000,
      "opex": 1475310000,
      "cogs": null,
      "rd": null,
      "sga": null,
      "fcf": 1664897000,
      "ocf": 1725576000,
      "capex": -60679000,
      "gross_margin": null,
      "op_margin": null,
      "fcf_margin": 0.5915025841202463,
      "rev_growth_yoy": 3.473301865802104,
      "rev_growth_yoy_accel": 4.203740897614646,
      "op_leverage_ratio": 4.312560029523187,
      "fcf_margin_change": 0.386580179653754
    },
    {
      "date": "2023-09-30T00:00:00",
      "quarter_label": "2023-09 (Q3)",
      "revenue": 2541285000,
      "gross_profit": null,
      "operating_income": null,
      "net_income": 551994000,
      "opex": 1374905000,
      "cogs": null,
      "rd": null,
      "sga": null,
      "fcf": 1020246000,
      "ocf": 1082914000,
      "capex": -62668000,
      "gross_margin": null,
      "op_margin": null,
      "fcf_margin": 0.40146854839185686,
      "rev_growth_yoy": 1.4017119138391516,
      "rev_growth_yoy_accel": -2.0715899519629524,
      "fcf_margin_change": -0.1900340357283894
    },
    {
      "date": "2023-12-31T00:00:00",
      "quarter_label": "2023-12 (Q4)",
      "revenue": 1285020000,
      "gross_profit": null,
      "operating_income": null,
      "net_income": 151800000,
      "opex": 941570000,
      "cogs": null,
      "rd": null,
      "sga": null,
      "fcf": 864361000,
      "ocf": 895688000,
      "capex": -31327000,
      "gross_margin": null,
      "op_margin": null,
      "fcf_margin": 0.6726440055407698,
      "rev_growth_yoy": -0.2459063917387837,
      "rev_growth_yoy_accel": -1.6476183055779354,
      "fcf_margin_change": 0.2711754571489129
    },
    {
      "date": "2024-03-31T00:00:00",
      "quarter_label": "2024-03 (Q1)",
      "revenue": 3687828000,
      "gross_profit": null,
      "operating_income": null,
      "net_income": 847386000,
      "opex": 1790407000,
      "cogs": null,
      "rd": null,
      "sga": null,
      "fcf": 922090000,
      "ocf": 939846000,
      "capex": -17756000,
      "gross_margin": null,
      "op_margin": null,
      "fcf_margin": 0.2500360645886956,
      "rev_growth_yoy": 1.668771099508266,
      "rev_growth_yoy_accel": 1.91467749124705,
      "op_leverage_ratio": 2.07413725911522,
      "fcf_margin_change": -0.42260794095207416
    },
    {
      "date": "2024-06-30T00:00:00",
      "quarter_label": "2024-06 (Q2)",
      "revenue": 2796381000,
      "gross_profit": null,
      "operating_income": null,
      "net_income": 444414000,
      "opex": 1632706000,
      "cogs": null,
      "rd": null,
      "sga": null,
      "fcf": 1146181000,
      "ocf": 1158561000,
      "capex": -12380000,
      "gross_margin": null,
      "op_margin": null,
      "fcf_margin": 0.4098801272072725,
      "rev_growth_yoy": -0.006505154562259232,
      "rev_growth_yoy_accel": -1.6752762540705253,
      "fcf_margin_change": 0.15984406261857692
    },
    {
      "date": "2024-09-30T00:00:00",
      "quarter_label": "2024-09 (Q3)",
      "revenue": 3663194000,
      "gross_profit": null,
      "operating_income": null,
      "net_income": 780835000,
      "opex": 1896096000,
      "cogs": null,
      "rd": null,
      "sga": null,
      "fcf": 1202463000,
      "ocf": 1221850000,
      "capex": -19387000,
      "gross_margin": null,
      "op_margin": null,
      "fcf_margin": 0.3282553421959088,
      "rev_growth_yoy": 0.44147311301172437,
      "rev_growth_yoy_accel": 0.4479782675739836,
      "op_leverage_ratio": 1.9214884567353654,
      "fcf_margin_change": -0.08162478501136372
    },
    {
      "date": "2024-12-31T00:00:00",
      "quarter_label": "2024-12 (Q4)",
      "revenue": 3082565000,
      "gross_profit": null,
      "operating_income": null,
      "net_income": 703873000,
      "opex": 1500117000,
      "cogs": null,
      "rd": null,
      "sga": null,
      "fcf": 149519000,
      "ocf": 161405000,
      "capex": -11886000,
      "gross_margin": null,
      "op_margin": null,
      "fcf_margin": 0.04850473550436082,
      "rev_growth_yoy": 1.3988459323590294,
      "rev_growth_yoy_accel": 0.957372819347305,
      "fcf_margin_change": -0.279750606691548
    },
    {
      "date": "2025-03-31T00:00:00",
      "quarter_label": "2025-03 (Q1)",
      "revenue": 3289458000,
      "gross_profit": null,
      "operating_income": null,
      "net_income": 614852000,
      "opex": 1894432000,
      "cogs": null,
      "rd": null,
      "sga": null,
      "fcf": 1079940000,
      "ocf": 1109218000,
      "capex": -29278000,
      "gross_margin": null,
      "op_margin": null,
      "fcf_margin": 0.32830332535025525,
      "rev_growth_yoy": -0.10802293382446253,
      "rev_growth_yoy_accel": -1.506868866183492,
      "op_leverage_ratio": 0.2553379624438998,
      "fcf_margin_change": 0.27979858984589445
    },
    {
      "date": "2025-06-30T00:00:00",
      "quarter_label": "2025-06 (Q2)",
      "revenue": 3711900000,
      "gross_profit": null,
      "operating_income": null,
      "net_income": 764244000,
      "opex": 1932603000,
      "cogs": null,
      "rd": null,
      "sga": null,
      "fcf": 848357000,
      "ocf": 888503000,
      "capex": -40146000,
      "gross_margin": null,
      "op_margin": null,
      "fcf_margin": 0.22855060750559014,
      "rev_growth_yoy": 0.32739422846886745,
      "rev_growth_yoy_accel": 0.43541716229333,
      "op_leverage_ratio": 6.373650243772427,
      "fcf_margin_change": -0.0997527178446651
    },
    {
      "date": "2025-09-30T00:00:00",
      "quarter_label": "2025-09 (Q3)",
      "revenue": 3088635000,
      "gross_profit": null,
      "operating_income": null,
      "net_income": 624917000,
      "opex": 1750687000,
      "cogs": null,
      "rd": null,
      "sga": null,
      "fcf": 1573716000,
      "ocf": 1597645000,
      "capex": -23929000,
      "gross_margin": null,
      "op_margin": null,
      "fcf_margin": 0.5095182823480275,
      "rev_growth_yoy": -0.15684645694440424,
      "rev_growth_yoy_accel": -0.4842406854132717,
      "fcf_margin_change": 0.2809676748424374
    }
  ],
  "signals": [
    {
      "quarter": "2025-09 (Q3)",
      "signal": "FCF MARGIN EXPANSION",
      "detail": "FCF margin: +22.9% -> +51.0% (+28.1%)",
      "severity": "MEDIUM"
    },
    {
      "quarter": "2025-09 (Q3)",
      "signal": "YoY REVENUE GROWTH DECELERATION",
      "detail": "YoY growth: -15.7% vs prior quarter YoY: +32.7% (decel: -48.4%)",
      "severity": "WARNING"
    },
    {
      "quarter": "2025-06 (Q2)",
      "signal": "OPERATING LEVERAGE",
      "detail": "Rev growth +12.8% vs OpEx growth +2.0% (leverage: 6.4x)",
      "severity": "MEDIUM"
    },
    {
      "quarter": "2025-06 (Q2)",
      "signal": "YoY REVENUE GROWTH ACCELERATION",
      "detail": "YoY growth: +32.7% vs prior quarter YoY: -10.8% (accel: +43.5%)",
      "severity": "HIGH"
    },
    {
      "quarter": "2025-03 (Q1)",
      "signal": "FCF MARGIN EXPANSION",
      "detail": "FCF margin: +4.9% -> +32.8% (+28.0%)",
      "severity": "MEDIUM"
    },
    {
      "quarter": "2025-03 (Q1)",
      "signal": "YoY REVENUE GROWTH DECELERATION",
      "detail": "YoY growth: -10.8% vs prior quarter YoY: +139.9% (decel: -150.7%)",
      "severity": "WARNING"
    },
    {
      "quarter": "2024-12 (Q4)",
      "signal": "YoY REVENUE GROWTH ACCELERATION",
      "detail": "YoY growth: +139.9% vs prior quarter YoY: +44.1% (accel: +95.7%)",
      "severity": "HIGH"
    },
    {
      "quarter": "2024-09 (Q3)",
      "signal": "OPERATING LEVERAGE",
      "detail": "Rev growth +31.0% vs OpEx growth +16.1% (leverage: 1.9x)",
      "severity": "MEDIUM"
    },
    {
      "quarter": "2024-09 (Q3)",
      "signal": "YoY REVENUE GROWTH ACCELERATION",
      "detail": "YoY growth: +44.1% vs prior quarter YoY: -0.7% (accel: +44.8%)",
      "severity": "HIGH"
    },
    {
      "quarter": "2024-06 (Q2)",
      "signal": "FCF MARGIN EXPANSION",
      "detail": "FCF margin: +25.0% -> +41.0% (+16.0%)",
      "severity": "MEDIUM"
    },
    {
      "quarter": "2024-06 (Q2)",
      "signal": "YoY REVENUE GROWTH DECELERATION",
      "detail": "YoY growth: -0.7% vs prior quarter YoY: +166.9% (decel: -167.5%)",
      "severity": "WARNING"
    },
    {
      "quarter": "2024-03 (Q1)",
      "signal": "OPERATING LEVERAGE",
      "detail": "Rev growth +187.0% vs OpEx growth +90.2% (leverage: 2.1x)",
      "severity": "MEDIUM"
    },
    {
      "quarter": "2024-03 (Q1)",
      "signal": "YoY REVENUE GROWTH ACCELERATION",
      "detail": "YoY growth: +166.9% vs prior quarter YoY: -24.6% (accel: +191.5%)",
      "severity": "HIGH"
    },
    {
      "quarter": "2023-12 (Q4)",
      "signal": "FCF MARGIN EXPANSION",
      "detail": "FCF margin: +40.1% -> +67.3% (+27.1%)",
      "severity": "MEDIUM"
    },
    {
      "quarter": "2023-12 (Q4)",
      "signal": "YoY REVENUE GROWTH DECELERATION",
      "detail": "YoY growth: -24.6% vs prior quarter YoY: +140.2% (decel: -164.8%)",
      "severity": "WARNING"
    },
    {
      "quarter": "2023-09 (Q3)",
      "signal": "YoY REVENUE GROWTH DECELERATION",
      "detail": "YoY growth: +140.2% vs prior quarter YoY: +347.3% (decel: -207.2%)",
      "severity": "WARNING"
    },
    {
      "quarter": "2023-06 (Q2)",
      "signal": "FCF MARGIN EXPANSION",
      "detail": "FCF margin: +20.5% -> +59.2% (+38.7%)",
      "severity": "MEDIUM"
    },
    {
      "quarter": "2023-06 (Q2)",
      "signal": "OPERATING LEVERAGE",
      "detail": "Rev growth +103.7% vs OpEx growth +24.0% (leverage: 4.3x)",
      "severity": "MEDIUM"
    },
    {
      "quarter": "2023-06 (Q2)",
      "signal": "YoY REVENUE GROWTH ACCELERATION",
      "detail": "YoY growth: +347.3% vs prior quarter YoY: -73.0% (accel: +420.4%)",
      "severity": "HIGH"
    },
    {
      "quarter": "2022-12 (Q4)",
      "signal": "OPERATING LEVERAGE",
      "detail": "Rev growth +61.0% vs OpEx growth +11.4% (leverage: 5.4x)",
      "severity": "MEDIUM"
    },
    {
      "quarter": "2022-12 (Q4)",
      "signal": "YoY REVENUE GROWTH ACCELERATION",
      "detail": "YoY growth: -70.4% vs prior quarter YoY: -83.0% (accel: +12.6%)",
      "severity": "MEDIUM"
    },
    {
      "quarter": "2022-09 (Q3)",
      "signal": "OPERATING LEVERAGE",
      "detail": "Rev growth +68.2% vs OpEx growth +29.2% (leverage: 2.3x)",
      "severity": "MEDIUM"
    },
    {
      "quarter": "2022-09 (Q3)",
      "signal": "YoY REVENUE GROWTH ACCELERATION",
      "detail": "YoY growth: -83.0% vs prior quarter YoY: -88.1% (accel: +5.1%)",
      "severity": "MEDIUM"
    },
    {
      "quarter": "2022-06 (Q2)",
      "signal": "FCF MARGIN EXPANSION",
      "detail": "FCF margin: +52.5% -> +293.1% (+240.6%)",
      "severity": "MEDIUM"
    },
    {
      "quarter": "2022-06 (Q2)",
      "signal": "YoY REVENUE GROWTH DECELERATION",
      "detail": "YoY growth: -88.1% vs prior quarter YoY: -3.3% (decel: -84.9%)",
      "severity": "WARNING"
    },
    {
      "quarter": "2022-03 (Q1)",
      "signal": "FCF TURNED POSITIVE",
      "detail": "FCF margin: -14.5% -> +52.5%",
      "severity": "HIGH"
    },
    {
      "quarter": "2022-03 (Q1)",
      "signal": "YoY REVENUE GROWTH DECELERATION",
      "detail": "YoY growth: -3.3% vs prior quarter YoY: +58.8% (decel: -62.1%)",
      "severity": "WARNING"
    },
    {
      "quarter": "2021-09 (Q3)",
      "signal": "FCF MARGIN EXPANSION",
      "detail": "FCF margin: +16.7% -> +25.6% (+8.9%)",
      "severity": "MEDIUM"
    },
    {
      "quarter": "2021-03 (Q1)",
      "signal": "FCF MARGIN EXPANSION",
      "detail": "FCF margin: +7.4% -> +43.0% (+35.5%)",
      "severity": "MEDIUM"
    },
    {
      "quarter": "2021-03 (Q1)",
      "signal": "OPERATING LEVERAGE",
      "detail": "Rev growth +46.0% vs OpEx growth +27.3% (leverage: 1.7x)",
      "severity": "MEDIUM"
    }
  ],
  "data_quality": {
    "n_quarters": 20,
    "coverage": {
      "revenue": [
        20,
        20
      ],
      "gross_profit": [
        0,
        20
      ],
      "op_income": [
        0,
        20
      ],
      "fcf": [
        20,
        20
      ]
    },
    "gaps": [],
    "warnings": [
      "gross_profit: no data",
      "op_income: no data"
    ]
  },
  "market_cap": null,
  "source": "SEC EDGAR",
  "last_updated": "2026-02-02T19:46:12.348569",
  "sector": "Financial Services",
  "industry": "Asset Management"
}