{
  "ticker": "BXMT",
  "name": "Blackstone Mortgage Trust, Inc.",
  "sector": "Real Estate",
  "industry": "REIT - Mortgage",
  "quarters": [
    {
      "date": "2011-03-31T00:00:00",
      "quarter_label": "2011-03 (Q1)",
      "revenue": 36991000,
      "gross_profit": null,
      "operating_income": null,
      "net_income": null,
      "opex": null,
      "cogs": null,
      "rd": null,
      "sga": null,
      "fcf": null,
      "ocf": null,
      "capex": null,
      "gross_margin": null,
      "op_margin": null,
      "fcf_margin": null
    },
    {
      "date": "2011-06-30T00:00:00",
      "quarter_label": "2011-06 (Q2)",
      "revenue": 32553000,
      "gross_profit": null,
      "operating_income": null,
      "net_income": null,
      "opex": null,
      "cogs": null,
      "rd": null,
      "sga": null,
      "fcf": null,
      "ocf": null,
      "capex": null,
      "gross_margin": null,
      "op_margin": null,
      "fcf_margin": null
    },
    {
      "date": "2011-09-30T00:00:00",
      "quarter_label": "2011-09 (Q3)",
      "revenue": 25642000,
      "gross_profit": null,
      "operating_income": null,
      "net_income": null,
      "opex": null,
      "cogs": null,
      "rd": null,
      "sga": null,
      "fcf": null,
      "ocf": null,
      "capex": null,
      "gross_margin": null,
      "op_margin": null,
      "fcf_margin": null
    },
    {
      "date": "2011-12-31T00:00:00",
      "quarter_label": "2011-12 (Q4)",
      "revenue": 21975000,
      "gross_profit": null,
      "operating_income": null,
      "net_income": null,
      "opex": null,
      "cogs": null,
      "rd": null,
      "sga": null,
      "fcf": null,
      "ocf": null,
      "capex": null,
      "gross_margin": null,
      "op_margin": null,
      "fcf_margin": null
    },
    {
      "date": "2012-03-31T00:00:00",
      "quarter_label": "2012-03 (Q1)",
      "revenue": 14716000,
      "gross_profit": null,
      "operating_income": null,
      "net_income": null,
      "opex": null,
      "cogs": null,
      "rd": null,
      "sga": null,
      "fcf": null,
      "ocf": null,
      "capex": null,
      "gross_margin": null,
      "op_margin": null,
      "fcf_margin": null,
      "rev_growth_yoy": -0.6021735016625666
    },
    {
      "date": "2012-06-30T00:00:00",
      "quarter_label": "2012-06 (Q2)",
      "revenue": 6763000,
      "gross_profit": null,
      "operating_income": null,
      "net_income": null,
      "opex": null,
      "cogs": null,
      "rd": null,
      "sga": null,
      "fcf": null,
      "ocf": null,
      "capex": null,
      "gross_margin": null,
      "op_margin": null,
      "fcf_margin": null,
      "rev_growth_yoy": -0.7922464903388321,
      "rev_growth_yoy_accel": -0.19007298867626554
    },
    {
      "date": "2012-09-30T00:00:00",
      "quarter_label": "2012-09 (Q3)",
      "revenue": 6944000,
      "gross_profit": null,
      "operating_income": null,
      "net_income": null,
      "opex": null,
      "cogs": null,
      "rd": null,
      "sga": null,
      "fcf": null,
      "ocf": null,
      "capex": null,
      "gross_margin": null,
      "op_margin": null,
      "fcf_margin": null,
      "rev_growth_yoy": -0.7291942906169565,
      "rev_growth_yoy_accel": 0.06305219972187559
    },
    {
      "date": "2012-12-31T00:00:00",
      "quarter_label": "2012-12 (Q4)",
      "revenue": 6517000,
      "gross_profit": null,
      "operating_income": null,
      "net_income": null,
      "opex": null,
      "cogs": null,
      "rd": null,
      "sga": null,
      "fcf": null,
      "ocf": null,
      "capex": null,
      "gross_margin": null,
      "op_margin": null,
      "fcf_margin": null,
      "rev_growth_yoy": -0.7034357224118316,
      "rev_growth_yoy_accel": 0.0257585682051249
    },
    {
      "date": "2013-03-31T00:00:00",
      "quarter_label": "2013-03 (Q1)",
      "revenue": 1456000,
      "gross_profit": null,
      "operating_income": null,
      "net_income": null,
      "opex": null,
      "cogs": null,
      "rd": null,
      "sga": null,
      "fcf": null,
      "ocf": null,
      "capex": null,
      "gross_margin": null,
      "op_margin": null,
      "fcf_margin": null,
      "rev_growth_yoy": -0.901060070671378,
      "rev_growth_yoy_accel": -0.19762434825954645
    },
    {
      "date": "2013-06-30T00:00:00",
      "quarter_label": "2013-06 (Q2)",
      "revenue": 6017000,
      "gross_profit": null,
      "operating_income": null,
      "net_income": null,
      "opex": null,
      "cogs": null,
      "rd": null,
      "sga": null,
      "fcf": null,
      "ocf": null,
      "capex": null,
      "gross_margin": null,
      "op_margin": null,
      "fcf_margin": null,
      "rev_growth_yoy": -0.11030607718468136,
      "rev_growth_yoy_accel": 0.7907539934866967
    },
    {
      "date": "2013-09-30T00:00:00",
      "quarter_label": "2013-09 (Q3)",
      "revenue": 18853000,
      "gross_profit": null,
      "operating_income": null,
      "net_income": null,
      "opex": null,
      "cogs": null,
      "rd": null,
      "sga": null,
      "fcf": null,
      "ocf": null,
      "capex": null,
      "gross_margin": null,
      "op_margin": null,
      "fcf_margin": null,
      "rev_growth_yoy": 1.7150057603686637,
      "rev_growth_yoy_accel": 1.825311837553345
    },
    {
      "date": "2013-12-31T00:00:00",
      "quarter_label": "2013-12 (Q4)",
      "revenue": 26837000,
      "gross_profit": null,
      "operating_income": null,
      "net_income": null,
      "opex": null,
      "cogs": null,
      "rd": null,
      "sga": null,
      "fcf": null,
      "ocf": null,
      "capex": null,
      "gross_margin": null,
      "op_margin": null,
      "fcf_margin": null,
      "rev_growth_yoy": 3.1179990793309806,
      "rev_growth_yoy_accel": 1.402993318962317
    },
    {
      "date": "2014-03-31T00:00:00",
      "quarter_label": "2014-03 (Q1)",
      "revenue": 33656000,
      "gross_profit": null,
      "operating_income": null,
      "net_income": null,
      "opex": null,
      "cogs": null,
      "rd": null,
      "sga": null,
      "fcf": null,
      "ocf": null,
      "capex": null,
      "gross_margin": null,
      "op_margin": null,
      "fcf_margin": null,
      "rev_growth_yoy": 22.115384615384617,
      "rev_growth_yoy_accel": 18.997385536053635
    },
    {
      "date": "2014-06-30T00:00:00",
      "quarter_label": "2014-06 (Q2)",
      "revenue": 42466000,
      "gross_profit": null,
      "operating_income": null,
      "net_income": null,
      "opex": null,
      "cogs": null,
      "rd": null,
      "sga": null,
      "fcf": null,
      "ocf": null,
      "capex": null,
      "gross_margin": null,
      "op_margin": null,
      "fcf_margin": null,
      "rev_growth_yoy": 6.057669935183647,
      "rev_growth_yoy_accel": -16.05771468020097
    },
    {
      "date": "2014-09-30T00:00:00",
      "quarter_label": "2014-09 (Q3)",
      "revenue": 50386000,
      "gross_profit": null,
      "operating_income": null,
      "net_income": null,
      "opex": null,
      "cogs": null,
      "rd": null,
      "sga": null,
      "fcf": null,
      "ocf": null,
      "capex": null,
      "gross_margin": null,
      "op_margin": null,
      "fcf_margin": null,
      "rev_growth_yoy": 1.6725720044555243,
      "rev_growth_yoy_accel": -4.385097930728122
    },
    {
      "date": "2014-12-31T00:00:00",
      "quarter_label": "2014-12 (Q4)",
      "revenue": 58258000,
      "gross_profit": null,
      "operating_income": null,
      "net_income": null,
      "opex": null,
      "cogs": null,
      "rd": null,
      "sga": null,
      "fcf": null,
      "ocf": null,
      "capex": null,
      "gross_margin": null,
      "op_margin": null,
      "fcf_margin": null,
      "rev_growth_yoy": 1.1708089577821663,
      "rev_growth_yoy_accel": -0.501763046673358
    }
  ],
  "signals": [
    {
      "quarter": "2014-12 (Q4)",
      "signal": "YoY REVENUE GROWTH DECELERATION",
      "detail": "YoY growth: +117.1% vs prior quarter YoY: +167.3% (decel: -50.2%)",
      "severity": "WARNING"
    },
    {
      "quarter": "2014-09 (Q3)",
      "signal": "YoY REVENUE GROWTH DECELERATION",
      "detail": "YoY growth: +167.3% vs prior quarter YoY: +605.8% (decel: -438.5%)",
      "severity": "WARNING"
    },
    {
      "quarter": "2014-06 (Q2)",
      "signal": "YoY REVENUE GROWTH DECELERATION",
      "detail": "YoY growth: +605.8% vs prior quarter YoY: +2211.5% (decel: -1605.8%)",
      "severity": "WARNING"
    },
    {
      "quarter": "2014-03 (Q1)",
      "signal": "YoY REVENUE GROWTH ACCELERATION",
      "detail": "YoY growth: +2211.5% vs prior quarter YoY: +311.8% (accel: +1899.7%)",
      "severity": "HIGH"
    },
    {
      "quarter": "2013-12 (Q4)",
      "signal": "YoY REVENUE GROWTH ACCELERATION",
      "detail": "YoY growth: +311.8% vs prior quarter YoY: +171.5% (accel: +140.3%)",
      "severity": "HIGH"
    },
    {
      "quarter": "2013-09 (Q3)",
      "signal": "YoY REVENUE GROWTH ACCELERATION",
      "detail": "YoY growth: +171.5% vs prior quarter YoY: -11.0% (accel: +182.5%)",
      "severity": "HIGH"
    },
    {
      "quarter": "2013-06 (Q2)",
      "signal": "YoY REVENUE GROWTH ACCELERATION",
      "detail": "YoY growth: -11.0% vs prior quarter YoY: -90.1% (accel: +79.1%)",
      "severity": "HIGH"
    },
    {
      "quarter": "2013-03 (Q1)",
      "signal": "YoY REVENUE GROWTH DECELERATION",
      "detail": "YoY growth: -90.1% vs prior quarter YoY: -70.3% (decel: -19.8%)",
      "severity": "WARNING"
    },
    {
      "quarter": "2012-09 (Q3)",
      "signal": "YoY REVENUE GROWTH ACCELERATION",
      "detail": "YoY growth: -72.9% vs prior quarter YoY: -79.2% (accel: +6.3%)",
      "severity": "MEDIUM"
    },
    {
      "quarter": "2012-06 (Q2)",
      "signal": "YoY REVENUE GROWTH DECELERATION",
      "detail": "YoY growth: -79.2% vs prior quarter YoY: -60.2% (decel: -19.0%)",
      "severity": "WARNING"
    }
  ],
  "data_quality": {
    "n_quarters": 16,
    "coverage": {
      "revenue": [
        16,
        16
      ],
      "gross_profit": [
        0,
        16
      ],
      "op_income": [
        0,
        16
      ],
      "fcf": [
        0,
        16
      ]
    },
    "gaps": [],
    "warnings": [
      "gross_profit: no data",
      "op_income: no data",
      "fcf: no data"
    ]
  },
  "market_cap": null,
  "source": "SEC EDGAR",
  "last_updated": "2026-02-24T11:00:33.771927"
}