{
  "ticker": "BXP",
  "name": "BXP, INC.",
  "quarters": [
    {
      "date": "2020-12-31T00:00:00",
      "quarter_label": "2020-12 (Q4)",
      "revenue": 665089000,
      "gross_profit": 398352000,
      "operating_income": null,
      "net_income": 10311000,
      "opex": 459724000,
      "cogs": null,
      "rd": null,
      "sga": null,
      "fcf": 374417000,
      "ocf": 374417000,
      "capex": null,
      "gross_margin": 0.5989454042992742,
      "op_margin": null,
      "fcf_margin": 0.5629577394905043
    },
    {
      "date": "2021-03-31T00:00:00",
      "quarter_label": "2021-03 (Q1)",
      "revenue": 713695000,
      "gross_profit": 443947000,
      "operating_income": null,
      "net_income": 100596000,
      "opex": 484800000,
      "cogs": null,
      "rd": null,
      "sga": null,
      "fcf": 152063000,
      "ocf": 152063000,
      "capex": null,
      "gross_margin": 0.6220402272679506,
      "op_margin": null,
      "fcf_margin": 0.21306440426232495,
      "op_leverage_ratio": 1.3398279494526846,
      "fcf_margin_change": -0.34989333522817934
    },
    {
      "date": "2021-06-30T00:00:00",
      "quarter_label": "2021-06 (Q2)",
      "revenue": 713807000,
      "gross_profit": 453169000,
      "operating_income": null,
      "net_income": 111703000,
      "opex": 476348000,
      "cogs": null,
      "rd": null,
      "sga": null,
      "fcf": 408413000,
      "ocf": 408413000,
      "capex": null,
      "gross_margin": 0.6348620845690782,
      "op_margin": null,
      "fcf_margin": 0.5721616627463726,
      "fcf_margin_change": 0.3590972584840476
    },
    {
      "date": "2021-09-30T00:00:00",
      "quarter_label": "2021-09 (Q3)",
      "revenue": 730056000,
      "gross_profit": 458729000,
      "operating_income": null,
      "net_income": 108297000,
      "opex": 481093000,
      "cogs": null,
      "rd": null,
      "sga": null,
      "fcf": 226383000,
      "ocf": 226383000,
      "capex": null,
      "gross_margin": 0.6283476883965066,
      "op_margin": null,
      "fcf_margin": 0.31008991091094384,
      "op_leverage_ratio": 2.2852513041490146,
      "fcf_margin_change": -0.26207175183542875
    },
    {
      "date": "2021-12-31T00:00:00",
      "quarter_label": "2021-12 (Q4)",
      "revenue": 731063000,
      "gross_profit": 458443000,
      "operating_income": null,
      "net_income": 184543000,
      "opex": 478340000,
      "cogs": null,
      "rd": null,
      "sga": null,
      "fcf": 346368000,
      "ocf": 346368000,
      "capex": null,
      "gross_margin": 0.6270909620648288,
      "op_margin": null,
      "fcf_margin": 0.4737868008639474,
      "rev_growth_yoy": 0.09919574673464754,
      "fcf_margin_change": 0.16369688995300358
    },
    {
      "date": "2022-03-31T00:00:00",
      "quarter_label": "2022-03 (Q1)",
      "revenue": 754307000,
      "gross_profit": 469316000,
      "operating_income": null,
      "net_income": 143047000,
      "opex": 499978000,
      "cogs": null,
      "rd": null,
      "sga": null,
      "fcf": 219490000,
      "ocf": 219490000,
      "capex": null,
      "gross_margin": 0.6221816846456416,
      "op_margin": null,
      "fcf_margin": 0.29098231887016823,
      "rev_growth_yoy": 0.05690385949179972,
      "rev_growth_yoy_accel": -0.04229188724284782,
      "op_leverage_ratio": 0.7028710327606363,
      "fcf_margin_change": -0.1828044819937792
    },
    {
      "date": "2022-06-30T00:00:00",
      "quarter_label": "2022-06 (Q2)",
      "revenue": 773927000,
      "gross_profit": 484042000,
      "operating_income": null,
      "net_income": 222989000,
      "opex": 501838000,
      "cogs": null,
      "rd": null,
      "sga": null,
      "fcf": 397149000,
      "ocf": 397149000,
      "capex": null,
      "gross_margin": 0.6254362491552821,
      "op_margin": null,
      "fcf_margin": 0.5131608019877844,
      "rev_growth_yoy": 0.08422444722452987,
      "rev_growth_yoy_accel": 0.027320587732730155,
      "op_leverage_ratio": 6.991797085100586,
      "fcf_margin_change": 0.22217848311761612
    },
    {
      "date": "2022-09-30T00:00:00",
      "quarter_label": "2022-09 (Q3)",
      "revenue": 790523000,
      "gross_profit": 488908000,
      "operating_income": null,
      "net_income": 360977000,
      "opex": 518994000,
      "cogs": null,
      "rd": null,
      "sga": null,
      "fcf": 295764000,
      "ocf": 295764000,
      "capex": null,
      "gross_margin": 0.6184614489394995,
      "op_margin": null,
      "fcf_margin": 0.3741371218800718,
      "rev_growth_yoy": 0.08282515313893729,
      "rev_growth_yoy_accel": -0.001399294085592584,
      "op_leverage_ratio": 0.6272648246655883,
      "fcf_margin_change": -0.13902368010771254
    },
    {
      "date": "2022-12-31T00:00:00",
      "quarter_label": "2022-12 (Q4)",
      "revenue": 789824000,
      "gross_profit": 487261000,
      "operating_income": null,
      "net_income": 121803000,
      "opex": 529246000,
      "cogs": null,
      "rd": null,
      "sga": null,
      "fcf": 369996000,
      "ocf": 369996000,
      "capex": null,
      "gross_margin": 0.6169235171379953,
      "op_margin": null,
      "fcf_margin": 0.4684537314642249,
      "rev_growth_yoy": 0.0803774777276377,
      "rev_growth_yoy_accel": -0.002447675411299588,
      "fcf_margin_change": 0.09431660958415311
    },
    {
      "date": "2023-03-31T00:00:00",
      "quarter_label": "2023-03 (Q1)",
      "revenue": 803200000,
      "gross_profit": 491006000,
      "operating_income": null,
      "net_income": 77890000,
      "opex": 568661000,
      "cogs": null,
      "rd": null,
      "sga": null,
      "fcf": 234010000,
      "ocf": 234010000,
      "capex": null,
      "gross_margin": 0.6113122509960159,
      "op_margin": null,
      "fcf_margin": 0.29134711155378484,
      "rev_growth_yoy": 0.06481843599489333,
      "rev_growth_yoy_accel": -0.015559041732744375,
      "op_leverage_ratio": 0.2274007994913619,
      "fcf_margin_change": -0.17710661991044008
    },
    {
      "date": "2023-06-30T00:00:00",
      "quarter_label": "2023-06 (Q2)",
      "revenue": 817153000,
      "gross_profit": 503489000,
      "operating_income": null,
      "net_income": 104299000,
      "opex": 550866000,
      "cogs": null,
      "rd": null,
      "sga": null,
      "fcf": 379173000,
      "ocf": 379173000,
      "capex": null,
      "gross_margin": 0.6161502191144131,
      "op_margin": null,
      "fcf_margin": 0.46401714244456055,
      "rev_growth_yoy": 0.05585281299140617,
      "rev_growth_yoy_accel": -0.008965623003487161,
      "op_leverage_ratio": Infinity,
      "fcf_margin_change": 0.1726700308907757
    },
    {
      "date": "2023-09-30T00:00:00",
      "quarter_label": "2023-09 (Q3)",
      "revenue": 824283000,
      "gross_profit": 501881000,
      "operating_income": null,
      "net_income": -111826000,
      "opex": 552714000,
      "cogs": null,
      "rd": null,
      "sga": null,
      "fcf": 301189000,
      "ocf": 301189000,
      "capex": null,
      "gross_margin": 0.6088697692418744,
      "op_margin": null,
      "fcf_margin": 0.3653951373496724,
      "rev_growth_yoy": 0.04270590482503355,
      "rev_growth_yoy_accel": -0.013146908166372616,
      "fcf_margin_change": -0.09862200509488817
    },
    {
      "date": "2023-12-31T00:00:00",
      "quarter_label": "2023-12 (Q4)",
      "revenue": 828933000,
      "gross_profit": 502400000,
      "operating_income": null,
      "net_income": 119925000,
      "opex": 566986000,
      "cogs": null,
      "rd": null,
      "sga": null,
      "fcf": 387148000,
      "ocf": 387148000,
      "capex": null,
      "gross_margin": 0.6060803466625168,
      "op_margin": null,
      "fcf_margin": 0.4670437779651673,
      "rev_growth_yoy": 0.04951609472490074,
      "rev_growth_yoy_accel": 0.006810189899867189,
      "fcf_margin_change": 0.10164864061549489
    },
    {
      "date": "2024-03-31T00:00:00",
      "quarter_label": "2024-03 (Q1)",
      "revenue": 839439000,
      "gross_profit": 508820000,
      "operating_income": null,
      "net_income": 79883000,
      "opex": 593712000,
      "cogs": null,
      "rd": null,
      "sga": null,
      "fcf": 197595000,
      "ocf": 197595000,
      "capex": null,
      "gross_margin": 0.6061429121115411,
      "op_margin": null,
      "fcf_margin": 0.23538934931543568,
      "rev_growth_yoy": 0.04511827689243028,
      "rev_growth_yoy_accel": -0.004397817832470459,
      "op_leverage_ratio": 0.26887866211003547,
      "fcf_margin_change": -0.2316544286497316
    },
    {
      "date": "2024-06-30T00:00:00",
      "quarter_label": "2024-06 (Q2)",
      "revenue": 850482000,
      "gross_profit": 508717000,
      "operating_income": null,
      "net_income": 79615000,
      "opex": 599253000,
      "cogs": null,
      "rd": null,
      "sga": null,
      "fcf": 367064000,
      "ocf": 367064000,
      "capex": null,
      "gross_margin": 0.5981514012054341,
      "op_margin": null,
      "fcf_margin": 0.43159526009956706,
      "rev_growth_yoy": 0.040786731493367825,
      "rev_growth_yoy_accel": -0.004331545399062456,
      "op_leverage_ratio": 1.4095666192378604,
      "fcf_margin_change": 0.19620591078413138
    },
    {
      "date": "2024-09-30T00:00:00",
      "quarter_label": "2024-09 (Q3)",
      "revenue": 859227000,
      "gross_profit": 511078000,
      "operating_income": null,
      "net_income": 83628000,
      "opex": 597809000,
      "cogs": null,
      "rd": null,
      "sga": null,
      "fcf": 286096000,
      "ocf": 286096000,
      "capex": null,
      "gross_margin": 0.5948113827894143,
      "op_margin": null,
      "fcf_margin": 0.33296905241571784,
      "rev_growth_yoy": 0.042393207187337356,
      "rev_growth_yoy_accel": 0.0016064756939695307,
      "op_leverage_ratio": Infinity,
      "fcf_margin_change": -0.09862620768384922
    },
    {
      "date": "2024-12-31T00:00:00",
      "quarter_label": "2024-12 (Q4)",
      "revenue": 858571000,
      "gross_profit": 512430000,
      "operating_income": null,
      "net_income": -228854000,
      "opex": 596611000,
      "cogs": null,
      "rd": null,
      "sga": null,
      "fcf": 383746000,
      "ocf": 383746000,
      "capex": null,
      "gross_margin": 0.5968405641467043,
      "op_margin": null,
      "fcf_margin": 0.446958958548565,
      "rev_growth_yoy": 0.035754397520668134,
      "rev_growth_yoy_accel": -0.006638809666669222,
      "fcf_margin_change": 0.11398990613284715
    },
    {
      "date": "2025-03-31T00:00:00",
      "quarter_label": "2025-03 (Q1)",
      "revenue": 865215000,
      "gross_profit": 511798000,
      "operating_income": null,
      "net_income": 61177000,
      "opex": 616801000,
      "cogs": null,
      "rd": null,
      "sga": null,
      "fcf": 210036000,
      "ocf": 210036000,
      "capex": null,
      "gross_margin": 0.5915269615066775,
      "op_margin": null,
      "fcf_margin": 0.24275584681264195,
      "rev_growth_yoy": 0.03070622165517685,
      "rev_growth_yoy_accel": -0.005048175865491285,
      "fcf_margin_change": -0.20420311173592304
    },
    {
      "date": "2025-06-30T00:00:00",
      "quarter_label": "2025-06 (Q2)",
      "revenue": 868457000,
      "gross_profit": 514080000,
      "operating_income": null,
      "net_income": 88977000,
      "opex": 612223000,
      "cogs": null,
      "rd": null,
      "sga": null,
      "fcf": 353145000,
      "ocf": 353145000,
      "capex": null,
      "gross_margin": 0.5919464060972507,
      "op_margin": null,
      "fcf_margin": 0.40663498595785397,
      "rev_growth_yoy": 0.021135073993335543,
      "rev_growth_yoy_accel": -0.009571147661841306,
      "fcf_margin_change": 0.16387913914521202
    },
    {
      "date": "2025-09-30T00:00:00",
      "quarter_label": "2025-09 (Q3)",
      "revenue": 871510000,
      "gross_profit": 517008000,
      "operating_income": null,
      "net_income": -121712000,
      "opex": 618951000,
      "cogs": null,
      "rd": null,
      "sga": null,
      "fcf": 274224000,
      "ocf": 274224000,
      "capex": null,
      "gross_margin": 0.5932324356576517,
      "op_margin": null,
      "fcf_margin": 0.31465387660497296,
      "rev_growth_yoy": 0.014295407383613411,
      "rev_growth_yoy_accel": -0.006839666609722132,
      "fcf_margin_change": -0.09198110935288101
    }
  ],
  "signals": [
    {
      "quarter": "2025-06 (Q2)",
      "signal": "FCF MARGIN EXPANSION",
      "detail": "FCF margin: +24.3% -> +40.7% (+16.4%)",
      "severity": "MEDIUM"
    },
    {
      "quarter": "2024-12 (Q4)",
      "signal": "FCF MARGIN EXPANSION",
      "detail": "FCF margin: +33.3% -> +44.7% (+11.4%)",
      "severity": "MEDIUM"
    },
    {
      "quarter": "2024-06 (Q2)",
      "signal": "FCF MARGIN EXPANSION",
      "detail": "FCF margin: +23.5% -> +43.2% (+19.6%)",
      "severity": "MEDIUM"
    },
    {
      "quarter": "2023-12 (Q4)",
      "signal": "FCF MARGIN EXPANSION",
      "detail": "FCF margin: +36.5% -> +46.7% (+10.2%)",
      "severity": "MEDIUM"
    },
    {
      "quarter": "2023-06 (Q2)",
      "signal": "FCF MARGIN EXPANSION",
      "detail": "FCF margin: +29.1% -> +46.4% (+17.3%)",
      "severity": "MEDIUM"
    },
    {
      "quarter": "2022-12 (Q4)",
      "signal": "FCF MARGIN EXPANSION",
      "detail": "FCF margin: +37.4% -> +46.8% (+9.4%)",
      "severity": "MEDIUM"
    },
    {
      "quarter": "2022-06 (Q2)",
      "signal": "FCF MARGIN EXPANSION",
      "detail": "FCF margin: +29.1% -> +51.3% (+22.2%)",
      "severity": "MEDIUM"
    },
    {
      "quarter": "2022-06 (Q2)",
      "signal": "OPERATING LEVERAGE",
      "detail": "Rev growth +2.6% vs OpEx growth +0.4% (leverage: 7.0x)",
      "severity": "MEDIUM"
    },
    {
      "quarter": "2021-12 (Q4)",
      "signal": "FCF MARGIN EXPANSION",
      "detail": "FCF margin: +31.0% -> +47.4% (+16.4%)",
      "severity": "MEDIUM"
    },
    {
      "quarter": "2021-09 (Q3)",
      "signal": "OPERATING LEVERAGE",
      "detail": "Rev growth +2.3% vs OpEx growth +1.0% (leverage: 2.3x)",
      "severity": "MEDIUM"
    },
    {
      "quarter": "2021-06 (Q2)",
      "signal": "FCF MARGIN EXPANSION",
      "detail": "FCF margin: +21.3% -> +57.2% (+35.9%)",
      "severity": "MEDIUM"
    }
  ],
  "data_quality": {
    "n_quarters": 20,
    "coverage": {
      "revenue": [
        20,
        20
      ],
      "gross_profit": [
        20,
        20
      ],
      "op_income": [
        0,
        20
      ],
      "fcf": [
        20,
        20
      ]
    },
    "gaps": [],
    "warnings": [
      "op_income: no data"
    ]
  },
  "market_cap": null,
  "source": "SEC EDGAR",
  "last_updated": "2026-02-02T20:34:08.440880"
}