{
  "ticker": "BYD",
  "name": "BOYD GAMING CORP",
  "sector": "Consumer Cyclical",
  "industry": "Resorts & Casinos",
  "quarters": [
    {
      "date": "2021-03-31T00:00:00",
      "quarter_label": "2021-03 (Q1)",
      "revenue": 753307000,
      "gross_profit": null,
      "operating_income": 193735000,
      "net_income": 102161000,
      "opex": 559572000,
      "cogs": null,
      "rd": null,
      "sga": 90007000,
      "fcf": 181209000,
      "ocf": 216686000,
      "capex": -35477000,
      "gross_margin": null,
      "op_margin": 0.2571793438797197,
      "fcf_margin": 0.24055132900663342
    },
    {
      "date": "2021-06-30T00:00:00",
      "quarter_label": "2021-06 (Q2)",
      "revenue": 893602000,
      "gross_profit": null,
      "operating_income": 266342000,
      "net_income": 113729000,
      "opex": 627260000,
      "cogs": null,
      "rd": null,
      "sga": 90473000,
      "fcf": 221794000,
      "ocf": 282656000,
      "capex": -60862000,
      "gross_margin": null,
      "op_margin": 0.2980543911047648,
      "fcf_margin": 0.2482022197801706,
      "op_leverage_ratio": 1.5396233298427304,
      "fcf_margin_change": 0.007650890773537172
    },
    {
      "date": "2021-09-30T00:00:00",
      "quarter_label": "2021-09 (Q3)",
      "revenue": 843060000,
      "gross_profit": null,
      "operating_income": 223146000,
      "net_income": 138174000,
      "opex": 619914000,
      "cogs": null,
      "rd": null,
      "sga": 91159000,
      "fcf": 235537000,
      "ocf": 278374000,
      "capex": -42837000,
      "gross_margin": null,
      "op_margin": 0.26468578748843496,
      "fcf_margin": 0.27938343652883546,
      "fcf_margin_change": 0.031181216748664864
    },
    {
      "date": "2021-12-31T00:00:00",
      "quarter_label": "2021-12 (Q4)",
      "revenue": 879841000,
      "gross_profit": null,
      "operating_income": 216881000,
      "net_income": 109782000,
      "opex": 662960000,
      "cogs": null,
      "rd": null,
      "sga": 94517000,
      "fcf": 172419000,
      "ocf": 232695000,
      "capex": -60276000,
      "gross_margin": null,
      "op_margin": 0.24650021992610027,
      "fcf_margin": 0.19596608932750348,
      "op_leverage_ratio": 0.6282951273146836,
      "fcf_margin_change": -0.08341734720133198
    },
    {
      "date": "2022-03-31T00:00:00",
      "quarter_label": "2022-03 (Q1)",
      "revenue": 860743000,
      "gross_profit": null,
      "operating_income": 251058000,
      "net_income": 162928000,
      "opex": 609685000,
      "cogs": null,
      "rd": null,
      "sga": 92047000,
      "fcf": 187086000,
      "ocf": 233709000,
      "capex": -46623000,
      "gross_margin": null,
      "op_margin": 0.2916759125546185,
      "fcf_margin": 0.21735407665238057,
      "incr_op_margin_yoy": 0.5335548605681522,
      "rev_growth_yoy": 0.14261914465151657,
      "fcf_margin_change": 0.021387987324877095
    },
    {
      "date": "2022-06-30T00:00:00",
      "quarter_label": "2022-06 (Q2)",
      "revenue": 894450000,
      "gross_profit": null,
      "operating_income": 245070000,
      "net_income": 146763000,
      "opex": 649380000,
      "cogs": null,
      "rd": null,
      "sga": 95662000,
      "fcf": 170427000,
      "ocf": 222503000,
      "capex": -52076000,
      "gross_margin": null,
      "op_margin": 0.27398960254905247,
      "fcf_margin": 0.1905383196377662,
      "rev_growth_yoy": 0.0009489683326581633,
      "rev_growth_yoy_accel": -0.1416701763188584,
      "op_leverage_ratio": 0.6014732337957293,
      "fcf_margin_change": -0.02681575701461436
    },
    {
      "date": "2022-09-30T00:00:00",
      "quarter_label": "2022-09 (Q3)",
      "revenue": 877263000,
      "gross_profit": null,
      "operating_income": 237459000,
      "net_income": 157002000,
      "opex": 639804000,
      "cogs": null,
      "rd": null,
      "sga": 92950000,
      "fcf": 197489000,
      "ocf": 271822000,
      "capex": -74333000,
      "gross_margin": null,
      "op_margin": 0.27068165419036255,
      "fcf_margin": 0.22511949096223138,
      "incr_op_margin_yoy": 0.4184720638540479,
      "rev_growth_yoy": 0.040570066187459966,
      "rev_growth_yoy_accel": 0.0396210978548018,
      "fcf_margin_change": 0.03458117132446517
    },
    {
      "date": "2022-12-31T00:00:00",
      "quarter_label": "2022-12 (Q4)",
      "revenue": 922921000,
      "gross_profit": null,
      "operating_income": 247637000,
      "net_income": 172684000,
      "opex": 675284000,
      "cogs": null,
      "rd": null,
      "sga": 93305000,
      "fcf": 151954000,
      "ocf": 248077000,
      "capex": -96123000,
      "gross_margin": null,
      "op_margin": 0.26831874017386104,
      "fcf_margin": 0.16464464455787656,
      "incr_op_margin_yoy": 0.7139275766016713,
      "rev_growth_yoy": 0.0489633922492814,
      "rev_growth_yoy_accel": 0.008393326061821436,
      "op_leverage_ratio": 0.9385348656419511,
      "fcf_margin_change": -0.060474846404354826
    },
    {
      "date": "2023-03-31T00:00:00",
      "quarter_label": "2023-03 (Q1)",
      "revenue": 963966000,
      "gross_profit": null,
      "operating_income": 284879000,
      "net_income": 199731000,
      "opex": 679087000,
      "cogs": null,
      "rd": null,
      "sga": 100319000,
      "fcf": 186075000,
      "ocf": 282175000,
      "capex": -96100000,
      "gross_margin": null,
      "op_margin": 0.29552805804354093,
      "fcf_margin": 0.19303066705672192,
      "incr_op_margin_yoy": 0.327649845480174,
      "rev_growth_yoy": 0.11992313617421228,
      "rev_growth_yoy_accel": 0.07095974392493087,
      "op_leverage_ratio": 7.896885960968677,
      "fcf_margin_change": 0.028386022498845365
    },
    {
      "date": "2023-06-30T00:00:00",
      "quarter_label": "2023-06 (Q2)",
      "revenue": 916950000,
      "gross_profit": null,
      "operating_income": 244029000,
      "net_income": 192454000,
      "opex": 672921000,
      "cogs": null,
      "rd": null,
      "sga": 99070000,
      "fcf": 105814000,
      "ocf": 181100000,
      "capex": -75286000,
      "gross_margin": null,
      "op_margin": 0.2661311958122035,
      "fcf_margin": 0.11539778613882981,
      "incr_op_margin_yoy": -0.046266666666666664,
      "rev_growth_yoy": 0.025155123260103975,
      "rev_growth_yoy_accel": -0.0947680129141083,
      "fcf_margin_change": -0.07763288091789211
    },
    {
      "date": "2023-09-30T00:00:00",
      "quarter_label": "2023-09 (Q3)",
      "revenue": 903164000,
      "gross_profit": null,
      "operating_income": 217872000,
      "net_income": 135233000,
      "opex": 685292000,
      "cogs": null,
      "rd": null,
      "sga": 99944000,
      "fcf": 126340000,
      "ocf": 233977000,
      "capex": -107637000,
      "gross_margin": null,
      "op_margin": 0.2412319357281734,
      "fcf_margin": 0.13988600077062416,
      "incr_op_margin_yoy": -0.7562256283541176,
      "rev_growth_yoy": 0.029524783331794455,
      "rev_growth_yoy_accel": 0.004369660071690481,
      "fcf_margin_change": 0.024488214631794347
    },
    {
      "date": "2023-12-31T00:00:00",
      "quarter_label": "2023-12 (Q4)",
      "revenue": 954412000,
      "gross_profit": null,
      "operating_income": 155051000,
      "net_income": 92605000,
      "opex": 799361000,
      "cogs": null,
      "rd": null,
      "sga": 90558000,
      "fcf": 122337000,
      "ocf": 217264000,
      "capex": -94927000,
      "gross_margin": null,
      "op_margin": 0.16245709400133276,
      "fcf_margin": 0.12818049228215908,
      "incr_op_margin_yoy": -2.9400781175573973,
      "rev_growth_yoy": 0.03412101360788193,
      "rev_growth_yoy_accel": 0.0045962302760874756,
      "op_leverage_ratio": 0.34089319410008473,
      "fcf_margin_change": -0.011705508488465077
    },
    {
      "date": "2024-03-31T00:00:00",
      "quarter_label": "2024-03 (Q1)",
      "revenue": 960521000,
      "gross_profit": null,
      "operating_income": 219385000,
      "net_income": 136473000,
      "opex": 741136000,
      "cogs": null,
      "rd": null,
      "sga": 108184000,
      "fcf": 161084000,
      "ocf": 250729000,
      "capex": -89645000,
      "gross_margin": null,
      "op_margin": 0.2284020859512702,
      "fcf_margin": 0.16770481853077654,
      "incr_op_margin_yoy": 19.01132075471698,
      "rev_growth_yoy": -0.0035737774983764987,
      "rev_growth_yoy_accel": -0.03769479110625843,
      "fcf_margin_change": 0.03952432624861746
    },
    {
      "date": "2024-06-30T00:00:00",
      "quarter_label": "2024-06 (Q2)",
      "revenue": 967512000,
      "gross_profit": null,
      "operating_income": 227106000,
      "net_income": 139845000,
      "opex": 740406000,
      "cogs": null,
      "rd": null,
      "sga": 105134000,
      "fcf": 98697000,
      "ocf": 213083000,
      "capex": -114386000,
      "gross_margin": null,
      "op_margin": 0.23473197231662243,
      "fcf_margin": 0.1020111378463523,
      "incr_op_margin_yoy": -0.3346979945413552,
      "rev_growth_yoy": 0.055141501717650906,
      "rev_growth_yoy_accel": 0.058715279216027406,
      "fcf_margin_change": -0.06569368068442424
    },
    {
      "date": "2024-09-30T00:00:00",
      "quarter_label": "2024-09 (Q3)",
      "revenue": 961246000,
      "gross_profit": null,
      "operating_income": 219985000,
      "net_income": 131128000,
      "opex": 741261000,
      "cogs": null,
      "rd": null,
      "sga": 102391000,
      "fcf": 146014000,
      "ocf": 231207000,
      "capex": -85193000,
      "gross_margin": null,
      "op_margin": 0.2288540082351448,
      "fcf_margin": 0.15190076213581122,
      "incr_op_margin_yoy": 0.03637960125340037,
      "rev_growth_yoy": 0.06430947203387204,
      "rev_growth_yoy_accel": 0.00916797031622113,
      "fcf_margin_change": 0.04988962428945892
    },
    {
      "date": "2024-12-31T00:00:00",
      "quarter_label": "2024-12 (Q4)",
      "revenue": 1040915000,
      "gross_profit": null,
      "operating_income": 261301000,
      "net_income": 170506000,
      "opex": 779614000,
      "cogs": null,
      "rd": null,
      "sga": 111517000,
      "fcf": 150880000,
      "ocf": 262056000,
      "capex": -111176000,
      "gross_margin": null,
      "op_margin": 0.25103010332255754,
      "fcf_margin": 0.1449493954837811,
      "incr_op_margin_yoy": 1.228281100077454,
      "rev_growth_yoy": 0.09063486209310026,
      "rev_growth_yoy_accel": 0.026325390059228224,
      "op_leverage_ratio": 1.601867650976827,
      "fcf_margin_change": -0.006951366652030111
    },
    {
      "date": "2025-03-31T00:00:00",
      "quarter_label": "2025-03 (Q1)",
      "revenue": 991565000,
      "gross_profit": null,
      "operating_income": 199887000,
      "net_income": 111419000,
      "opex": 791678000,
      "cogs": null,
      "rd": null,
      "sga": 107846000,
      "fcf": 86500000,
      "ocf": 256393000,
      "capex": -169893000,
      "gross_margin": null,
      "op_margin": 0.20158738963154205,
      "fcf_margin": 0.08723583426199998,
      "incr_op_margin_yoy": -0.6280762788300477,
      "rev_growth_yoy": 0.03231995968854403,
      "rev_growth_yoy_accel": -0.05831490240455623,
      "fcf_margin_change": -0.05771356122178113
    },
    {
      "date": "2025-06-30T00:00:00",
      "quarter_label": "2025-06 (Q2)",
      "revenue": 1033998000,
      "gross_profit": null,
      "operating_income": 242370000,
      "net_income": 151458000,
      "opex": 791628000,
      "cogs": null,
      "rd": null,
      "sga": 110065000,
      "fcf": 80590000,
      "ocf": 205019000,
      "capex": -124429000,
      "gross_margin": null,
      "op_margin": 0.23440084023373353,
      "fcf_margin": 0.07794018943943799,
      "incr_op_margin_yoy": 0.22958216767439762,
      "rev_growth_yoy": 0.06871852752213926,
      "rev_growth_yoy_accel": 0.036398567833595234,
      "op_leverage_ratio": null,
      "fcf_margin_change": -0.009295644822561983
    },
    {
      "date": "2025-09-30T00:00:00",
      "quarter_label": "2025-09 (Q3)",
      "revenue": 1004361000,
      "gross_profit": null,
      "operating_income": 139764000,
      "net_income": 1439993000,
      "opex": 864597000,
      "cogs": null,
      "rd": null,
      "sga": 104005000,
      "fcf": 94415000,
      "ocf": 239982000,
      "capex": -145567000,
      "gross_margin": null,
      "op_margin": 0.13915713573107677,
      "fcf_margin": 0.09400504400310247,
      "incr_op_margin_yoy": -1.860628551548185,
      "rev_growth_yoy": 0.044853242562257735,
      "rev_growth_yoy_accel": -0.02386528495988153,
      "fcf_margin_change": 0.01606485456366448
    },
    {
      "date": "2025-12-31T00:00:00",
      "quarter_label": "2025-12 (Q4)",
      "revenue": 1062065000,
      "gross_profit": null,
      "operating_income": 166385000,
      "net_income": 140403000,
      "opex": 895680000,
      "cogs": null,
      "rd": null,
      "sga": 111184000,
      "fcf": 126959000,
      "ocf": 275285000,
      "capex": -148326000,
      "gross_margin": null,
      "op_margin": 0.15666178623718888,
      "fcf_margin": 0.11953976451535452,
      "incr_op_margin_yoy": -4.487754137115839,
      "rev_growth_yoy": 0.020318661946460564,
      "rev_growth_yoy_accel": -0.02453458061579717,
      "op_leverage_ratio": 1.5981107563547257,
      "fcf_margin_change": 0.025534720512252043
    }
  ],
  "signals": [
    {
      "quarter": "2025-12 (Q4)",
      "signal": "OPERATING LEVERAGE",
      "detail": "Rev growth +5.7% vs OpEx growth +3.6% (leverage: 1.6x)",
      "severity": "MEDIUM"
    },
    {
      "quarter": "2025-03 (Q1)",
      "signal": "YoY REVENUE GROWTH DECELERATION",
      "detail": "YoY growth: +3.2% vs prior quarter YoY: +9.1% (decel: -5.8%)",
      "severity": "WARNING"
    },
    {
      "quarter": "2024-12 (Q4)",
      "signal": "OPERATING LEVERAGE",
      "detail": "Rev growth +8.3% vs OpEx growth +5.2% (leverage: 1.6x)",
      "severity": "MEDIUM"
    },
    {
      "quarter": "2024-12 (Q4)",
      "signal": "INCREMENTAL MARGIN (YoY)",
      "detail": "YoY Incr OPM: +122.8% vs year-ago OPM: +16.2%",
      "severity": "HIGH"
    },
    {
      "quarter": "2024-06 (Q2)",
      "signal": "YoY REVENUE GROWTH ACCELERATION",
      "detail": "YoY growth: +5.5% vs prior quarter YoY: -0.4% (accel: +5.9%)",
      "severity": "MEDIUM"
    },
    {
      "quarter": "2024-03 (Q1)",
      "signal": "INCREMENTAL MARGIN (YoY)",
      "detail": "YoY Incr OPM: +1901.1% vs year-ago OPM: +29.6%",
      "severity": "HIGH"
    },
    {
      "quarter": "2023-06 (Q2)",
      "signal": "YoY REVENUE GROWTH DECELERATION",
      "detail": "YoY growth: +2.5% vs prior quarter YoY: +12.0% (decel: -9.5%)",
      "severity": "WARNING"
    },
    {
      "quarter": "2023-03 (Q1)",
      "signal": "OPERATING LEVERAGE",
      "detail": "Rev growth +4.4% vs OpEx growth +0.6% (leverage: 7.9x)",
      "severity": "MEDIUM"
    },
    {
      "quarter": "2023-03 (Q1)",
      "signal": "YoY REVENUE GROWTH ACCELERATION",
      "detail": "YoY growth: +12.0% vs prior quarter YoY: +4.9% (accel: +7.1%)",
      "severity": "MEDIUM"
    },
    {
      "quarter": "2022-12 (Q4)",
      "signal": "INCREMENTAL MARGIN (YoY)",
      "detail": "YoY Incr OPM: +71.4% vs year-ago OPM: +24.7%",
      "severity": "HIGH"
    },
    {
      "quarter": "2022-09 (Q3)",
      "signal": "INCREMENTAL MARGIN (YoY)",
      "detail": "YoY Incr OPM: +41.8% vs year-ago OPM: +26.5%",
      "severity": "MEDIUM"
    },
    {
      "quarter": "2022-06 (Q2)",
      "signal": "YoY REVENUE GROWTH DECELERATION",
      "detail": "YoY growth: +0.1% vs prior quarter YoY: +14.3% (decel: -14.2%)",
      "severity": "WARNING"
    },
    {
      "quarter": "2022-03 (Q1)",
      "signal": "INCREMENTAL MARGIN (YoY)",
      "detail": "YoY Incr OPM: +53.4% vs year-ago OPM: +25.7%",
      "severity": "HIGH"
    },
    {
      "quarter": "2021-06 (Q2)",
      "signal": "OPERATING LEVERAGE",
      "detail": "Rev growth +18.6% vs OpEx growth +12.1% (leverage: 1.5x)",
      "severity": "MEDIUM"
    }
  ],
  "data_quality": {
    "n_quarters": 20,
    "coverage": {
      "revenue": [
        20,
        20
      ],
      "gross_profit": [
        0,
        20
      ],
      "op_income": [
        20,
        20
      ],
      "fcf": [
        20,
        20
      ]
    },
    "gaps": [],
    "warnings": [
      "gross_profit: no data"
    ]
  },
  "market_cap": null,
  "source": "SEC EDGAR",
  "last_updated": "2026-02-24T10:15:53.279294"
}