{
  "ticker": "C",
  "name": "Citigroup\u00a0Inc.",
  "quarters": [
    {
      "date": "2020-12-31T00:00:00",
      "quarter_label": "2020-12 (Q4)",
      "revenue": 16499000000,
      "gross_profit": 16545000000,
      "operating_income": null,
      "net_income": 4309000000,
      "opex": null,
      "cogs": -46000000,
      "rd": null,
      "sga": null,
      "fcf": -2380000000,
      "ocf": -1234000000,
      "capex": -1146000000,
      "gross_margin": 1.0027880477604703,
      "op_margin": null,
      "fcf_margin": -0.14425116673737803
    },
    {
      "date": "2021-03-31T00:00:00",
      "quarter_label": "2021-03 (Q1)",
      "revenue": 19327000000,
      "gross_profit": null,
      "operating_income": null,
      "net_income": 7942000000,
      "opex": null,
      "cogs": null,
      "rd": null,
      "sga": null,
      "fcf": 22368000000,
      "ocf": 23198000000,
      "capex": -830000000,
      "gross_margin": null,
      "op_margin": null,
      "fcf_margin": 1.157344647384488,
      "fcf_margin_change": 1.301595814121866
    },
    {
      "date": "2021-06-30T00:00:00",
      "quarter_label": "2021-06 (Q2)",
      "revenue": 17474000000,
      "gross_profit": null,
      "operating_income": null,
      "net_income": 6193000000,
      "opex": null,
      "cogs": null,
      "rd": null,
      "sga": null,
      "fcf": -576000000,
      "ocf": 365000000,
      "capex": -941000000,
      "gross_margin": null,
      "op_margin": null,
      "fcf_margin": -0.0329632597001259,
      "fcf_margin_change": -1.1903079070846139
    },
    {
      "date": "2021-09-30T00:00:00",
      "quarter_label": "2021-09 (Q3)",
      "revenue": 17154000000,
      "gross_profit": null,
      "operating_income": null,
      "net_income": 4644000000,
      "opex": null,
      "cogs": null,
      "rd": null,
      "sga": null,
      "fcf": 34582000000,
      "ocf": 35622000000,
      "capex": -1040000000,
      "gross_margin": null,
      "op_margin": null,
      "fcf_margin": 2.0159729509152386,
      "fcf_margin_change": 2.0489362106153646
    },
    {
      "date": "2021-12-31T00:00:00",
      "quarter_label": "2021-12 (Q4)",
      "revenue": 17017000000,
      "gross_profit": null,
      "operating_income": null,
      "net_income": 3173000000,
      "opex": null,
      "cogs": null,
      "rd": null,
      "sga": null,
      "fcf": -13403000000,
      "ocf": -12095000000,
      "capex": -1308000000,
      "gross_margin": null,
      "op_margin": null,
      "fcf_margin": -0.787624140565317,
      "rev_growth_yoy": 0.031395842172252865,
      "fcf_margin_change": -2.8035970914805555
    },
    {
      "date": "2022-03-31T00:00:00",
      "quarter_label": "2022-03 (Q1)",
      "revenue": 19186000000,
      "gross_profit": null,
      "operating_income": null,
      "net_income": 4306000000,
      "opex": null,
      "cogs": null,
      "rd": null,
      "sga": null,
      "fcf": -10476000000,
      "ocf": -9247000000,
      "capex": -1229000000,
      "gross_margin": null,
      "op_margin": null,
      "fcf_margin": -0.5460231418742834,
      "rev_growth_yoy": -0.007295493351270244,
      "rev_growth_yoy_accel": -0.03869133552352311,
      "fcf_margin_change": 0.24160099869103369
    },
    {
      "date": "2022-06-30T00:00:00",
      "quarter_label": "2022-06 (Q2)",
      "revenue": 19638000000,
      "gross_profit": null,
      "operating_income": null,
      "net_income": 4547000000,
      "opex": null,
      "cogs": null,
      "rd": null,
      "sga": null,
      "fcf": 22255000000,
      "ocf": 23491000000,
      "capex": -1236000000,
      "gross_margin": null,
      "op_margin": null,
      "fcf_margin": 1.1332620429779,
      "rev_growth_yoy": 0.12384113540116745,
      "rev_growth_yoy_accel": 0.1311366287524377,
      "fcf_margin_change": 1.6792851848521833
    },
    {
      "date": "2022-09-30T00:00:00",
      "quarter_label": "2022-09 (Q3)",
      "revenue": 18508000000,
      "gross_profit": null,
      "operating_income": null,
      "net_income": 3479000000,
      "opex": null,
      "cogs": null,
      "rd": null,
      "sga": null,
      "fcf": -3190000000,
      "ocf": -1988000000,
      "capex": -1202000000,
      "gross_margin": null,
      "op_margin": null,
      "fcf_margin": -0.1723578992867949,
      "rev_growth_yoy": 0.0789320275154483,
      "rev_growth_yoy_accel": -0.044909107885719154,
      "fcf_margin_change": -1.3056199422646948
    },
    {
      "date": "2022-12-31T00:00:00",
      "quarter_label": "2022-12 (Q4)",
      "revenue": 18006000000,
      "gross_profit": null,
      "operating_income": null,
      "net_income": 2513000000,
      "opex": null,
      "cogs": null,
      "rd": null,
      "sga": null,
      "fcf": 10848000000,
      "ocf": 12813000000,
      "capex": -1965000000,
      "gross_margin": null,
      "op_margin": null,
      "fcf_margin": 0.6024658447184272,
      "rev_growth_yoy": 0.058118352235999295,
      "rev_growth_yoy_accel": -0.020813675279449002,
      "fcf_margin_change": 0.7748237440052221
    },
    {
      "date": "2023-03-31T00:00:00",
      "quarter_label": "2023-03 (Q1)",
      "revenue": 21447000000,
      "gross_profit": null,
      "operating_income": null,
      "net_income": 4606000000,
      "opex": null,
      "cogs": null,
      "rd": null,
      "sga": null,
      "fcf": -32119000000,
      "ocf": -30485000000,
      "capex": -1634000000,
      "gross_margin": null,
      "op_margin": null,
      "fcf_margin": -1.4975987317573554,
      "rev_growth_yoy": 0.11784634629417283,
      "rev_growth_yoy_accel": 0.059727994058173535,
      "fcf_margin_change": -2.1000645764757824
    },
    {
      "date": "2023-06-30T00:00:00",
      "quarter_label": "2023-06 (Q2)",
      "revenue": 19436000000,
      "gross_profit": null,
      "operating_income": null,
      "net_income": 2915000000,
      "opex": null,
      "cogs": null,
      "rd": null,
      "sga": null,
      "fcf": -55550000000,
      "ocf": -54059000000,
      "capex": -1491000000,
      "gross_margin": null,
      "op_margin": null,
      "fcf_margin": -2.85809837415106,
      "rev_growth_yoy": -0.010286179855382422,
      "rev_growth_yoy_accel": -0.12813252614955525,
      "fcf_margin_change": -1.3604996423937046
    },
    {
      "date": "2023-09-30T00:00:00",
      "quarter_label": "2023-09 (Q3)",
      "revenue": 20139000000,
      "gross_profit": null,
      "operating_income": null,
      "net_income": 3546000000,
      "opex": null,
      "cogs": null,
      "rd": null,
      "sga": null,
      "fcf": 14101000000,
      "ocf": 15794000000,
      "capex": -1693000000,
      "gross_margin": null,
      "op_margin": null,
      "fcf_margin": 0.7001837231242862,
      "rev_growth_yoy": 0.08812405446293495,
      "rev_growth_yoy_accel": 0.09841023431831737,
      "fcf_margin_change": 3.558282097275346
    },
    {
      "date": "2023-12-31T00:00:00",
      "quarter_label": "2023-12 (Q4)",
      "revenue": 17440000000,
      "gross_profit": null,
      "operating_income": null,
      "net_income": -1839000000,
      "opex": null,
      "cogs": null,
      "rd": null,
      "sga": null,
      "fcf": -6431000000,
      "ocf": -4666000000,
      "capex": -1765000000,
      "gross_margin": null,
      "op_margin": null,
      "fcf_margin": -0.36875,
      "rev_growth_yoy": -0.031433966455625906,
      "rev_growth_yoy_accel": -0.11955802091856085,
      "fcf_margin_change": -1.0689337231242861
    },
    {
      "date": "2024-03-31T00:00:00",
      "quarter_label": "2024-03 (Q1)",
      "revenue": 21104000000,
      "gross_profit": null,
      "operating_income": null,
      "net_income": 3371000000,
      "opex": null,
      "cogs": null,
      "rd": null,
      "sga": null,
      "fcf": -12438000000,
      "ocf": -10831000000,
      "capex": -1607000000,
      "gross_margin": null,
      "op_margin": null,
      "fcf_margin": -0.5893669446550417,
      "rev_growth_yoy": -0.01599291276169161,
      "rev_growth_yoy_accel": 0.015441053693934295,
      "fcf_margin_change": -0.22061694465504167
    },
    {
      "date": "2024-06-30T00:00:00",
      "quarter_label": "2024-06 (Q2)",
      "revenue": 20139000000,
      "gross_profit": null,
      "operating_income": null,
      "net_income": 3217000000,
      "opex": null,
      "cogs": null,
      "rd": null,
      "sga": null,
      "fcf": -18604000000,
      "ocf": -16960000000,
      "capex": -1644000000,
      "gross_margin": null,
      "op_margin": null,
      "fcf_margin": -0.9237797308704504,
      "rev_growth_yoy": 0.036169993825890104,
      "rev_growth_yoy_accel": 0.052162906587581714,
      "fcf_margin_change": -0.3344127862154087
    },
    {
      "date": "2024-09-30T00:00:00",
      "quarter_label": "2024-09 (Q3)",
      "revenue": 20315000000,
      "gross_profit": null,
      "operating_income": null,
      "net_income": 3238000000,
      "opex": null,
      "cogs": null,
      "rd": null,
      "sga": null,
      "fcf": -18235000000,
      "ocf": -16674000000,
      "capex": -1561000000,
      "gross_margin": null,
      "op_margin": null,
      "fcf_margin": -0.897612601525966,
      "rev_growth_yoy": 0.008739262128208948,
      "rev_growth_yoy_accel": -0.027430731697681156,
      "fcf_margin_change": 0.026167129344484397
    },
    {
      "date": "2024-12-31T00:00:00",
      "quarter_label": "2024-12 (Q4)",
      "revenue": 19581000000,
      "gross_profit": null,
      "operating_income": null,
      "net_income": 2856000000,
      "opex": null,
      "cogs": null,
      "rd": null,
      "sga": null,
      "fcf": 23108000000,
      "ocf": 24796000000,
      "capex": -1688000000,
      "gross_margin": null,
      "op_margin": null,
      "fcf_margin": 1.180123589193606,
      "rev_growth_yoy": 0.1227637614678899,
      "rev_growth_yoy_accel": 0.11402449933968095,
      "fcf_margin_change": 2.077736190719572
    },
    {
      "date": "2025-03-31T00:00:00",
      "quarter_label": "2025-03 (Q1)",
      "revenue": 21596000000,
      "gross_profit": null,
      "operating_income": null,
      "net_income": 4064000000,
      "opex": null,
      "cogs": null,
      "rd": null,
      "sga": null,
      "fcf": -60225000000,
      "ocf": -58708000000,
      "capex": -1517000000,
      "gross_margin": null,
      "op_margin": null,
      "fcf_margin": -2.7887108723837746,
      "rev_growth_yoy": 0.0233131159969674,
      "rev_growth_yoy_accel": -0.0994506454709225,
      "fcf_margin_change": -3.9688344615773805
    },
    {
      "date": "2025-06-30T00:00:00",
      "quarter_label": "2025-06 (Q2)",
      "revenue": 21668000000,
      "gross_profit": null,
      "operating_income": null,
      "net_income": 4019000000,
      "opex": null,
      "cogs": null,
      "rd": null,
      "sga": null,
      "fcf": -38334000000,
      "ocf": -36579000000,
      "capex": -1755000000,
      "gross_margin": null,
      "op_margin": null,
      "fcf_margin": -1.7691526675281521,
      "rev_growth_yoy": 0.07592233973881524,
      "rev_growth_yoy_accel": 0.05260922374184784,
      "fcf_margin_change": 1.0195582048556224
    },
    {
      "date": "2025-09-30T00:00:00",
      "quarter_label": "2025-09 (Q3)",
      "revenue": 22090000000,
      "gross_profit": null,
      "operating_income": null,
      "net_income": 3752000000,
      "opex": null,
      "cogs": null,
      "rd": null,
      "sga": null,
      "fcf": -517000000,
      "ocf": 1100000000,
      "capex": -1617000000,
      "gross_margin": null,
      "op_margin": null,
      "fcf_margin": -0.023404255319148935,
      "rev_growth_yoy": 0.08737386167856263,
      "rev_growth_yoy_accel": 0.011451521939747397,
      "fcf_margin_change": 1.7457484122090032
    }
  ],
  "signals": [
    {
      "quarter": "2025-09 (Q3)",
      "signal": "FCF MARGIN EXPANSION",
      "detail": "FCF margin: -176.9% -> -2.3% (+174.6%)",
      "severity": "MEDIUM"
    },
    {
      "quarter": "2025-06 (Q2)",
      "signal": "FCF MARGIN EXPANSION",
      "detail": "FCF margin: -278.9% -> -176.9% (+102.0%)",
      "severity": "MEDIUM"
    },
    {
      "quarter": "2025-06 (Q2)",
      "signal": "YoY REVENUE GROWTH ACCELERATION",
      "detail": "YoY growth: +7.6% vs prior quarter YoY: +2.3% (accel: +5.3%)",
      "severity": "MEDIUM"
    },
    {
      "quarter": "2025-03 (Q1)",
      "signal": "YoY REVENUE GROWTH DECELERATION",
      "detail": "YoY growth: +2.3% vs prior quarter YoY: +12.3% (decel: -9.9%)",
      "severity": "WARNING"
    },
    {
      "quarter": "2024-12 (Q4)",
      "signal": "FCF TURNED POSITIVE",
      "detail": "FCF margin: -89.8% -> +118.0%",
      "severity": "HIGH"
    },
    {
      "quarter": "2024-12 (Q4)",
      "signal": "YoY REVENUE GROWTH ACCELERATION",
      "detail": "YoY growth: +12.3% vs prior quarter YoY: +0.9% (accel: +11.4%)",
      "severity": "MEDIUM"
    },
    {
      "quarter": "2024-06 (Q2)",
      "signal": "YoY REVENUE GROWTH ACCELERATION",
      "detail": "YoY growth: +3.6% vs prior quarter YoY: -1.6% (accel: +5.2%)",
      "severity": "MEDIUM"
    },
    {
      "quarter": "2023-12 (Q4)",
      "signal": "YoY REVENUE GROWTH DECELERATION",
      "detail": "YoY growth: -3.1% vs prior quarter YoY: +8.8% (decel: -12.0%)",
      "severity": "WARNING"
    },
    {
      "quarter": "2023-09 (Q3)",
      "signal": "FCF TURNED POSITIVE",
      "detail": "FCF margin: -285.8% -> +70.0%",
      "severity": "HIGH"
    },
    {
      "quarter": "2023-09 (Q3)",
      "signal": "YoY REVENUE GROWTH ACCELERATION",
      "detail": "YoY growth: +8.8% vs prior quarter YoY: -1.0% (accel: +9.8%)",
      "severity": "MEDIUM"
    },
    {
      "quarter": "2023-06 (Q2)",
      "signal": "YoY REVENUE GROWTH DECELERATION",
      "detail": "YoY growth: -1.0% vs prior quarter YoY: +11.8% (decel: -12.8%)",
      "severity": "WARNING"
    },
    {
      "quarter": "2023-03 (Q1)",
      "signal": "YoY REVENUE GROWTH ACCELERATION",
      "detail": "YoY growth: +11.8% vs prior quarter YoY: +5.8% (accel: +6.0%)",
      "severity": "MEDIUM"
    },
    {
      "quarter": "2022-12 (Q4)",
      "signal": "FCF TURNED POSITIVE",
      "detail": "FCF margin: -17.2% -> +60.2%",
      "severity": "HIGH"
    },
    {
      "quarter": "2022-06 (Q2)",
      "signal": "FCF TURNED POSITIVE",
      "detail": "FCF margin: -54.6% -> +113.3%",
      "severity": "HIGH"
    },
    {
      "quarter": "2022-06 (Q2)",
      "signal": "YoY REVENUE GROWTH ACCELERATION",
      "detail": "YoY growth: +12.4% vs prior quarter YoY: -0.7% (accel: +13.1%)",
      "severity": "MEDIUM"
    },
    {
      "quarter": "2022-03 (Q1)",
      "signal": "FCF MARGIN EXPANSION",
      "detail": "FCF margin: -78.8% -> -54.6% (+24.2%)",
      "severity": "MEDIUM"
    },
    {
      "quarter": "2021-09 (Q3)",
      "signal": "FCF TURNED POSITIVE",
      "detail": "FCF margin: -3.3% -> +201.6%",
      "severity": "HIGH"
    },
    {
      "quarter": "2021-03 (Q1)",
      "signal": "FCF TURNED POSITIVE",
      "detail": "FCF margin: -14.4% -> +115.7%",
      "severity": "HIGH"
    }
  ],
  "data_quality": {
    "n_quarters": 20,
    "coverage": {
      "revenue": [
        20,
        20
      ],
      "gross_profit": [
        1,
        20
      ],
      "op_income": [
        0,
        20
      ],
      "fcf": [
        20,
        20
      ]
    },
    "gaps": [],
    "warnings": [
      "gross_profit: 1/20Q",
      "op_income: no data"
    ]
  },
  "market_cap": null,
  "source": "SEC EDGAR",
  "last_updated": "2026-02-02T19:46:11.187581"
}