{
  "ticker": "CABO",
  "name": "Cable One, Inc.",
  "quarters": [
    {
      "date": "2020-12-31T00:00:00",
      "quarter_label": "2020-12 (Q4)",
      "revenue": 336768000,
      "gross_profit": null,
      "operating_income": 189784000,
      "net_income": 106238000,
      "opex": 146984000,
      "cogs": null,
      "rd": null,
      "sga": 64689000,
      "fcf": 100156000,
      "ocf": 175391000,
      "capex": -75235000,
      "gross_margin": null,
      "op_margin": 0.5635452299505891,
      "fcf_margin": 0.29740355378183203
    },
    {
      "date": "2021-03-31T00:00:00",
      "quarter_label": "2021-03 (Q1)",
      "revenue": 341262000,
      "gross_profit": null,
      "operating_income": 102346000,
      "net_income": 68582000,
      "opex": 238916000,
      "cogs": null,
      "rd": null,
      "sga": 69042000,
      "fcf": 92140000,
      "ocf": 163993000,
      "capex": -71853000,
      "gross_margin": null,
      "op_margin": 0.2999044722236874,
      "fcf_margin": 0.2699978315780837,
      "op_leverage_ratio": 0.02133563652049398,
      "fcf_margin_change": -0.027405722203748317
    },
    {
      "date": "2021-06-30T00:00:00",
      "quarter_label": "2021-06 (Q2)",
      "revenue": 401749000,
      "gross_profit": null,
      "operating_income": 115409000,
      "net_income": 106153000,
      "opex": 286340000,
      "cogs": null,
      "rd": null,
      "sga": 88017000,
      "fcf": 94320000,
      "ocf": 183632000,
      "capex": -89312000,
      "gross_margin": null,
      "op_margin": 0.28726642754555703,
      "fcf_margin": 0.23477345307642333,
      "op_leverage_ratio": 0.8929377148407097,
      "fcf_margin_change": -0.03522437850166038
    },
    {
      "date": "2021-09-30T00:00:00",
      "quarter_label": "2021-09 (Q3)",
      "revenue": 430237000,
      "gross_profit": null,
      "operating_income": 117501000,
      "net_income": 52255000,
      "opex": 312736000,
      "cogs": null,
      "rd": null,
      "sga": 95103000,
      "fcf": 61802000,
      "ocf": 182661000,
      "capex": -120859000,
      "gross_margin": null,
      "op_margin": 0.27310761278086265,
      "fcf_margin": 0.143646408839779,
      "op_leverage_ratio": 0.769220867255727,
      "fcf_margin_change": -0.09112704423664433
    },
    {
      "date": "2021-12-31T00:00:00",
      "quarter_label": "2021-12 (Q4)",
      "revenue": 432588000,
      "gross_profit": null,
      "operating_income": 121316000,
      "net_income": 64835000,
      "opex": 311272000,
      "cogs": null,
      "rd": null,
      "sga": 94898000,
      "fcf": 64145000,
      "ocf": 174055000,
      "capex": -109910000,
      "gross_margin": null,
      "op_margin": 0.28044236086068036,
      "fcf_margin": 0.1482819680619897,
      "incr_op_margin_yoy": -0.7145481110415363,
      "rev_growth_yoy": 0.2845282212086659,
      "fcf_margin_change": 0.004635559222210706
    },
    {
      "date": "2022-03-31T00:00:00",
      "quarter_label": "2022-03 (Q1)",
      "revenue": 426726000,
      "gross_profit": null,
      "operating_income": 151217000,
      "net_income": 171476000,
      "opex": 275509000,
      "cogs": null,
      "rd": null,
      "sga": 87766000,
      "fcf": 89271000,
      "ocf": 188719000,
      "capex": -99448000,
      "gross_margin": null,
      "op_margin": 0.35436556478864656,
      "fcf_margin": 0.2091998144008099,
      "incr_op_margin_yoy": 0.571831414396705,
      "rev_growth_yoy": 0.2504351495332032,
      "rev_growth_yoy_accel": -0.03409307167546266,
      "fcf_margin_change": 0.06091784633882019
    },
    {
      "date": "2022-06-30T00:00:00",
      "quarter_label": "2022-06 (Q2)",
      "revenue": 429085000,
      "gross_profit": null,
      "operating_income": 121056000,
      "net_income": 69245000,
      "opex": 308029000,
      "cogs": null,
      "rd": null,
      "sga": 90787000,
      "fcf": 57078000,
      "ocf": 164367000,
      "capex": -107289000,
      "gross_margin": null,
      "op_margin": 0.28212591910693685,
      "fcf_margin": 0.13302259459081534,
      "incr_op_margin_yoy": 0.20657740708223588,
      "rev_growth_yoy": 0.06804248423767079,
      "rev_growth_yoy_accel": -0.18239266529553244,
      "fcf_margin_change": -0.07617721980999456
    },
    {
      "date": "2022-09-30T00:00:00",
      "quarter_label": "2022-09 (Q3)",
      "revenue": 424718000,
      "gross_profit": null,
      "operating_income": 128039000,
      "net_income": 70607000,
      "opex": 296679000,
      "cogs": null,
      "rd": null,
      "sga": 86018000,
      "fcf": 116192000,
      "ocf": 216707000,
      "capex": -100515000,
      "gross_margin": null,
      "op_margin": 0.3014682683568862,
      "fcf_margin": 0.2735744658808904,
      "incr_op_margin_yoy": -1.9094038775140425,
      "rev_growth_yoy": -0.012827813507438923,
      "rev_growth_yoy_accel": -0.0808702977451097,
      "fcf_margin_change": 0.14055187129007507
    },
    {
      "date": "2022-12-31T00:00:00",
      "quarter_label": "2022-12 (Q4)",
      "revenue": 425515000,
      "gross_profit": null,
      "operating_income": 138677000,
      "net_income": -79785000,
      "opex": 286838000,
      "cogs": null,
      "rd": null,
      "sga": 85739000,
      "fcf": 61404000,
      "ocf": 168247000,
      "capex": -106843000,
      "gross_margin": null,
      "op_margin": 0.325903904680211,
      "fcf_margin": 0.14430513612916113,
      "incr_op_margin_yoy": -2.4545454545454546,
      "rev_growth_yoy": -0.016350430432651854,
      "rev_growth_yoy_accel": -0.0035226169252129316,
      "fcf_margin_change": -0.12926932975172928
    },
    {
      "date": "2023-03-31T00:00:00",
      "quarter_label": "2023-03 (Q1)",
      "revenue": 421894000,
      "gross_profit": null,
      "operating_income": 132104000,
      "net_income": 57426000,
      "opex": 289790000,
      "cogs": null,
      "rd": null,
      "sga": 86745000,
      "fcf": 65681000,
      "ocf": 161787000,
      "capex": -96106000,
      "gross_margin": null,
      "op_margin": 0.3131213053515812,
      "fcf_margin": 0.15568128487250352,
      "incr_op_margin_yoy": 3.955504966887417,
      "rev_growth_yoy": -0.01132342533616419,
      "rev_growth_yoy_accel": 0.005027005096487664,
      "fcf_margin_change": 0.01137614874334239
    },
    {
      "date": "2023-06-30T00:00:00",
      "quarter_label": "2023-06 (Q2)",
      "revenue": 424024000,
      "gross_profit": null,
      "operating_income": 135040000,
      "net_income": 55246000,
      "opex": 288984000,
      "cogs": null,
      "rd": null,
      "sga": 86173000,
      "fcf": 88057000,
      "ocf": 169564000,
      "capex": -81507000,
      "gross_margin": null,
      "op_margin": 0.31847253929022884,
      "fcf_margin": 0.20766984887647869,
      "incr_op_margin_yoy": -2.763090298360008,
      "rev_growth_yoy": -0.011794865819126747,
      "rev_growth_yoy_accel": -0.00047144048296255715,
      "fcf_margin_change": 0.05198856400397517
    },
    {
      "date": "2023-09-30T00:00:00",
      "quarter_label": "2023-09 (Q3)",
      "revenue": 420348000,
      "gross_profit": null,
      "operating_income": 132530000,
      "net_income": 39472000,
      "opex": 287818000,
      "cogs": null,
      "rd": null,
      "sga": 92726000,
      "fcf": 102335000,
      "ocf": 180150000,
      "capex": -77815000,
      "gross_margin": null,
      "op_margin": 0.31528638175987517,
      "fcf_margin": 0.24345304366857937,
      "incr_op_margin_yoy": -1.0276887871853546,
      "rev_growth_yoy": -0.010289180114805589,
      "rev_growth_yoy_accel": 0.0015056857043211583,
      "fcf_margin_change": 0.03578319479210068
    },
    {
      "date": "2023-12-31T00:00:00",
      "quarter_label": "2023-12 (Q4)",
      "revenue": 411815000,
      "gross_profit": null,
      "operating_income": 127229000,
      "net_income": 103496000,
      "opex": 284586000,
      "cogs": null,
      "rd": null,
      "sga": 89022000,
      "fcf": 36069000,
      "ocf": 151669000,
      "capex": -115600000,
      "gross_margin": null,
      "op_margin": 0.3089469786190401,
      "fcf_margin": 0.08758544492065612,
      "incr_op_margin_yoy": 0.8356204379562043,
      "rev_growth_yoy": -0.032196279802122134,
      "rev_growth_yoy_accel": -0.021907099687316543,
      "fcf_margin_change": -0.15586759874792325
    },
    {
      "date": "2024-03-31T00:00:00",
      "quarter_label": "2024-03 (Q1)",
      "revenue": 404312000,
      "gross_profit": null,
      "operating_income": 119862000,
      "net_income": 47342000,
      "opex": 284450000,
      "cogs": null,
      "rd": null,
      "sga": 90390000,
      "fcf": 98863000,
      "ocf": 164750000,
      "capex": -65887000,
      "gross_margin": null,
      "op_margin": 0.29645917014582795,
      "fcf_margin": 0.24452155760897526,
      "incr_op_margin_yoy": 0.6962802866568081,
      "rev_growth_yoy": -0.04167397497949722,
      "rev_growth_yoy_accel": -0.009477695177375088,
      "fcf_margin_change": 0.15693611268831914
    },
    {
      "date": "2024-06-30T00:00:00",
      "quarter_label": "2024-06 (Q2)",
      "revenue": 394461000,
      "gross_profit": null,
      "operating_income": 110137000,
      "net_income": 47649000,
      "opex": 284324000,
      "cogs": null,
      "rd": null,
      "sga": 90770000,
      "fcf": 83956000,
      "ocf": 155548000,
      "capex": -71592000,
      "gross_margin": null,
      "op_margin": 0.27920884447385164,
      "fcf_margin": 0.21283726401342593,
      "incr_op_margin_yoy": 0.8423705307309813,
      "rev_growth_yoy": -0.06972011018244251,
      "rev_growth_yoy_accel": -0.028046135202945285,
      "fcf_margin_change": -0.031684293595549334
    },
    {
      "date": "2024-09-30T00:00:00",
      "quarter_label": "2024-09 (Q3)",
      "revenue": 393555000,
      "gross_profit": null,
      "operating_income": 110299000,
      "net_income": 44215000,
      "opex": 283256000,
      "cogs": null,
      "rd": null,
      "sga": 88443000,
      "fcf": 99239000,
      "ocf": 176209000,
      "capex": -76970000,
      "gross_margin": null,
      "op_margin": 0.28026324147831944,
      "fcf_margin": 0.25216043500908386,
      "incr_op_margin_yoy": 0.8297316463255328,
      "rev_growth_yoy": -0.06374004396357304,
      "rev_growth_yoy_accel": 0.00598006621886947,
      "fcf_margin_change": 0.039323170995657936
    },
    {
      "date": "2024-12-31T00:00:00",
      "quarter_label": "2024-12 (Q4)",
      "revenue": 387213000,
      "gross_profit": null,
      "operating_income": 101581000,
      "net_income": -105238000,
      "opex": 285632000,
      "cogs": null,
      "rd": null,
      "sga": 96353000,
      "fcf": 95716000,
      "ocf": 167621000,
      "capex": -71905000,
      "gross_margin": null,
      "op_margin": 0.26233881610379817,
      "fcf_margin": 0.24719211390113452,
      "incr_op_margin_yoy": 1.0425168685472725,
      "rev_growth_yoy": -0.05974041742044365,
      "rev_growth_yoy_accel": 0.003999626543129388,
      "fcf_margin_change": -0.004968321107949342
    },
    {
      "date": "2025-03-31T00:00:00",
      "quarter_label": "2025-03 (Q1)",
      "revenue": 380601000,
      "gross_profit": null,
      "operating_income": 95675000,
      "net_income": 2607000,
      "opex": 284926000,
      "cogs": null,
      "rd": null,
      "sga": 95414000,
      "fcf": 45202000,
      "ocf": 116332000,
      "capex": -71130000,
      "gross_margin": null,
      "op_margin": 0.2513787404657371,
      "fcf_margin": 0.11876479567841387,
      "incr_op_margin_yoy": 1.0200750706423178,
      "rev_growth_yoy": -0.058645303626902,
      "rev_growth_yoy_accel": 0.0010951137935416508,
      "fcf_margin_change": -0.12842731822272063
    },
    {
      "date": "2025-06-30T00:00:00",
      "quarter_label": "2025-06 (Q2)",
      "revenue": 381072000,
      "gross_profit": null,
      "operating_income": -489323000,
      "net_income": -437976000,
      "opex": 870395000,
      "cogs": null,
      "rd": null,
      "sga": 91996000,
      "fcf": 76568000,
      "ocf": 144942000,
      "capex": -68374000,
      "gross_margin": null,
      "op_margin": -1.284069677121384,
      "fcf_margin": 0.20092790863668808,
      "incr_op_margin_yoy": 44.77257450145642,
      "rev_growth_yoy": -0.03394251903229977,
      "rev_growth_yoy_accel": 0.024702784594602227,
      "fcf_margin_change": 0.0821631129582742
    },
    {
      "date": "2025-09-30T00:00:00",
      "quarter_label": "2025-09 (Q3)",
      "revenue": 376012000,
      "gross_profit": null,
      "operating_income": 94726000,
      "net_income": 86532000,
      "opex": 281286000,
      "cogs": null,
      "rd": null,
      "sga": 100835000,
      "fcf": 84754000,
      "ocf": 156519000,
      "capex": -71765000,
      "gross_margin": null,
      "op_margin": 0.25192281097411784,
      "fcf_margin": 0.22540238077508165,
      "incr_op_margin_yoy": 0.8877044975203785,
      "rev_growth_yoy": -0.044575726391482766,
      "rev_growth_yoy_accel": -0.010633207359182995,
      "fcf_margin_change": 0.02447447213839357
    }
  ],
  "signals": [
    {
      "quarter": "2025-09 (Q3)",
      "signal": "INCREMENTAL MARGIN (YoY)",
      "detail": "YoY Incr OPM: +88.8% vs year-ago OPM: +28.0%",
      "severity": "HIGH"
    },
    {
      "quarter": "2025-09 (Q3)",
      "signal": "OP MARGIN TURNED POSITIVE (QoQ)",
      "detail": "Op margin: -128.4% -> +25.2%",
      "severity": "HIGH"
    },
    {
      "quarter": "2025-06 (Q2)",
      "signal": "FCF MARGIN EXPANSION",
      "detail": "FCF margin: +11.9% -> +20.1% (+8.2%)",
      "severity": "MEDIUM"
    },
    {
      "quarter": "2025-03 (Q1)",
      "signal": "INCREMENTAL MARGIN (YoY)",
      "detail": "YoY Incr OPM: +102.0% vs year-ago OPM: +29.6%",
      "severity": "HIGH"
    },
    {
      "quarter": "2024-12 (Q4)",
      "signal": "INCREMENTAL MARGIN (YoY)",
      "detail": "YoY Incr OPM: +104.3% vs year-ago OPM: +30.9%",
      "severity": "HIGH"
    },
    {
      "quarter": "2024-09 (Q3)",
      "signal": "INCREMENTAL MARGIN (YoY)",
      "detail": "YoY Incr OPM: +83.0% vs year-ago OPM: +31.5%",
      "severity": "HIGH"
    },
    {
      "quarter": "2024-06 (Q2)",
      "signal": "INCREMENTAL MARGIN (YoY)",
      "detail": "YoY Incr OPM: +84.2% vs year-ago OPM: +31.8%",
      "severity": "HIGH"
    },
    {
      "quarter": "2024-03 (Q1)",
      "signal": "FCF MARGIN EXPANSION",
      "detail": "FCF margin: +8.8% -> +24.5% (+15.7%)",
      "severity": "MEDIUM"
    },
    {
      "quarter": "2024-03 (Q1)",
      "signal": "INCREMENTAL MARGIN (YoY)",
      "detail": "YoY Incr OPM: +69.6% vs year-ago OPM: +31.3%",
      "severity": "HIGH"
    },
    {
      "quarter": "2023-12 (Q4)",
      "signal": "INCREMENTAL MARGIN (YoY)",
      "detail": "YoY Incr OPM: +83.6% vs year-ago OPM: +32.6%",
      "severity": "HIGH"
    },
    {
      "quarter": "2023-06 (Q2)",
      "signal": "FCF MARGIN EXPANSION",
      "detail": "FCF margin: +15.6% -> +20.8% (+5.2%)",
      "severity": "MEDIUM"
    },
    {
      "quarter": "2023-03 (Q1)",
      "signal": "INCREMENTAL MARGIN (YoY)",
      "detail": "YoY Incr OPM: +395.6% vs year-ago OPM: +35.4%",
      "severity": "HIGH"
    },
    {
      "quarter": "2022-09 (Q3)",
      "signal": "FCF MARGIN EXPANSION",
      "detail": "FCF margin: +13.3% -> +27.4% (+14.1%)",
      "severity": "MEDIUM"
    },
    {
      "quarter": "2022-09 (Q3)",
      "signal": "YoY REVENUE GROWTH DECELERATION",
      "detail": "YoY growth: -1.3% vs prior quarter YoY: +6.8% (decel: -8.1%)",
      "severity": "WARNING"
    },
    {
      "quarter": "2022-06 (Q2)",
      "signal": "YoY REVENUE GROWTH DECELERATION",
      "detail": "YoY growth: +6.8% vs prior quarter YoY: +25.0% (decel: -18.2%)",
      "severity": "WARNING"
    },
    {
      "quarter": "2022-03 (Q1)",
      "signal": "FCF MARGIN EXPANSION",
      "detail": "FCF margin: +14.8% -> +20.9% (+6.1%)",
      "severity": "MEDIUM"
    },
    {
      "quarter": "2022-03 (Q1)",
      "signal": "INCREMENTAL MARGIN (YoY)",
      "detail": "YoY Incr OPM: +57.2% vs year-ago OPM: +30.0%",
      "severity": "HIGH"
    }
  ],
  "data_quality": {
    "n_quarters": 20,
    "coverage": {
      "revenue": [
        20,
        20
      ],
      "gross_profit": [
        0,
        20
      ],
      "op_income": [
        20,
        20
      ],
      "fcf": [
        20,
        20
      ]
    },
    "gaps": [],
    "warnings": [
      "gross_profit: no data"
    ]
  },
  "market_cap": null,
  "source": "SEC EDGAR",
  "last_updated": "2026-02-02T22:32:10.693004"
}