{
  "ticker": "CAC",
  "name": "Camden National Corp",
  "quarters": [
    {
      "date": "2020-12-31T00:00:00",
      "quarter_label": "2020-12 (Q4)",
      "revenue": 7704000,
      "gross_profit": null,
      "operating_income": null,
      "net_income": 18278000,
      "opex": null,
      "cogs": null,
      "rd": null,
      "sga": null,
      "fcf": 23827000,
      "ocf": 24162000,
      "capex": -335000,
      "gross_margin": null,
      "op_margin": null,
      "fcf_margin": 3.0928089304257527
    },
    {
      "date": "2021-03-31T00:00:00",
      "quarter_label": "2021-03 (Q1)",
      "revenue": 7154000,
      "gross_profit": null,
      "operating_income": null,
      "net_income": 19740000,
      "opex": null,
      "cogs": null,
      "rd": null,
      "sga": null,
      "fcf": 61738000,
      "ocf": 62058000,
      "capex": -320000,
      "gross_margin": null,
      "op_margin": null,
      "fcf_margin": 8.629857422421024,
      "fcf_margin_change": 5.537048491995272
    },
    {
      "date": "2021-06-30T00:00:00",
      "quarter_label": "2021-06 (Q2)",
      "revenue": 7722000,
      "gross_profit": null,
      "operating_income": null,
      "net_income": 18143000,
      "opex": null,
      "cogs": null,
      "rd": null,
      "sga": null,
      "fcf": 21591000,
      "ocf": 22447000,
      "capex": -856000,
      "gross_margin": null,
      "op_margin": null,
      "fcf_margin": 2.796037296037296,
      "fcf_margin_change": -5.833820126383728
    },
    {
      "date": "2021-09-30T00:00:00",
      "quarter_label": "2021-09 (Q3)",
      "revenue": 8163000,
      "gross_profit": null,
      "operating_income": null,
      "net_income": 14640000,
      "opex": null,
      "cogs": null,
      "rd": null,
      "sga": null,
      "fcf": 26784000,
      "ocf": 27157000,
      "capex": -373000,
      "gross_margin": null,
      "op_margin": null,
      "fcf_margin": 3.281146637265711,
      "fcf_margin_change": 0.48510934122841487
    },
    {
      "date": "2021-12-31T00:00:00",
      "quarter_label": "2021-12 (Q4)",
      "revenue": 8915000,
      "gross_profit": null,
      "operating_income": null,
      "net_income": 16491000,
      "opex": null,
      "cogs": null,
      "rd": null,
      "sga": null,
      "fcf": 30751000,
      "ocf": 31054000,
      "capex": -303000,
      "gross_margin": null,
      "op_margin": null,
      "fcf_margin": 3.4493550196298375,
      "rev_growth_yoy": 0.15719106957424714,
      "fcf_margin_change": 0.1682083823641265
    },
    {
      "date": "2022-03-31T00:00:00",
      "quarter_label": "2022-03 (Q1)",
      "revenue": 7782000,
      "gross_profit": null,
      "operating_income": null,
      "net_income": 16795000,
      "opex": null,
      "cogs": null,
      "rd": null,
      "sga": null,
      "fcf": 42357000,
      "ocf": 42750000,
      "capex": -393000,
      "gross_margin": null,
      "op_margin": null,
      "fcf_margin": 5.442945258288358,
      "rev_growth_yoy": 0.087783058428851,
      "rev_growth_yoy_accel": -0.06940801114539615,
      "fcf_margin_change": 1.9935902386585203
    },
    {
      "date": "2022-06-30T00:00:00",
      "quarter_label": "2022-06 (Q2)",
      "revenue": 8547000,
      "gross_profit": null,
      "operating_income": null,
      "net_income": 15026000,
      "opex": null,
      "cogs": null,
      "rd": null,
      "sga": null,
      "fcf": 26206000,
      "ocf": 26765000,
      "capex": -559000,
      "gross_margin": null,
      "op_margin": null,
      "fcf_margin": 3.066105066105066,
      "rev_growth_yoy": 0.10683760683760683,
      "rev_growth_yoy_accel": 0.01905454840875584,
      "fcf_margin_change": -2.3768401921832916
    },
    {
      "date": "2022-09-30T00:00:00",
      "quarter_label": "2022-09 (Q3)",
      "revenue": 8222000,
      "gross_profit": null,
      "operating_income": null,
      "net_income": 14267000,
      "opex": null,
      "cogs": null,
      "rd": null,
      "sga": null,
      "fcf": 14804000,
      "ocf": 15200000,
      "capex": -396000,
      "gross_margin": null,
      "op_margin": null,
      "fcf_margin": 1.8005351495986377,
      "rev_growth_yoy": 0.007227734901384295,
      "rev_growth_yoy_accel": -0.09960987193622253,
      "fcf_margin_change": -1.2655699165064285
    },
    {
      "date": "2022-12-31T00:00:00",
      "quarter_label": "2022-12 (Q4)",
      "revenue": 8722000,
      "gross_profit": null,
      "operating_income": null,
      "net_income": 15351000,
      "opex": null,
      "cogs": null,
      "rd": null,
      "sga": null,
      "fcf": 19633000,
      "ocf": 20468000,
      "capex": -835000,
      "gross_margin": null,
      "op_margin": null,
      "fcf_margin": 2.25097454712222,
      "rev_growth_yoy": -0.0216489063376332,
      "rev_growth_yoy_accel": -0.028876641239017495,
      "fcf_margin_change": 0.4504393975235821
    },
    {
      "date": "2023-03-31T00:00:00",
      "quarter_label": "2023-03 (Q1)",
      "revenue": 7815000,
      "gross_profit": null,
      "operating_income": null,
      "net_income": 12727000,
      "opex": null,
      "cogs": null,
      "rd": null,
      "sga": null,
      "fcf": 14021000,
      "ocf": 14516000,
      "capex": -495000,
      "gross_margin": null,
      "op_margin": null,
      "fcf_margin": 1.7941138835572616,
      "rev_growth_yoy": 0.004240555127216654,
      "rev_growth_yoy_accel": 0.025889461464849856,
      "fcf_margin_change": -0.45686066356495814
    },
    {
      "date": "2023-06-30T00:00:00",
      "quarter_label": "2023-06 (Q2)",
      "revenue": 8406000,
      "gross_profit": null,
      "operating_income": null,
      "net_income": 12389000,
      "opex": null,
      "cogs": null,
      "rd": null,
      "sga": null,
      "fcf": 16595000,
      "ocf": 17134000,
      "capex": -539000,
      "gross_margin": null,
      "op_margin": null,
      "fcf_margin": 1.9741851058767548,
      "rev_growth_yoy": -0.016497016497016497,
      "rev_growth_yoy_accel": -0.02073757162423315,
      "fcf_margin_change": 0.18007122231949313
    },
    {
      "date": "2023-09-30T00:00:00",
      "quarter_label": "2023-09 (Q3)",
      "revenue": 8533000,
      "gross_profit": null,
      "operating_income": null,
      "net_income": 9787000,
      "opex": null,
      "cogs": null,
      "rd": null,
      "sga": null,
      "fcf": 46459000,
      "ocf": 47155000,
      "capex": -696000,
      "gross_margin": null,
      "op_margin": null,
      "fcf_margin": 5.444626743232157,
      "rev_growth_yoy": 0.03782534663099003,
      "rev_growth_yoy_accel": 0.05432236312800652,
      "fcf_margin_change": 3.4704416373554023
    },
    {
      "date": "2023-12-31T00:00:00",
      "quarter_label": "2023-12 (Q4)",
      "revenue": 8813000,
      "gross_profit": null,
      "operating_income": null,
      "net_income": 8480000,
      "opex": null,
      "cogs": null,
      "rd": null,
      "sga": null,
      "fcf": -12189000,
      "ocf": -11297000,
      "capex": -892000,
      "gross_margin": null,
      "op_margin": null,
      "fcf_margin": -1.383070464087144,
      "rev_growth_yoy": 0.01043338683788122,
      "rev_growth_yoy_accel": -0.027391959793108808,
      "fcf_margin_change": -6.827697207319301
    },
    {
      "date": "2024-03-31T00:00:00",
      "quarter_label": "2024-03 (Q1)",
      "revenue": 8309000,
      "gross_profit": null,
      "operating_income": null,
      "net_income": 13272000,
      "opex": null,
      "cogs": null,
      "rd": null,
      "sga": null,
      "fcf": 17214000,
      "ocf": 17759000,
      "capex": -545000,
      "gross_margin": null,
      "op_margin": null,
      "fcf_margin": 2.0717294499939825,
      "rev_growth_yoy": 0.06321177223288547,
      "rev_growth_yoy_accel": 0.052778385395004256,
      "fcf_margin_change": 3.4547999140811267
    },
    {
      "date": "2024-06-30T00:00:00",
      "quarter_label": "2024-06 (Q2)",
      "revenue": 8928000,
      "gross_profit": null,
      "operating_income": null,
      "net_income": 11993000,
      "opex": null,
      "cogs": null,
      "rd": null,
      "sga": null,
      "fcf": 13201000,
      "ocf": 14489000,
      "capex": -1288000,
      "gross_margin": null,
      "op_margin": null,
      "fcf_margin": 1.4786066308243728,
      "rev_growth_yoy": 0.06209850107066381,
      "rev_growth_yoy_accel": -0.0011132711622216657,
      "fcf_margin_change": -0.5931228191696096
    },
    {
      "date": "2024-09-30T00:00:00",
      "quarter_label": "2024-09 (Q3)",
      "revenue": 9076000,
      "gross_profit": null,
      "operating_income": null,
      "net_income": 13073000,
      "opex": null,
      "cogs": null,
      "rd": null,
      "sga": null,
      "fcf": -16214000,
      "ocf": -14503000,
      "capex": -1711000,
      "gross_margin": null,
      "op_margin": null,
      "fcf_margin": -1.7864698104892023,
      "rev_growth_yoy": 0.06363529825383804,
      "rev_growth_yoy_accel": 0.0015367971831742322,
      "fcf_margin_change": -3.265076441313575
    },
    {
      "date": "2024-12-31T00:00:00",
      "quarter_label": "2024-12 (Q4)",
      "revenue": 9375000,
      "gross_profit": null,
      "operating_income": null,
      "net_income": 14666000,
      "opex": null,
      "cogs": null,
      "rd": null,
      "sga": null,
      "fcf": 41156000,
      "ocf": 43188000,
      "capex": -2032000,
      "gross_margin": null,
      "op_margin": null,
      "fcf_margin": 4.389973333333334,
      "rev_growth_yoy": 0.0637694315216158,
      "rev_growth_yoy_accel": 0.00013413326777775292,
      "fcf_margin_change": 6.176443143822536
    },
    {
      "date": "2025-03-31T00:00:00",
      "quarter_label": "2025-03 (Q1)",
      "revenue": 9519000,
      "gross_profit": null,
      "operating_income": null,
      "net_income": 7326000,
      "opex": null,
      "cogs": null,
      "rd": null,
      "sga": null,
      "fcf": -727000,
      "ocf": 1034000,
      "capex": -1761000,
      "gross_margin": null,
      "op_margin": null,
      "fcf_margin": -0.07637356865216935,
      "rev_growth_yoy": 0.14562522565892405,
      "rev_growth_yoy_accel": 0.08185579413730826,
      "fcf_margin_change": -4.466346901985503
    },
    {
      "date": "2025-06-30T00:00:00",
      "quarter_label": "2025-06 (Q2)",
      "revenue": 10358000,
      "gross_profit": null,
      "operating_income": null,
      "net_income": 14081000,
      "opex": null,
      "cogs": null,
      "rd": null,
      "sga": null,
      "fcf": 4546000,
      "ocf": 6032000,
      "capex": -1486000,
      "gross_margin": null,
      "op_margin": null,
      "fcf_margin": 0.43888781618072986,
      "rev_growth_yoy": 0.16017025089605735,
      "rev_growth_yoy_accel": 0.014545025237133302,
      "fcf_margin_change": 0.5152613848328992
    },
    {
      "date": "2025-09-30T00:00:00",
      "quarter_label": "2025-09 (Q3)",
      "revenue": 10554000,
      "gross_profit": null,
      "operating_income": null,
      "net_income": 21194000,
      "opex": null,
      "cogs": null,
      "rd": null,
      "sga": null,
      "fcf": 35407000,
      "ocf": 36096000,
      "capex": -689000,
      "gross_margin": null,
      "op_margin": null,
      "fcf_margin": 3.3548417661550123,
      "rev_growth_yoy": 0.1628470691934773,
      "rev_growth_yoy_accel": 0.0026768182974199473,
      "fcf_margin_change": 2.9159539499742824
    }
  ],
  "signals": [
    {
      "quarter": "2025-09 (Q3)",
      "signal": "FCF MARGIN EXPANSION",
      "detail": "FCF margin: +43.9% -> +335.5% (+291.6%)",
      "severity": "MEDIUM"
    },
    {
      "quarter": "2025-06 (Q2)",
      "signal": "FCF TURNED POSITIVE",
      "detail": "FCF margin: -7.6% -> +43.9%",
      "severity": "HIGH"
    },
    {
      "quarter": "2025-03 (Q1)",
      "signal": "YoY REVENUE GROWTH ACCELERATION",
      "detail": "YoY growth: +14.6% vs prior quarter YoY: +6.4% (accel: +8.2%)",
      "severity": "MEDIUM"
    },
    {
      "quarter": "2024-12 (Q4)",
      "signal": "FCF TURNED POSITIVE",
      "detail": "FCF margin: -178.6% -> +439.0%",
      "severity": "HIGH"
    },
    {
      "quarter": "2024-03 (Q1)",
      "signal": "FCF TURNED POSITIVE",
      "detail": "FCF margin: -138.3% -> +207.2%",
      "severity": "HIGH"
    },
    {
      "quarter": "2024-03 (Q1)",
      "signal": "YoY REVENUE GROWTH ACCELERATION",
      "detail": "YoY growth: +6.3% vs prior quarter YoY: +1.0% (accel: +5.3%)",
      "severity": "MEDIUM"
    },
    {
      "quarter": "2023-09 (Q3)",
      "signal": "FCF MARGIN EXPANSION",
      "detail": "FCF margin: +197.4% -> +544.5% (+347.0%)",
      "severity": "MEDIUM"
    },
    {
      "quarter": "2023-09 (Q3)",
      "signal": "YoY REVENUE GROWTH ACCELERATION",
      "detail": "YoY growth: +3.8% vs prior quarter YoY: -1.6% (accel: +5.4%)",
      "severity": "MEDIUM"
    },
    {
      "quarter": "2023-06 (Q2)",
      "signal": "FCF MARGIN EXPANSION",
      "detail": "FCF margin: +179.4% -> +197.4% (+18.0%)",
      "severity": "MEDIUM"
    },
    {
      "quarter": "2022-12 (Q4)",
      "signal": "FCF MARGIN EXPANSION",
      "detail": "FCF margin: +180.1% -> +225.1% (+45.0%)",
      "severity": "MEDIUM"
    },
    {
      "quarter": "2022-09 (Q3)",
      "signal": "YoY REVENUE GROWTH DECELERATION",
      "detail": "YoY growth: +0.7% vs prior quarter YoY: +10.7% (decel: -10.0%)",
      "severity": "WARNING"
    },
    {
      "quarter": "2022-03 (Q1)",
      "signal": "FCF MARGIN EXPANSION",
      "detail": "FCF margin: +344.9% -> +544.3% (+199.4%)",
      "severity": "MEDIUM"
    },
    {
      "quarter": "2022-03 (Q1)",
      "signal": "YoY REVENUE GROWTH DECELERATION",
      "detail": "YoY growth: +8.8% vs prior quarter YoY: +15.7% (decel: -6.9%)",
      "severity": "WARNING"
    },
    {
      "quarter": "2021-12 (Q4)",
      "signal": "FCF MARGIN EXPANSION",
      "detail": "FCF margin: +328.1% -> +344.9% (+16.8%)",
      "severity": "MEDIUM"
    },
    {
      "quarter": "2021-09 (Q3)",
      "signal": "FCF MARGIN EXPANSION",
      "detail": "FCF margin: +279.6% -> +328.1% (+48.5%)",
      "severity": "MEDIUM"
    },
    {
      "quarter": "2021-03 (Q1)",
      "signal": "FCF MARGIN EXPANSION",
      "detail": "FCF margin: +309.3% -> +863.0% (+553.7%)",
      "severity": "MEDIUM"
    }
  ],
  "data_quality": {
    "n_quarters": 20,
    "coverage": {
      "revenue": [
        20,
        20
      ],
      "gross_profit": [
        0,
        20
      ],
      "op_income": [
        0,
        20
      ],
      "fcf": [
        20,
        20
      ]
    },
    "gaps": [],
    "warnings": [
      "gross_profit: no data",
      "op_income: no data"
    ]
  },
  "market_cap": null,
  "source": "SEC EDGAR",
  "last_updated": "2026-02-02T22:08:45.086156",
  "sector": "Financial Services",
  "industry": "Banks - Regional"
}