{
  "ticker": "CACC",
  "name": "CREDIT ACCEPTANCE CORP",
  "quarters": [
    {
      "date": "2020-12-31T00:00:00",
      "quarter_label": "2020-12 (Q4)",
      "revenue": 447400000,
      "gross_profit": null,
      "operating_income": null,
      "net_income": 166300000,
      "opex": 231300000,
      "cogs": null,
      "rd": null,
      "sga": null,
      "fcf": 201400000,
      "ocf": 202200000,
      "capex": -800000,
      "gross_margin": null,
      "op_margin": null,
      "fcf_margin": 0.45015645954403216
    },
    {
      "date": "2021-03-31T00:00:00",
      "quarter_label": "2021-03 (Q1)",
      "revenue": 451000000,
      "gross_profit": null,
      "operating_income": null,
      "net_income": 202100000,
      "opex": 186700000,
      "cogs": null,
      "rd": null,
      "sga": null,
      "fcf": 324400000,
      "ocf": 325200000,
      "capex": -800000,
      "gross_margin": null,
      "op_margin": null,
      "fcf_margin": 0.719290465631929,
      "fcf_margin_change": 0.26913400608789684
    },
    {
      "date": "2021-06-30T00:00:00",
      "quarter_label": "2021-06 (Q2)",
      "revenue": 471700000,
      "gross_profit": null,
      "operating_income": null,
      "net_income": 288600000,
      "opex": 92000000,
      "cogs": null,
      "rd": null,
      "sga": null,
      "fcf": 341000000,
      "ocf": 343300000,
      "capex": -2300000,
      "gross_margin": null,
      "op_margin": null,
      "fcf_margin": 0.7229171083315666,
      "op_leverage_ratio": Infinity,
      "fcf_margin_change": 0.003626642699637639
    },
    {
      "date": "2021-09-30T00:00:00",
      "quarter_label": "2021-09 (Q3)",
      "revenue": 470100000,
      "gross_profit": null,
      "operating_income": null,
      "net_income": 250000000,
      "opex": 137900000,
      "cogs": null,
      "rd": null,
      "sga": null,
      "fcf": 266800000,
      "ocf": 269800000,
      "capex": -3000000,
      "gross_margin": null,
      "op_margin": null,
      "fcf_margin": 0.5675388215273346,
      "fcf_margin_change": -0.15537828680423205
    },
    {
      "date": "2021-12-31T00:00:00",
      "quarter_label": "2021-12 (Q4)",
      "revenue": 463200000,
      "gross_profit": null,
      "operating_income": null,
      "net_income": 217600000,
      "opex": -32900000,
      "cogs": null,
      "rd": null,
      "sga": null,
      "fcf": 129600000,
      "ocf": 131100000,
      "capex": -1500000,
      "gross_margin": null,
      "op_margin": null,
      "fcf_margin": 0.27979274611398963,
      "rev_growth_yoy": 0.03531515422440769,
      "fcf_margin_change": -0.28774607541334496
    },
    {
      "date": "2022-03-31T00:00:00",
      "quarter_label": "2022-03 (Q1)",
      "revenue": 455700000,
      "gross_profit": null,
      "operating_income": null,
      "net_income": 214300000,
      "opex": 102500000,
      "cogs": null,
      "rd": null,
      "sga": null,
      "fcf": 374400000,
      "ocf": 376100000,
      "capex": -1700000,
      "gross_margin": null,
      "op_margin": null,
      "fcf_margin": 0.8215931533903884,
      "rev_growth_yoy": 0.010421286031042129,
      "rev_growth_yoy_accel": -0.02489386819336556,
      "fcf_margin_change": 0.5418004072763988
    },
    {
      "date": "2022-06-30T00:00:00",
      "quarter_label": "2022-06 (Q2)",
      "revenue": 457400000,
      "gross_profit": null,
      "operating_income": null,
      "net_income": 107400000,
      "opex": 116700000,
      "cogs": null,
      "rd": null,
      "sga": null,
      "fcf": 250200000,
      "ocf": 249500000,
      "capex": 700000,
      "gross_margin": null,
      "op_margin": null,
      "fcf_margin": 0.5470048097944906,
      "rev_growth_yoy": -0.030315878736485054,
      "rev_growth_yoy_accel": -0.04073716476752719,
      "fcf_margin_change": -0.2745883435958978
    },
    {
      "date": "2022-09-30T00:00:00",
      "quarter_label": "2022-09 (Q3)",
      "revenue": 460300000,
      "gross_profit": null,
      "operating_income": null,
      "net_income": 86800000,
      "opex": 103200000,
      "cogs": null,
      "rd": null,
      "sga": null,
      "fcf": 325400000,
      "ocf": 326300000,
      "capex": -900000,
      "gross_margin": null,
      "op_margin": null,
      "fcf_margin": 0.70693026287204,
      "rev_growth_yoy": -0.020846628376941078,
      "rev_growth_yoy_accel": 0.009469250359543976,
      "fcf_margin_change": 0.15992545307754935
    },
    {
      "date": "2022-12-31T00:00:00",
      "quarter_label": "2022-12 (Q4)",
      "revenue": 459000000,
      "gross_profit": null,
      "operating_income": null,
      "net_income": 127300000,
      "opex": 103900000,
      "cogs": null,
      "rd": null,
      "sga": null,
      "fcf": 285600000,
      "ocf": 286800000,
      "capex": -1200000,
      "gross_margin": null,
      "op_margin": null,
      "fcf_margin": 0.6222222222222222,
      "rev_growth_yoy": -0.009067357512953367,
      "rev_growth_yoy_accel": 0.011779270863987711,
      "fcf_margin_change": -0.08470804064981774
    },
    {
      "date": "2023-03-31T00:00:00",
      "quarter_label": "2023-03 (Q1)",
      "revenue": 453800000,
      "gross_profit": null,
      "operating_income": null,
      "net_income": 99500000,
      "opex": 117300000,
      "cogs": null,
      "rd": null,
      "sga": null,
      "fcf": 295600000,
      "ocf": 296500000,
      "capex": -900000,
      "gross_margin": null,
      "op_margin": null,
      "fcf_margin": 0.6513882767739092,
      "rev_growth_yoy": -0.004169409699363616,
      "rev_growth_yoy_accel": 0.004897947813589751,
      "fcf_margin_change": 0.02916605455168697
    },
    {
      "date": "2023-06-30T00:00:00",
      "quarter_label": "2023-06 (Q2)",
      "revenue": 477900000,
      "gross_profit": null,
      "operating_income": null,
      "net_income": 22200000,
      "opex": 117000000,
      "cogs": null,
      "rd": null,
      "sga": null,
      "fcf": 281200000,
      "ocf": 282700000,
      "capex": -1500000,
      "gross_margin": null,
      "op_margin": null,
      "fcf_margin": 0.5884076166562042,
      "rev_growth_yoy": 0.04481853957149104,
      "rev_growth_yoy_accel": 0.048987949270854654,
      "op_leverage_ratio": Infinity,
      "fcf_margin_change": -0.06298066011770498
    },
    {
      "date": "2023-09-30T00:00:00",
      "quarter_label": "2023-09 (Q3)",
      "revenue": 478600000,
      "gross_profit": null,
      "operating_income": null,
      "net_income": 70800000,
      "opex": 110500000,
      "cogs": null,
      "rd": null,
      "sga": null,
      "fcf": 313500000,
      "ocf": 313400000,
      "capex": 100000,
      "gross_margin": null,
      "op_margin": null,
      "fcf_margin": 0.6550355202674467,
      "rev_growth_yoy": 0.03975668042580925,
      "rev_growth_yoy_accel": -0.005061859145681788,
      "fcf_margin_change": 0.06662790361124249
    },
    {
      "date": "2023-12-31T00:00:00",
      "quarter_label": "2023-12 (Q4)",
      "revenue": 491600000,
      "gross_profit": null,
      "operating_income": null,
      "net_income": 93600000,
      "opex": 114300000,
      "cogs": null,
      "rd": null,
      "sga": null,
      "fcf": 309500000,
      "ocf": 311200000,
      "capex": -1700000,
      "gross_margin": null,
      "op_margin": null,
      "fcf_margin": 0.6295768917819365,
      "rev_growth_yoy": 0.0710239651416122,
      "rev_growth_yoy_accel": 0.03126728471580295,
      "op_leverage_ratio": 0.7898585787494227,
      "fcf_margin_change": -0.02545862848551017
    },
    {
      "date": "2024-03-31T00:00:00",
      "quarter_label": "2024-03 (Q1)",
      "revenue": 508000000,
      "gross_profit": null,
      "operating_income": null,
      "net_income": 64300000,
      "opex": 126100000,
      "cogs": null,
      "rd": null,
      "sga": null,
      "fcf": 309700000,
      "ocf": 310000000,
      "capex": -300000,
      "gross_margin": null,
      "op_margin": null,
      "fcf_margin": 0.6096456692913386,
      "rev_growth_yoy": 0.11943587483472895,
      "rev_growth_yoy_accel": 0.04841190969311675,
      "op_leverage_ratio": 0.3231440746921157,
      "fcf_margin_change": -0.019931222490597977
    },
    {
      "date": "2024-06-30T00:00:00",
      "quarter_label": "2024-06 (Q2)",
      "revenue": 538200000,
      "gross_profit": null,
      "operating_income": null,
      "net_income": -47100000,
      "opex": 124400000,
      "cogs": null,
      "rd": null,
      "sga": null,
      "fcf": 203600000,
      "ocf": 204000000,
      "capex": -400000,
      "gross_margin": null,
      "op_margin": null,
      "fcf_margin": 0.3782980304719435,
      "rev_growth_yoy": 0.12617702448210924,
      "rev_growth_yoy_accel": 0.00674114964738029,
      "op_leverage_ratio": Infinity,
      "fcf_margin_change": -0.23134763881939507
    },
    {
      "date": "2024-09-30T00:00:00",
      "quarter_label": "2024-09 (Q3)",
      "revenue": 550300000,
      "gross_profit": null,
      "operating_income": null,
      "net_income": 78800000,
      "opex": 129400000,
      "cogs": null,
      "rd": null,
      "sga": null,
      "fcf": 317300000,
      "ocf": 317700000,
      "capex": -400000,
      "gross_margin": null,
      "op_margin": null,
      "fcf_margin": 0.5765945847719426,
      "rev_growth_yoy": 0.14981195152528207,
      "rev_growth_yoy_accel": 0.023634927043172826,
      "op_leverage_ratio": 0.5593608324043107,
      "fcf_margin_change": 0.1982965542999991
    },
    {
      "date": "2024-12-31T00:00:00",
      "quarter_label": "2024-12 (Q4)",
      "revenue": 565900000,
      "gross_profit": null,
      "operating_income": null,
      "net_income": 151900000,
      "opex": 121600000,
      "cogs": null,
      "rd": null,
      "sga": null,
      "fcf": 305500000,
      "ocf": 306200000,
      "capex": -700000,
      "gross_margin": null,
      "op_margin": null,
      "fcf_margin": 0.5398480296872239,
      "rev_growth_yoy": 0.15113913751017088,
      "rev_growth_yoy_accel": 0.001327185984888818,
      "op_leverage_ratio": Infinity,
      "fcf_margin_change": -0.03674655508471869
    },
    {
      "date": "2025-03-31T00:00:00",
      "quarter_label": "2025-03 (Q1)",
      "revenue": 571100000,
      "gross_profit": null,
      "operating_income": null,
      "net_income": 106300000,
      "opex": 135500000,
      "cogs": null,
      "rd": null,
      "sga": null,
      "fcf": 345900000,
      "ocf": 346200000,
      "capex": -300000,
      "gross_margin": null,
      "op_margin": null,
      "fcf_margin": 0.6056732621257223,
      "rev_growth_yoy": 0.12421259842519684,
      "rev_growth_yoy_accel": -0.02692653908497404,
      "fcf_margin_change": 0.06582523243849836
    },
    {
      "date": "2025-06-30T00:00:00",
      "quarter_label": "2025-06 (Q2)",
      "revenue": 583800000,
      "gross_profit": null,
      "operating_income": null,
      "net_income": 87400000,
      "opex": 155500000,
      "cogs": null,
      "rd": null,
      "sga": null,
      "fcf": 139400000,
      "ocf": 139700000,
      "capex": -300000,
      "gross_margin": null,
      "op_margin": null,
      "fcf_margin": 0.23878040424803015,
      "rev_growth_yoy": 0.08472686733556299,
      "rev_growth_yoy_accel": -0.03948573108963385,
      "op_leverage_ratio": 0.1506610050779198,
      "fcf_margin_change": -0.3668928578776921
    },
    {
      "date": "2025-09-30T00:00:00",
      "quarter_label": "2025-09 (Q3)",
      "revenue": 582400000,
      "gross_profit": null,
      "operating_income": null,
      "net_income": 108200000,
      "opex": 146600000,
      "cogs": null,
      "rd": null,
      "sga": null,
      "fcf": 298800000,
      "ocf": 299400000,
      "capex": -600000,
      "gross_margin": null,
      "op_margin": null,
      "fcf_margin": 0.5130494505494505,
      "rev_growth_yoy": 0.058331819007813916,
      "rev_growth_yoy_accel": -0.026395048327749075,
      "fcf_margin_change": 0.27426904630142035
    }
  ],
  "signals": [
    {
      "quarter": "2025-09 (Q3)",
      "signal": "FCF MARGIN EXPANSION",
      "detail": "FCF margin: +23.9% -> +51.3% (+27.4%)",
      "severity": "MEDIUM"
    },
    {
      "quarter": "2025-03 (Q1)",
      "signal": "FCF MARGIN EXPANSION",
      "detail": "FCF margin: +54.0% -> +60.6% (+6.6%)",
      "severity": "MEDIUM"
    },
    {
      "quarter": "2024-09 (Q3)",
      "signal": "FCF MARGIN EXPANSION",
      "detail": "FCF margin: +37.8% -> +57.7% (+19.8%)",
      "severity": "MEDIUM"
    },
    {
      "quarter": "2023-09 (Q3)",
      "signal": "FCF MARGIN EXPANSION",
      "detail": "FCF margin: +58.8% -> +65.5% (+6.7%)",
      "severity": "MEDIUM"
    },
    {
      "quarter": "2022-09 (Q3)",
      "signal": "FCF MARGIN EXPANSION",
      "detail": "FCF margin: +54.7% -> +70.7% (+16.0%)",
      "severity": "MEDIUM"
    },
    {
      "quarter": "2022-03 (Q1)",
      "signal": "FCF MARGIN EXPANSION",
      "detail": "FCF margin: +28.0% -> +82.2% (+54.2%)",
      "severity": "MEDIUM"
    },
    {
      "quarter": "2021-03 (Q1)",
      "signal": "FCF MARGIN EXPANSION",
      "detail": "FCF margin: +45.0% -> +71.9% (+26.9%)",
      "severity": "MEDIUM"
    }
  ],
  "data_quality": {
    "n_quarters": 20,
    "coverage": {
      "revenue": [
        20,
        20
      ],
      "gross_profit": [
        0,
        20
      ],
      "op_income": [
        0,
        20
      ],
      "fcf": [
        20,
        20
      ]
    },
    "gaps": [],
    "warnings": [
      "gross_profit: no data",
      "op_income: no data"
    ]
  },
  "market_cap": null,
  "source": "SEC EDGAR",
  "last_updated": "2026-02-02T21:04:40.303698",
  "sector": "Financial Services",
  "industry": "Credit Services"
}