{
  "ticker": "CACI",
  "name": "CACI International Inc",
  "quarters": [
    {
      "date": "2021-03-31T00:00:00",
      "quarter_label": "2021-03 (Q1)",
      "revenue": 1551918000,
      "gross_profit": 551683000,
      "operating_income": 151438000,
      "net_income": 120344000,
      "opex": 1400480000,
      "cogs": 1000235000,
      "rd": null,
      "sga": 369015000,
      "fcf": 118229000,
      "ocf": 118229000,
      "capex": null,
      "gross_margin": 0.3554846325643494,
      "op_margin": 0.09758118663486086,
      "fcf_margin": 0.07618250448799485
    },
    {
      "date": "2021-06-30T00:00:00",
      "quarter_label": "2021-06 (Q2)",
      "revenue": 1564000000,
      "gross_profit": null,
      "operating_income": 112050000,
      "net_income": 136977000,
      "opex": 1451950000,
      "cogs": null,
      "rd": null,
      "sga": 376788000,
      "fcf": 91699000,
      "ocf": 91699000,
      "capex": null,
      "gross_margin": null,
      "op_margin": 0.07164322250639386,
      "fcf_margin": 0.05863107416879795,
      "fcf_margin_change": -0.017551430319196898
    },
    {
      "date": "2021-09-30T00:00:00",
      "quarter_label": "2021-09 (Q3)",
      "revenue": 1490898000,
      "gross_profit": null,
      "operating_income": 127029000,
      "net_income": 88109000,
      "opex": 1363869000,
      "cogs": null,
      "rd": null,
      "sga": 357106000,
      "fcf": 185953000,
      "ocf": 185953000,
      "capex": null,
      "gross_margin": null,
      "op_margin": 0.08520301187606395,
      "fcf_margin": 0.12472550100677578,
      "fcf_margin_change": 0.06609442683797782
    },
    {
      "date": "2021-12-31T00:00:00",
      "quarter_label": "2021-12 (Q4)",
      "revenue": 1485778000,
      "gross_profit": null,
      "operating_income": 124107000,
      "net_income": 90299000,
      "opex": 1361671000,
      "cogs": null,
      "rd": null,
      "sga": 354977000,
      "fcf": 122812000,
      "ocf": 122812000,
      "capex": null,
      "gross_margin": null,
      "op_margin": 0.08352997554143352,
      "fcf_margin": 0.08265837830416119,
      "fcf_margin_change": -0.04206712270261459
    },
    {
      "date": "2022-03-31T00:00:00",
      "quarter_label": "2022-03 (Q1)",
      "revenue": 1583980000,
      "gross_profit": null,
      "operating_income": 125356000,
      "net_income": 95417000,
      "opex": 1458624000,
      "cogs": null,
      "rd": null,
      "sga": 402227000,
      "fcf": 284248000,
      "ocf": 284248000,
      "capex": null,
      "gross_margin": null,
      "op_margin": 0.07913988812990062,
      "fcf_margin": 0.179451760754555,
      "incr_op_margin_yoy": -0.8134863701578192,
      "rev_growth_yoy": 0.02065959670549604,
      "op_leverage_ratio": 0.928276477694142,
      "fcf_margin_change": 0.0967933824503938
    },
    {
      "date": "2022-06-30T00:00:00",
      "quarter_label": "2022-06 (Q2)",
      "revenue": 1642261000,
      "gross_profit": null,
      "operating_income": 119837000,
      "net_income": 92969000,
      "opex": 1522424000,
      "cogs": null,
      "rd": null,
      "sga": 406409000,
      "fcf": 152541000,
      "ocf": 152541000,
      "capex": null,
      "gross_margin": null,
      "op_margin": 0.0729707397301647,
      "fcf_margin": 0.09288474852657404,
      "incr_op_margin_yoy": 0.09950038972157269,
      "rev_growth_yoy": 0.05003900255754476,
      "rev_growth_yoy_accel": 0.02937940585204872,
      "op_leverage_ratio": 0.8412013821301138,
      "fcf_margin_change": -0.08656701222798095
    },
    {
      "date": "2022-09-30T00:00:00",
      "quarter_label": "2022-09 (Q3)",
      "revenue": 1605759000,
      "gross_profit": null,
      "operating_income": 132803000,
      "net_income": 89125000,
      "opex": 1472956000,
      "cogs": null,
      "rd": null,
      "sga": 382081000,
      "fcf": 144843000,
      "ocf": 144843000,
      "capex": null,
      "gross_margin": null,
      "op_margin": 0.08270419160035845,
      "fcf_margin": 0.09020220344397883,
      "incr_op_margin_yoy": 0.05026945612522962,
      "rev_growth_yoy": 0.07704148774765275,
      "rev_growth_yoy_accel": 0.02700248519010799,
      "fcf_margin_change": -0.002682545082595203
    },
    {
      "date": "2022-12-31T00:00:00",
      "quarter_label": "2022-12 (Q4)",
      "revenue": 1649416000,
      "gross_profit": null,
      "operating_income": 130867000,
      "net_income": 87101000,
      "opex": 1518549000,
      "cogs": null,
      "rd": null,
      "sga": 388303000,
      "fcf": 62247000,
      "ocf": 62247000,
      "capex": null,
      "gross_margin": null,
      "op_margin": 0.07934141538580929,
      "fcf_margin": 0.03773881179763019,
      "incr_op_margin_yoy": 0.04131069800413107,
      "rev_growth_yoy": 0.11013623838823836,
      "rev_growth_yoy_accel": 0.033094750640585605,
      "op_leverage_ratio": 0.8783449895225834,
      "fcf_margin_change": -0.052463391646348646
    },
    {
      "date": "2023-03-31T00:00:00",
      "quarter_label": "2023-03 (Q1)",
      "revenue": 1744270000,
      "gross_profit": null,
      "operating_income": 155034000,
      "net_income": 100742000,
      "opex": 1589236000,
      "cogs": null,
      "rd": null,
      "sga": 410235000,
      "fcf": 28864000,
      "ocf": 28864000,
      "capex": null,
      "gross_margin": null,
      "op_margin": 0.08888188181875513,
      "fcf_margin": 0.01654789682789935,
      "incr_op_margin_yoy": 0.18515191215921142,
      "rev_growth_yoy": 0.10119445952600412,
      "rev_growth_yoy_accel": -0.00894177886223424,
      "op_leverage_ratio": 1.2354202241571213,
      "fcf_margin_change": -0.02119091496973084
    },
    {
      "date": "2023-06-30T00:00:00",
      "quarter_label": "2023-06 (Q2)",
      "revenue": 1703101000,
      "gross_profit": null,
      "operating_income": 148796000,
      "net_income": 107767000,
      "opex": 1554305000,
      "cogs": null,
      "rd": null,
      "sga": 410135000,
      "fcf": 152102000,
      "ocf": 152102000,
      "capex": null,
      "gross_margin": null,
      "op_margin": 0.08736768987863902,
      "fcf_margin": 0.08930885484771602,
      "incr_op_margin_yoy": 0.4759861932938856,
      "rev_growth_yoy": 0.03704648652071747,
      "rev_growth_yoy_accel": -0.06414797300528664,
      "fcf_margin_change": 0.07276095801981666
    },
    {
      "date": "2023-09-30T00:00:00",
      "quarter_label": "2023-09 (Q3)",
      "revenue": 1850147000,
      "gross_profit": null,
      "operating_income": 137349000,
      "net_income": 86047000,
      "opex": 1712798000,
      "cogs": null,
      "rd": null,
      "sga": 404633000,
      "fcf": 70088000,
      "ocf": 70088000,
      "capex": null,
      "gross_margin": null,
      "op_margin": 0.07423680388639389,
      "fcf_margin": 0.037882395290752574,
      "incr_op_margin_yoy": 0.018601567998428728,
      "rev_growth_yoy": 0.15219469422248294,
      "rev_growth_yoy_accel": 0.11514820770176547,
      "op_leverage_ratio": 0.8467183451263189,
      "fcf_margin_change": -0.05142645955696344
    },
    {
      "date": "2023-12-31T00:00:00",
      "quarter_label": "2023-12 (Q4)",
      "revenue": 1833934000,
      "gross_profit": null,
      "operating_income": 133305000,
      "net_income": 83870000,
      "opex": 1700629000,
      "cogs": null,
      "rd": null,
      "sga": 409355000,
      "fcf": 71764000,
      "ocf": 71764000,
      "capex": null,
      "gross_margin": null,
      "op_margin": 0.07268800294885203,
      "fcf_margin": 0.03913117920274121,
      "incr_op_margin_yoy": 0.013212803086961706,
      "rev_growth_yoy": 0.11186868564388851,
      "rev_growth_yoy_accel": -0.04032600857859443,
      "fcf_margin_change": 0.0012487839119886338
    },
    {
      "date": "2024-03-31T00:00:00",
      "quarter_label": "2024-03 (Q1)",
      "revenue": 1937456000,
      "gross_profit": null,
      "operating_income": 181304000,
      "net_income": 115350000,
      "opex": 1756152000,
      "cogs": null,
      "rd": null,
      "sga": 430134000,
      "fcf": 198271000,
      "ocf": 198271000,
      "capex": null,
      "gross_margin": null,
      "op_margin": 0.09357838319941202,
      "fcf_margin": 0.10233574336655904,
      "incr_op_margin_yoy": 0.13598293872226766,
      "rev_growth_yoy": 0.1107546423432152,
      "rev_growth_yoy_accel": -0.0011140433006733008,
      "op_leverage_ratio": 1.7289626381630843,
      "fcf_margin_change": 0.06320456416381784
    },
    {
      "date": "2024-06-30T00:00:00",
      "quarter_label": "2024-06 (Q2)",
      "revenue": 2038295000,
      "gross_profit": null,
      "operating_income": 197750000,
      "net_income": 134657000,
      "opex": 1840545000,
      "cogs": null,
      "rd": null,
      "sga": 476317000,
      "fcf": 157208000,
      "ocf": 157208000,
      "capex": null,
      "gross_margin": null,
      "op_margin": 0.09701736009753249,
      "fcf_margin": 0.0771272068076505,
      "incr_op_margin_yoy": 0.14604676694690238,
      "rev_growth_yoy": 0.19681392941463835,
      "rev_growth_yoy_accel": 0.08605928707142314,
      "op_leverage_ratio": 1.0830596070355893,
      "fcf_margin_change": -0.025208536558908534
    },
    {
      "date": "2024-09-30T00:00:00",
      "quarter_label": "2024-09 (Q3)",
      "revenue": 2056889000,
      "gross_profit": null,
      "operating_income": 179841000,
      "net_income": 120177000,
      "opex": 1877048000,
      "cogs": null,
      "rd": null,
      "sga": 427946000,
      "fcf": 34661000,
      "ocf": 34661000,
      "capex": null,
      "gross_margin": null,
      "op_margin": 0.0874334978698413,
      "fcf_margin": 0.01685117670423635,
      "incr_op_margin_yoy": 0.20553153205444466,
      "rev_growth_yoy": 0.11174355335008515,
      "rev_growth_yoy_accel": -0.0850703760645532,
      "fcf_margin_change": -0.06027603010341416
    },
    {
      "date": "2024-12-31T00:00:00",
      "quarter_label": "2024-12 (Q4)",
      "revenue": 2099809000,
      "gross_profit": null,
      "operating_income": 181298000,
      "net_income": 109938000,
      "opex": 1918511000,
      "cogs": null,
      "rd": null,
      "sga": 466661000,
      "fcf": 126042000,
      "ocf": 126042000,
      "capex": null,
      "gross_margin": null,
      "op_margin": 0.08634023380221725,
      "fcf_margin": 0.060025459458455506,
      "incr_op_margin_yoy": 0.18050963798777622,
      "rev_growth_yoy": 0.14497522811616995,
      "rev_growth_yoy_accel": 0.033231674766084796,
      "op_leverage_ratio": 0.9446338728848953,
      "fcf_margin_change": 0.043174282754219154
    },
    {
      "date": "2025-03-31T00:00:00",
      "quarter_label": "2025-03 (Q1)",
      "revenue": 2166982000,
      "gross_profit": null,
      "operating_income": 196369000,
      "net_income": 111860000,
      "opex": 1970613000,
      "cogs": null,
      "rd": null,
      "sga": 480917000,
      "fcf": 230324000,
      "ocf": 230324000,
      "capex": null,
      "gross_margin": null,
      "op_margin": 0.09061865765382454,
      "fcf_margin": 0.10628791563566287,
      "incr_op_margin_yoy": 0.06563526572153046,
      "rev_growth_yoy": 0.11846772262182986,
      "rev_growth_yoy_accel": -0.026507505494340083,
      "op_leverage_ratio": 1.1779445601858596,
      "fcf_margin_change": 0.04626245617720736
    },
    {
      "date": "2025-06-30T00:00:00",
      "quarter_label": "2025-06 (Q2)",
      "revenue": 2304144000,
      "gross_profit": null,
      "operating_income": 206677000,
      "net_income": 157855000,
      "opex": 2097467000,
      "cogs": null,
      "rd": null,
      "sga": 457432000,
      "fcf": 155982000,
      "ocf": 155982000,
      "capex": null,
      "gross_margin": null,
      "op_margin": 0.08969795290572118,
      "fcf_margin": 0.06769628981521988,
      "incr_op_margin_yoy": 0.03357921225959097,
      "rev_growth_yoy": 0.13042714621779478,
      "rev_growth_yoy_accel": 0.011959423595964913,
      "op_leverage_ratio": 0.9832765516174982,
      "fcf_margin_change": -0.03859162582044298
    },
    {
      "date": "2025-09-30T00:00:00",
      "quarter_label": "2025-09 (Q3)",
      "revenue": 2287623000,
      "gross_profit": null,
      "operating_income": 212275000,
      "net_income": 124810000,
      "opex": 2075348000,
      "cogs": null,
      "rd": null,
      "sga": 473856000,
      "fcf": 171065000,
      "ocf": 171065000,
      "capex": null,
      "gross_margin": null,
      "op_margin": 0.09279282469183078,
      "fcf_margin": 0.07477849278486884,
      "incr_op_margin_yoy": 0.1405687935024747,
      "rev_growth_yoy": 0.11217620396628111,
      "rev_growth_yoy_accel": -0.018250942251513663,
      "fcf_margin_change": 0.007082202969648954
    },
    {
      "date": "2025-12-31T00:00:00",
      "quarter_label": "2025-12 (Q4)",
      "revenue": 2220097000,
      "gross_profit": null,
      "operating_income": 206469000,
      "net_income": 123855000,
      "opex": 2013628000,
      "cogs": null,
      "rd": null,
      "sga": 464585000,
      "fcf": 154195000,
      "ocf": 154195000,
      "capex": null,
      "gross_margin": null,
      "op_margin": 0.09299999054095384,
      "fcf_margin": 0.06945417249786834,
      "incr_op_margin_yoy": 0.20925611864857674,
      "rev_growth_yoy": 0.057285210226263435,
      "rev_growth_yoy_accel": -0.05489099374001768,
      "fcf_margin_change": -0.0053243202870005
    }
  ],
  "signals": [
    {
      "quarter": "2025-12 (Q4)",
      "signal": "YoY REVENUE GROWTH DECELERATION",
      "detail": "YoY growth: +5.7% vs prior quarter YoY: +11.2% (decel: -5.5%)",
      "severity": "WARNING"
    },
    {
      "quarter": "2025-12 (Q4)",
      "signal": "INCREMENTAL MARGIN (YoY)",
      "detail": "YoY Incr OPM: +20.9% vs year-ago OPM: +8.6%",
      "severity": "MEDIUM"
    },
    {
      "quarter": "2024-12 (Q4)",
      "signal": "INCREMENTAL MARGIN (YoY)",
      "detail": "YoY Incr OPM: +18.1% vs year-ago OPM: +7.3%",
      "severity": "MEDIUM"
    },
    {
      "quarter": "2024-09 (Q3)",
      "signal": "YoY REVENUE GROWTH DECELERATION",
      "detail": "YoY growth: +11.2% vs prior quarter YoY: +19.7% (decel: -8.5%)",
      "severity": "WARNING"
    },
    {
      "quarter": "2024-09 (Q3)",
      "signal": "INCREMENTAL MARGIN (YoY)",
      "detail": "YoY Incr OPM: +20.6% vs year-ago OPM: +7.4%",
      "severity": "MEDIUM"
    },
    {
      "quarter": "2024-06 (Q2)",
      "signal": "YoY REVENUE GROWTH ACCELERATION",
      "detail": "YoY growth: +19.7% vs prior quarter YoY: +11.1% (accel: +8.6%)",
      "severity": "MEDIUM"
    },
    {
      "quarter": "2024-03 (Q1)",
      "signal": "FCF MARGIN EXPANSION",
      "detail": "FCF margin: +3.9% -> +10.2% (+6.3%)",
      "severity": "MEDIUM"
    },
    {
      "quarter": "2024-03 (Q1)",
      "signal": "OPERATING LEVERAGE",
      "detail": "Rev growth +5.6% vs OpEx growth +3.3% (leverage: 1.7x)",
      "severity": "MEDIUM"
    },
    {
      "quarter": "2023-09 (Q3)",
      "signal": "YoY REVENUE GROWTH ACCELERATION",
      "detail": "YoY growth: +15.2% vs prior quarter YoY: +3.7% (accel: +11.5%)",
      "severity": "MEDIUM"
    },
    {
      "quarter": "2023-06 (Q2)",
      "signal": "FCF MARGIN EXPANSION",
      "detail": "FCF margin: +1.7% -> +8.9% (+7.3%)",
      "severity": "MEDIUM"
    },
    {
      "quarter": "2023-06 (Q2)",
      "signal": "YoY REVENUE GROWTH DECELERATION",
      "detail": "YoY growth: +3.7% vs prior quarter YoY: +10.1% (decel: -6.4%)",
      "severity": "WARNING"
    },
    {
      "quarter": "2023-06 (Q2)",
      "signal": "INCREMENTAL MARGIN (YoY)",
      "detail": "YoY Incr OPM: +47.6% vs year-ago OPM: +7.3%",
      "severity": "HIGH"
    },
    {
      "quarter": "2023-03 (Q1)",
      "signal": "INCREMENTAL MARGIN (YoY)",
      "detail": "YoY Incr OPM: +18.5% vs year-ago OPM: +7.9%",
      "severity": "MEDIUM"
    },
    {
      "quarter": "2022-03 (Q1)",
      "signal": "FCF MARGIN EXPANSION",
      "detail": "FCF margin: +8.3% -> +17.9% (+9.7%)",
      "severity": "MEDIUM"
    },
    {
      "quarter": "2021-09 (Q3)",
      "signal": "FCF MARGIN EXPANSION",
      "detail": "FCF margin: +5.9% -> +12.5% (+6.6%)",
      "severity": "MEDIUM"
    }
  ],
  "data_quality": {
    "n_quarters": 20,
    "coverage": {
      "revenue": [
        20,
        20
      ],
      "gross_profit": [
        1,
        20
      ],
      "op_income": [
        20,
        20
      ],
      "fcf": [
        20,
        20
      ]
    },
    "gaps": [],
    "warnings": [
      "gross_profit: 1/20Q"
    ]
  },
  "market_cap": null,
  "source": "SEC EDGAR",
  "last_updated": "2026-02-02T20:27:52.499937"
}