{
  "ticker": "CAG",
  "name": "CONAGRA BRANDS, INC.",
  "quarters": [
    {
      "date": "2021-02-28T00:00:00",
      "quarter_label": "2021-02 (Q1)",
      "revenue": 2771100000,
      "gross_profit": 758400000,
      "operating_income": 545400000,
      "net_income": 281400000,
      "opex": 213000000,
      "cogs": 2012700000,
      "rd": null,
      "sga": 309700000,
      "fcf": 413900000,
      "ocf": 528600000,
      "capex": -114700000,
      "gross_margin": 0.2736819313629966,
      "op_margin": 0.19681714842481324,
      "fcf_margin": 0.1493630688174371
    },
    {
      "date": "2021-05-30T00:00:00",
      "quarter_label": "2021-05 (Q2)",
      "revenue": 2739500000,
      "gross_profit": 721700000,
      "operating_income": 366000000,
      "net_income": 309500000,
      "opex": 355700000,
      "cogs": 2017800000,
      "rd": null,
      "sga": 435300000,
      "fcf": 288400000,
      "ocf": 398100000,
      "capex": -109700000,
      "gross_margin": 0.2634422339843037,
      "op_margin": 0.13360102208432195,
      "fcf_margin": 0.10527468516152583,
      "fcf_margin_change": -0.04408838365591128
    },
    {
      "date": "2021-08-29T00:00:00",
      "quarter_label": "2021-08 (Q3)",
      "revenue": 2653300000,
      "gross_profit": 673400000,
      "operating_income": 427900000,
      "net_income": 235400000,
      "opex": 245500000,
      "cogs": 1979900000,
      "rd": null,
      "sga": 310100000,
      "fcf": -15100000,
      "ocf": 139800000,
      "capex": -154900000,
      "gross_margin": 0.253797158255757,
      "op_margin": 0.16127087023706327,
      "fcf_margin": -0.005691026269174236,
      "fcf_margin_change": -0.11096571143070007
    },
    {
      "date": "2021-11-28T00:00:00",
      "quarter_label": "2021-11 (Q4)",
      "revenue": 3058900000,
      "gross_profit": 754800000,
      "operating_income": 468400000,
      "net_income": 275500000,
      "opex": 286400000,
      "cogs": 2304100000,
      "rd": null,
      "sga": 345400000,
      "fcf": 19700000,
      "ocf": 122300000,
      "capex": -102600000,
      "gross_margin": 0.24675536957729902,
      "op_margin": 0.1531269410572428,
      "fcf_margin": 0.0064402236097943705,
      "op_leverage_ratio": 0.9175712083223022,
      "fcf_margin_change": 0.012131249878968606
    },
    {
      "date": "2022-02-27T00:00:00",
      "quarter_label": "2022-02 (Q1)",
      "revenue": 2913700000,
      "gross_profit": 697200000,
      "operating_income": 424100000,
      "net_income": 218400000,
      "opex": 273100000,
      "cogs": 2216500000,
      "rd": null,
      "sga": 338000000,
      "fcf": 383800000,
      "ocf": 490500000,
      "capex": -106700000,
      "gross_margin": 0.2392833853862786,
      "op_margin": 0.14555376325634073,
      "fcf_margin": 0.1317225520815458,
      "incr_op_margin_yoy": -0.8506311360448808,
      "rev_growth_yoy": 0.05145970914077442,
      "fcf_margin_change": 0.12528232847175141
    },
    {
      "date": "2022-05-29T00:00:00",
      "quarter_label": "2022-05 (Q2)",
      "revenue": 2910000000,
      "gross_profit": 713400000,
      "operating_income": 267200000,
      "net_income": 158900000,
      "opex": 446200000,
      "cogs": 2196600000,
      "rd": null,
      "sga": 499300000,
      "fcf": 324500000,
      "ocf": 424700000,
      "capex": -100200000,
      "gross_margin": 0.24515463917525773,
      "op_margin": 0.0918213058419244,
      "fcf_margin": 0.11151202749140894,
      "incr_op_margin_yoy": -0.5794721407624633,
      "rev_growth_yoy": 0.0622376346048549,
      "rev_growth_yoy_accel": 0.010777925464080483,
      "fcf_margin_change": -0.02021052459013685
    },
    {
      "date": "2022-08-28T00:00:00",
      "quarter_label": "2022-08 (Q3)",
      "revenue": 2904300000,
      "gross_profit": 720300000,
      "operating_income": 62200000,
      "net_income": -77500000,
      "opex": 658100000,
      "cogs": 2184000000,
      "rd": null,
      "sga": 741600000,
      "fcf": 138300000,
      "ocf": 263700000,
      "capex": -125400000,
      "gross_margin": 0.2480115690527838,
      "op_margin": 0.021416520331921634,
      "fcf_margin": 0.047619047619047616,
      "incr_op_margin_yoy": -1.4569721115537848,
      "rev_growth_yoy": 0.09459917838163796,
      "rev_growth_yoy_accel": 0.03236154377678306,
      "fcf_margin_change": -0.06389297987236132
    },
    {
      "date": "2022-11-27T00:00:00",
      "quarter_label": "2022-11 (Q4)",
      "revenue": 3312900000,
      "gross_profit": 922300000,
      "operating_income": 656100000,
      "net_income": 381900000,
      "opex": 266200000,
      "cogs": 2390600000,
      "rd": null,
      "sga": 372700000,
      "fcf": -28900000,
      "ocf": 34100000,
      "capex": -63000000,
      "gross_margin": 0.27839657098010806,
      "op_margin": 0.1980440097799511,
      "fcf_margin": -0.008723474901144012,
      "incr_op_margin_yoy": 0.738976377952756,
      "rev_growth_yoy": 0.08303638562882082,
      "rev_growth_yoy_accel": -0.011562792752817144,
      "op_leverage_ratio": Infinity,
      "fcf_margin_change": -0.05634252252019163
    },
    {
      "date": "2023-02-26T00:00:00",
      "quarter_label": "2023-02 (Q1)",
      "revenue": 3086500000,
      "gross_profit": 838800000,
      "operating_income": 580900000,
      "net_income": 341700000,
      "opex": 257900000,
      "cogs": 2247700000,
      "rd": null,
      "sga": 348800000,
      "fcf": 326600000,
      "ocf": 405600000,
      "capex": -79000000,
      "gross_margin": 0.27176413413251255,
      "op_margin": 0.18820670662562775,
      "fcf_margin": 0.10581564879313138,
      "incr_op_margin_yoy": 0.9074074074074074,
      "rev_growth_yoy": 0.05930603699763188,
      "rev_growth_yoy_accel": -0.02373034863118894,
      "fcf_margin_change": 0.1145391236942754
    },
    {
      "date": "2023-05-28T00:00:00",
      "quarter_label": "2023-05 (Q2)",
      "revenue": 2973300000,
      "gross_profit": 783400000,
      "operating_income": 165000000,
      "net_income": 37500000,
      "opex": 618400000,
      "cogs": 2189900000,
      "rd": null,
      "sga": 726400000,
      "fcf": 197200000,
      "ocf": 292000000,
      "capex": -94800000,
      "gross_margin": 0.26347829011536006,
      "op_margin": 0.05549389567147614,
      "fcf_margin": 0.06632361349342482,
      "incr_op_margin_yoy": -1.6145339652448658,
      "rev_growth_yoy": 0.02175257731958763,
      "rev_growth_yoy_accel": -0.03755345967804425,
      "fcf_margin_change": -0.03949203529970656
    },
    {
      "date": "2023-08-27T00:00:00",
      "quarter_label": "2023-08 (Q3)",
      "revenue": 2904000000,
      "gross_profit": 823100000,
      "operating_income": 525700000,
      "net_income": 319700000,
      "opex": 297400000,
      "cogs": 2080900000,
      "rd": null,
      "sga": 334100000,
      "fcf": 299900000,
      "ocf": 443500000,
      "capex": -143600000,
      "gross_margin": 0.2834366391184573,
      "op_margin": 0.18102617079889807,
      "fcf_margin": 0.10327134986225896,
      "rev_growth_yoy": -0.00010329511414110113,
      "rev_growth_yoy_accel": -0.021855872433728732,
      "fcf_margin_change": 0.03694773636883414
    },
    {
      "date": "2023-11-26T00:00:00",
      "quarter_label": "2023-11 (Q4)",
      "revenue": 3208100000,
      "gross_profit": 846600000,
      "operating_income": 543300000,
      "net_income": 286200000,
      "opex": 303300000,
      "cogs": 2361500000,
      "rd": null,
      "sga": 398100000,
      "fcf": 340700000,
      "ocf": 411100000,
      "capex": -70400000,
      "gross_margin": 0.26389451700383404,
      "op_margin": 0.16935257629126274,
      "fcf_margin": 0.10619993142358405,
      "incr_op_margin_yoy": 1.0763358778625953,
      "rev_growth_yoy": -0.031633915904494554,
      "rev_growth_yoy_accel": -0.03153062079035345,
      "op_leverage_ratio": 5.27847854508101,
      "fcf_margin_change": 0.002928581561325097
    },
    {
      "date": "2024-02-25T00:00:00",
      "quarter_label": "2024-02 (Q1)",
      "revenue": 3032900000,
      "gross_profit": 858800000,
      "operating_income": 578400000,
      "net_income": 308600000,
      "opex": 280400000,
      "cogs": 2174100000,
      "rd": null,
      "sga": 387400000,
      "fcf": 581100000,
      "ocf": 676700000,
      "capex": -95600000,
      "gross_margin": 0.2831613307395562,
      "op_margin": 0.19070856276171322,
      "fcf_margin": 0.19159879982854694,
      "incr_op_margin_yoy": 0.04664179104477612,
      "rev_growth_yoy": -0.017365948485339382,
      "rev_growth_yoy_accel": 0.014267967419155172,
      "fcf_margin_change": 0.08539886840496289
    },
    {
      "date": "2024-05-26T00:00:00",
      "quarter_label": "2024-05 (Q2)",
      "revenue": 2905900000,
      "gross_profit": 804900000,
      "operating_income": -472400000,
      "net_income": -567300000,
      "opex": 1277300000,
      "cogs": 2101000000,
      "rd": null,
      "sga": 1361000000,
      "fcf": 405800000,
      "ocf": 484300000,
      "capex": -78500000,
      "gross_margin": 0.2769881964279569,
      "op_margin": -0.16256581437764547,
      "fcf_margin": 0.1396469252211019,
      "incr_op_margin_yoy": 9.456973293768545,
      "rev_growth_yoy": -0.022668415565196918,
      "rev_growth_yoy_accel": -0.0053024670798575355,
      "fcf_margin_change": -0.05195187460744505
    },
    {
      "date": "2024-08-25T00:00:00",
      "quarter_label": "2024-08 (Q3)",
      "revenue": 2794900000,
      "gross_profit": 739300000,
      "operating_income": 493800000,
      "net_income": 466800000,
      "opex": 245500000,
      "cogs": 2055600000,
      "rd": null,
      "sga": 337700000,
      "fcf": 135600000,
      "ocf": 268600000,
      "capex": -133000000,
      "gross_margin": 0.26451751404343626,
      "op_margin": 0.1766789509463666,
      "fcf_margin": 0.04851694157214927,
      "incr_op_margin_yoy": 0.2923923006416132,
      "rev_growth_yoy": -0.037568870523415974,
      "rev_growth_yoy_accel": -0.014900454958219057,
      "fcf_margin_change": -0.09112998364895261
    },
    {
      "date": "2024-11-24T00:00:00",
      "quarter_label": "2024-11 (Q4)",
      "revenue": 3195100000,
      "gross_profit": 846700000,
      "operating_income": 472500000,
      "net_income": 284500000,
      "opex": 374200000,
      "cogs": 2348400000,
      "rd": null,
      "sga": 444100000,
      "fcf": 403200000,
      "ocf": 485600000,
      "capex": -82400000,
      "gross_margin": 0.2649995305311258,
      "op_margin": 0.14788269537729648,
      "fcf_margin": 0.12619323338862634,
      "incr_op_margin_yoy": 5.446153846153846,
      "rev_growth_yoy": -0.004052242760512453,
      "rev_growth_yoy_accel": 0.033516627762903525,
      "op_leverage_ratio": 0.27313902837177373,
      "fcf_margin_change": 0.07767629181647706
    },
    {
      "date": "2025-02-23T00:00:00",
      "quarter_label": "2025-02 (Q1)",
      "revenue": 2841000000,
      "gross_profit": 710300000,
      "operating_income": 395000000,
      "net_income": 145100000,
      "opex": 315300000,
      "cogs": 2130700000,
      "rd": null,
      "sga": 443700000,
      "fcf": 503200000,
      "ocf": 592000000,
      "capex": -88800000,
      "gross_margin": 0.250017599436818,
      "op_margin": 0.1390355508623724,
      "fcf_margin": 0.17712073213657162,
      "incr_op_margin_yoy": 0.955706096925482,
      "rev_growth_yoy": -0.0632727752316265,
      "rev_growth_yoy_accel": -0.05922053247111404,
      "fcf_margin_change": 0.05092749874794528
    },
    {
      "date": "2025-05-25T00:00:00",
      "quarter_label": "2025-05 (Q2)",
      "revenue": 2781800000,
      "gross_profit": 707200000,
      "operating_income": 3300000,
      "net_income": 256000000,
      "opex": 703900000,
      "cogs": 2074600000,
      "rd": null,
      "sga": 333000000,
      "fcf": 260600000,
      "ocf": 345700000,
      "capex": -85100000,
      "gross_margin": 0.2542238838162341,
      "op_margin": 0.0011862822632827666,
      "fcf_margin": 0.09368035085196635,
      "incr_op_margin_yoy": -3.833199033037873,
      "rev_growth_yoy": -0.04270621838328917,
      "rev_growth_yoy_accel": 0.02056655684833733,
      "fcf_margin_change": -0.08344038128460526
    },
    {
      "date": "2025-08-24T00:00:00",
      "quarter_label": "2025-08 (Q3)",
      "revenue": 2632600000,
      "gross_profit": 640600000,
      "operating_income": 347400000,
      "net_income": 164500000,
      "opex": 293200000,
      "cogs": 1992000000,
      "rd": null,
      "sga": 335600000,
      "fcf": -26200000,
      "ocf": 120600000,
      "capex": -146800000,
      "gross_margin": 0.24333358656841145,
      "op_margin": 0.13196079920990655,
      "fcf_margin": -0.00995213857023475,
      "incr_op_margin_yoy": 0.9020332717190388,
      "rev_growth_yoy": -0.058070056173745034,
      "rev_growth_yoy_accel": -0.015363837790455866,
      "fcf_margin_change": -0.1036324894222011
    },
    {
      "date": "2025-11-23T00:00:00",
      "quarter_label": "2025-11 (Q4)",
      "revenue": 2979100000,
      "gross_profit": 696000000,
      "operating_income": -597600000,
      "net_income": -663600000,
      "opex": 1293600000,
      "cogs": 2283100000,
      "rd": null,
      "sga": 325100000,
      "fcf": 138800000,
      "ocf": 210600000,
      "capex": -71800000,
      "gross_margin": 0.2336276056527139,
      "op_margin": -0.20059749588801987,
      "fcf_margin": 0.04659125239166191,
      "incr_op_margin_yoy": 4.954166666666667,
      "rev_growth_yoy": -0.06760351788676411,
      "rev_growth_yoy_accel": -0.009533461713019074,
      "op_leverage_ratio": 0.038575240723432574,
      "fcf_margin_change": 0.05654339096189666
    }
  ],
  "signals": [
    {
      "quarter": "2025-11 (Q4)",
      "signal": "FCF TURNED POSITIVE",
      "detail": "FCF margin: -1.0% -> +4.7%",
      "severity": "HIGH"
    },
    {
      "quarter": "2025-08 (Q3)",
      "signal": "INCREMENTAL MARGIN (YoY)",
      "detail": "YoY Incr OPM: +90.2% vs year-ago OPM: +17.7%",
      "severity": "HIGH"
    },
    {
      "quarter": "2025-05 (Q2)",
      "signal": "OP MARGIN TURNED POSITIVE (YoY)",
      "detail": "Op margin: -16.3% (year-ago) -> +0.1%",
      "severity": "HIGH"
    },
    {
      "quarter": "2025-02 (Q1)",
      "signal": "FCF MARGIN EXPANSION",
      "detail": "FCF margin: +12.6% -> +17.7% (+5.1%)",
      "severity": "MEDIUM"
    },
    {
      "quarter": "2025-02 (Q1)",
      "signal": "YoY REVENUE GROWTH DECELERATION",
      "detail": "YoY growth: -6.3% vs prior quarter YoY: -0.4% (decel: -5.9%)",
      "severity": "WARNING"
    },
    {
      "quarter": "2025-02 (Q1)",
      "signal": "INCREMENTAL MARGIN (YoY)",
      "detail": "YoY Incr OPM: +95.6% vs year-ago OPM: +19.1%",
      "severity": "HIGH"
    },
    {
      "quarter": "2024-11 (Q4)",
      "signal": "FCF MARGIN EXPANSION",
      "detail": "FCF margin: +4.9% -> +12.6% (+7.8%)",
      "severity": "MEDIUM"
    },
    {
      "quarter": "2024-11 (Q4)",
      "signal": "INCREMENTAL MARGIN (YoY)",
      "detail": "YoY Incr OPM: +544.6% vs year-ago OPM: +16.9%",
      "severity": "HIGH"
    },
    {
      "quarter": "2024-08 (Q3)",
      "signal": "INCREMENTAL MARGIN (YoY)",
      "detail": "YoY Incr OPM: +29.2% vs year-ago OPM: +18.1%",
      "severity": "MEDIUM"
    },
    {
      "quarter": "2024-08 (Q3)",
      "signal": "OP MARGIN TURNED POSITIVE (QoQ)",
      "detail": "Op margin: -16.3% -> +17.7%",
      "severity": "HIGH"
    },
    {
      "quarter": "2024-02 (Q1)",
      "signal": "FCF MARGIN EXPANSION",
      "detail": "FCF margin: +10.6% -> +19.2% (+8.5%)",
      "severity": "MEDIUM"
    },
    {
      "quarter": "2023-11 (Q4)",
      "signal": "OPERATING LEVERAGE",
      "detail": "Rev growth +10.5% vs OpEx growth +2.0% (leverage: 5.3x)",
      "severity": "MEDIUM"
    },
    {
      "quarter": "2023-11 (Q4)",
      "signal": "INCREMENTAL MARGIN (YoY)",
      "detail": "YoY Incr OPM: +107.6% vs year-ago OPM: +19.8%",
      "severity": "HIGH"
    },
    {
      "quarter": "2023-02 (Q1)",
      "signal": "FCF TURNED POSITIVE",
      "detail": "FCF margin: -0.9% -> +10.6%",
      "severity": "HIGH"
    },
    {
      "quarter": "2023-02 (Q1)",
      "signal": "INCREMENTAL MARGIN (YoY)",
      "detail": "YoY Incr OPM: +90.7% vs year-ago OPM: +14.6%",
      "severity": "HIGH"
    },
    {
      "quarter": "2022-11 (Q4)",
      "signal": "INCREMENTAL MARGIN (YoY)",
      "detail": "YoY Incr OPM: +73.9% vs year-ago OPM: +15.3%",
      "severity": "HIGH"
    },
    {
      "quarter": "2022-02 (Q1)",
      "signal": "FCF MARGIN EXPANSION",
      "detail": "FCF margin: +0.6% -> +13.2% (+12.5%)",
      "severity": "MEDIUM"
    },
    {
      "quarter": "2021-11 (Q4)",
      "signal": "FCF TURNED POSITIVE",
      "detail": "FCF margin: -0.6% -> +0.6%",
      "severity": "HIGH"
    }
  ],
  "data_quality": {
    "n_quarters": 20,
    "coverage": {
      "revenue": [
        20,
        20
      ],
      "gross_profit": [
        20,
        20
      ],
      "op_income": [
        20,
        20
      ],
      "fcf": [
        20,
        20
      ]
    },
    "gaps": [],
    "warnings": []
  },
  "market_cap": null,
  "source": "SEC EDGAR",
  "last_updated": "2026-02-02T20:43:29.052969",
  "sector": "Consumer Defensive",
  "industry": "Packaged Foods"
}