{
  "ticker": "CAH",
  "name": "Cardinal Health, Inc.",
  "quarters": [
    {
      "date": "2020-12-31T00:00:00",
      "quarter_label": "2020-12 (Q4)",
      "revenue": 41541000000,
      "gross_profit": 1776000000,
      "operating_income": 461000000,
      "net_income": 629000000,
      "opex": 1315000000,
      "cogs": 39765000000,
      "rd": null,
      "sga": 1147000000,
      "fcf": 1121000000,
      "ocf": 1217000000,
      "capex": -96000000,
      "gross_margin": 0.04275294287571315,
      "op_margin": 0.011097469969427794,
      "fcf_margin": 0.02698538792999687
    },
    {
      "date": "2021-03-31T00:00:00",
      "quarter_label": "2021-03 (Q1)",
      "revenue": 39275000000,
      "gross_profit": 1812000000,
      "operating_income": 473000000,
      "net_income": 119000000,
      "opex": 1339000000,
      "cogs": 37463000000,
      "rd": null,
      "sga": 1120000000,
      "fcf": 177000000,
      "ocf": 277000000,
      "capex": -100000000,
      "gross_margin": 0.04613621896880968,
      "op_margin": 0.01204328453214513,
      "fcf_margin": 0.004506683640992998,
      "fcf_margin_change": -0.02247870428900387
    },
    {
      "date": "2021-06-30T00:00:00",
      "quarter_label": "2021-06 (Q2)",
      "revenue": 42586000000,
      "gross_profit": 1475000000,
      "operating_income": 162000000,
      "net_income": 116000000,
      "opex": 1313000000,
      "cogs": 41111000000,
      "rd": null,
      "sga": 1129000000,
      "fcf": 539000000,
      "ocf": 665000000,
      "capex": -126000000,
      "gross_margin": 0.034635795801437094,
      "op_margin": 0.00380406706429343,
      "fcf_margin": 0.012656741652186165,
      "op_leverage_ratio": Infinity,
      "fcf_margin_change": 0.008150058011193166
    },
    {
      "date": "2021-09-30T00:00:00",
      "quarter_label": "2021-09 (Q3)",
      "revenue": 43968000000,
      "gross_profit": 1642000000,
      "operating_income": 415000000,
      "net_income": 271000000,
      "opex": 1227000000,
      "cogs": 42326000000,
      "rd": null,
      "sga": 1114000000,
      "fcf": -713000000,
      "ocf": -646000000,
      "capex": -67000000,
      "gross_margin": 0.03734534206695779,
      "op_margin": 0.0094386826783115,
      "fcf_margin": -0.016216339155749635,
      "op_leverage_ratio": Infinity,
      "fcf_margin_change": -0.0288730808079358
    },
    {
      "date": "2021-12-31T00:00:00",
      "quarter_label": "2021-12 (Q4)",
      "revenue": 45457000000,
      "gross_profit": 1616000000,
      "operating_income": -950000000,
      "net_income": 49000000,
      "opex": 2566000000,
      "cogs": 43841000000,
      "rd": null,
      "sga": 1151000000,
      "fcf": 1121000000,
      "ocf": 1195000000,
      "capex": -74000000,
      "gross_margin": 0.03555008029566403,
      "op_margin": -0.020898871460941108,
      "fcf_margin": 0.02466066832391051,
      "incr_op_margin_yoy": -0.3603166496424923,
      "rev_growth_yoy": 0.09426831323270986,
      "op_leverage_ratio": 0.031032872165567084,
      "fcf_margin_change": 0.040877007479660145
    },
    {
      "date": "2022-03-31T00:00:00",
      "quarter_label": "2022-03 (Q1)",
      "revenue": 44836000000,
      "gross_profit": 1682000000,
      "operating_income": -97000000,
      "net_income": -1391000000,
      "opex": 1779000000,
      "cogs": 43154000000,
      "rd": null,
      "sga": 1137000000,
      "fcf": -501000000,
      "ocf": -419000000,
      "capex": -82000000,
      "gross_margin": 0.037514497278972256,
      "op_margin": -0.0021634400927825854,
      "fcf_margin": -0.011174056561691497,
      "incr_op_margin_yoy": -0.10249955044056824,
      "rev_growth_yoy": 0.14159134309357096,
      "rev_growth_yoy_accel": 0.04732302986086111,
      "fcf_margin_change": -0.03583472488560201
    },
    {
      "date": "2022-06-30T00:00:00",
      "quarter_label": "2022-06 (Q2)",
      "revenue": 47103000000,
      "gross_profit": 1605000000,
      "operating_income": 36000000,
      "net_income": 138000000,
      "opex": 1569000000,
      "cogs": 45498000000,
      "rd": null,
      "sga": 1155000000,
      "fcf": 2881000000,
      "ocf": 3045000000,
      "capex": -164000000,
      "gross_margin": 0.03407426278580982,
      "op_margin": 0.0007642825297751735,
      "fcf_margin": 0.06116383245228542,
      "incr_op_margin_yoy": -0.027894620323223377,
      "rev_growth_yoy": 0.1060677217865026,
      "rev_growth_yoy_accel": -0.03552362130706836,
      "op_leverage_ratio": Infinity,
      "fcf_margin_change": 0.07233788901397692
    },
    {
      "date": "2022-09-30T00:00:00",
      "quarter_label": "2022-09 (Q3)",
      "revenue": 49603000000,
      "gross_profit": 1614000000,
      "operating_income": 137000000,
      "net_income": 110000000,
      "opex": 1477000000,
      "cogs": 47989000000,
      "rd": null,
      "sga": 1197000000,
      "fcf": -47000000,
      "ocf": 23000000,
      "capex": -70000000,
      "gross_margin": 0.03253835453500796,
      "op_margin": 0.0027619297219926213,
      "fcf_margin": -0.0009475233352821402,
      "incr_op_margin_yoy": -0.04933451641526176,
      "rev_growth_yoy": 0.1281613901018923,
      "rev_growth_yoy_accel": 0.022093668315389683,
      "op_leverage_ratio": Infinity,
      "fcf_margin_change": -0.06211135578756756
    },
    {
      "date": "2022-12-31T00:00:00",
      "quarter_label": "2022-12 (Q4)",
      "revenue": 51469000000,
      "gross_profit": 1663000000,
      "operating_income": -119000000,
      "net_income": -130000000,
      "opex": 1782000000,
      "cogs": 49806000000,
      "rd": null,
      "sga": 1191000000,
      "fcf": 512000000,
      "ocf": 597000000,
      "capex": -85000000,
      "gross_margin": 0.03231071130194874,
      "op_margin": -0.002312071343915755,
      "fcf_margin": 0.00994773553012493,
      "incr_op_margin_yoy": 0.13822355289421157,
      "rev_growth_yoy": 0.132256858129661,
      "rev_growth_yoy_accel": 0.004095468027768723,
      "op_leverage_ratio": 0.18217314328225126,
      "fcf_margin_change": 0.01089525886540707
    },
    {
      "date": "2023-03-31T00:00:00",
      "quarter_label": "2023-03 (Q1)",
      "revenue": 50487000000,
      "gross_profit": 1785000000,
      "operating_income": 572000000,
      "net_income": 345000000,
      "opex": 1213000000,
      "cogs": 48702000000,
      "rd": null,
      "sga": 1179000000,
      "fcf": 1252000000,
      "ocf": 1361000000,
      "capex": -109000000,
      "gross_margin": 0.03535563610434369,
      "op_margin": 0.011329649216630024,
      "fcf_margin": 0.024798462970665715,
      "incr_op_margin_yoy": 0.11838612634931871,
      "rev_growth_yoy": 0.12603711303416898,
      "rev_growth_yoy_accel": -0.00621974509549203,
      "fcf_margin_change": 0.014850727440540785
    },
    {
      "date": "2023-06-30T00:00:00",
      "quarter_label": "2023-06 (Q2)",
      "revenue": 53453000000,
      "gross_profit": 1827000000,
      "operating_income": 137000000,
      "net_income": -64000000,
      "opex": 1690000000,
      "cogs": 51626000000,
      "rd": null,
      "sga": 1267000000,
      "fcf": 646000000,
      "ocf": 863000000,
      "capex": -217000000,
      "gross_margin": 0.03417955961311807,
      "op_margin": 0.002562999270387069,
      "fcf_margin": 0.012085383420949246,
      "incr_op_margin_yoy": 0.01590551181102362,
      "rev_growth_yoy": 0.134810946224232,
      "rev_growth_yoy_accel": 0.00877383319006303,
      "op_leverage_ratio": 0.1493942916330372,
      "fcf_margin_change": -0.012713079549716469
    },
    {
      "date": "2023-09-30T00:00:00",
      "quarter_label": "2023-09 (Q3)",
      "revenue": 54763000000,
      "gross_profit": 1768000000,
      "operating_income": -14000000,
      "net_income": 5000000,
      "opex": 1782000000,
      "cogs": 52995000000,
      "rd": null,
      "sga": 1197000000,
      "fcf": 436000000,
      "ocf": 528000000,
      "capex": -92000000,
      "gross_margin": 0.03228457169987035,
      "op_margin": -0.00025564706097182407,
      "fcf_margin": 0.007961579898836805,
      "incr_op_margin_yoy": -0.02926356589147287,
      "rev_growth_yoy": 0.10402596617140092,
      "rev_growth_yoy_accel": -0.03078498005283109,
      "op_leverage_ratio": 0.45019232661932185,
      "fcf_margin_change": -0.004123803522112441
    },
    {
      "date": "2023-12-31T00:00:00",
      "quarter_label": "2023-12 (Q4)",
      "revenue": 57445000000,
      "gross_profit": 1846000000,
      "operating_income": 482000000,
      "net_income": 353000000,
      "opex": 1364000000,
      "cogs": 55599000000,
      "rd": null,
      "sga": 1283000000,
      "fcf": 1065000000,
      "ocf": 1179000000,
      "capex": -114000000,
      "gross_margin": 0.03213508573418052,
      "op_margin": 0.00839063451997563,
      "fcf_margin": 0.0185394725389503,
      "incr_op_margin_yoy": 0.10056894243641232,
      "rev_growth_yoy": 0.11610872564067691,
      "rev_growth_yoy_accel": 0.012082759469275992,
      "op_leverage_ratio": Infinity,
      "fcf_margin_change": 0.010577892640113494
    },
    {
      "date": "2024-03-31T00:00:00",
      "quarter_label": "2024-03 (Q1)",
      "revenue": 54911000000,
      "gross_profit": 1947000000,
      "operating_income": 367000000,
      "net_income": 258000000,
      "opex": 1580000000,
      "cogs": 52964000000,
      "rd": null,
      "sga": 1282000000,
      "fcf": -139000000,
      "ocf": -27000000,
      "capex": -112000000,
      "gross_margin": 0.03545737648194351,
      "op_margin": 0.0066835424596164705,
      "fcf_margin": -0.0025313689424705434,
      "incr_op_margin_yoy": -0.0463381555153707,
      "rev_growth_yoy": 0.08762651771743221,
      "rev_growth_yoy_accel": -0.0284822079232447,
      "fcf_margin_change": -0.02107084148142084
    },
    {
      "date": "2024-06-30T00:00:00",
      "quarter_label": "2024-06 (Q2)",
      "revenue": 59708000000,
      "gross_profit": 1853000000,
      "operating_income": 408000000,
      "net_income": 236000000,
      "opex": 1445000000,
      "cogs": 57855000000,
      "rd": null,
      "sga": 1238000000,
      "fcf": 1889000000,
      "ocf": 2082000000,
      "capex": -193000000,
      "gross_margin": 0.031034367253969318,
      "op_margin": 0.006833255175185905,
      "fcf_margin": 0.03163730153413278,
      "incr_op_margin_yoy": 0.04332533972821743,
      "rev_growth_yoy": 0.11701868931584757,
      "rev_growth_yoy_accel": 0.029392171598415354,
      "op_leverage_ratio": Infinity,
      "fcf_margin_change": 0.034168670476603324
    },
    {
      "date": "2024-09-30T00:00:00",
      "quarter_label": "2024-09 (Q3)",
      "revenue": 52277000000,
      "gross_profit": 1902000000,
      "operating_income": 568000000,
      "net_income": 416000000,
      "opex": 1334000000,
      "cogs": 50375000000,
      "rd": null,
      "sga": 1277000000,
      "fcf": -1737000000,
      "ocf": -1647000000,
      "capex": -90000000,
      "gross_margin": 0.03638311303249995,
      "op_margin": 0.010865198844616179,
      "fcf_margin": -0.03322684928362377,
      "incr_op_margin_yoy": -0.2341110217216412,
      "rev_growth_yoy": -0.0453956138268539,
      "rev_growth_yoy_accel": -0.16241430314270147,
      "fcf_margin_change": -0.06486415081775655
    },
    {
      "date": "2024-12-31T00:00:00",
      "quarter_label": "2024-12 (Q4)",
      "revenue": 55264000000,
      "gross_profit": 1941000000,
      "operating_income": 549000000,
      "net_income": 400000000,
      "opex": 1392000000,
      "cogs": 53323000000,
      "rd": null,
      "sga": 1306000000,
      "fcf": -499000000,
      "ocf": -400000000,
      "capex": -99000000,
      "gross_margin": 0.035122321945570356,
      "op_margin": 0.00993413433700058,
      "fcf_margin": -0.009029386218876665,
      "incr_op_margin_yoy": -0.0307198532783127,
      "rev_growth_yoy": -0.03796675080511794,
      "rev_growth_yoy_accel": 0.007428863021735961,
      "op_leverage_ratio": 1.3141725806760145,
      "fcf_margin_change": 0.024197463064747106
    },
    {
      "date": "2025-03-31T00:00:00",
      "quarter_label": "2025-03 (Q1)",
      "revenue": 54878000000,
      "gross_profit": 2123000000,
      "operating_income": 730000000,
      "net_income": 506000000,
      "opex": 1393000000,
      "cogs": 52755000000,
      "rd": null,
      "sga": 1315000000,
      "fcf": 2791000000,
      "ocf": 2917000000,
      "capex": -126000000,
      "gross_margin": 0.03868581216516637,
      "op_margin": 0.013302234046430264,
      "fcf_margin": 0.05085826742957105,
      "incr_op_margin_yoy": -11.0,
      "rev_growth_yoy": -0.0006009724827448052,
      "rev_growth_yoy_accel": 0.03736577832237313,
      "fcf_margin_change": 0.05988765364844772
    },
    {
      "date": "2025-06-30T00:00:00",
      "quarter_label": "2025-06 (Q2)",
      "revenue": 60159000000,
      "gross_profit": 2202000000,
      "operating_income": 428000000,
      "net_income": 239000000,
      "opex": 1774000000,
      "cogs": 57957000000,
      "rd": null,
      "sga": 1484000000,
      "fcf": 1295000000,
      "ocf": 1527000000,
      "capex": -232000000,
      "gross_margin": 0.036603002044581855,
      "op_margin": 0.007114479961435529,
      "fcf_margin": 0.021526288668362172,
      "incr_op_margin_yoy": 0.04434589800443459,
      "rev_growth_yoy": 0.007553426676492263,
      "rev_growth_yoy_accel": 0.008154399159237068,
      "op_leverage_ratio": 0.3518390447376519,
      "fcf_margin_change": -0.02933197876120888
    },
    {
      "date": "2025-09-30T00:00:00",
      "quarter_label": "2025-09 (Q3)",
      "revenue": 64009000000,
      "gross_profit": 2319000000,
      "operating_income": 668000000,
      "net_income": 450000000,
      "opex": 1651000000,
      "cogs": 61690000000,
      "rd": null,
      "sga": 1461000000,
      "fcf": 865000000,
      "ocf": 973000000,
      "capex": -108000000,
      "gross_margin": 0.036229280257463796,
      "op_margin": 0.010436032432939118,
      "fcf_margin": 0.01351372463247356,
      "incr_op_margin_yoy": 0.008523695874531197,
      "rev_growth_yoy": 0.22441991698069896,
      "rev_growth_yoy_accel": 0.2168664903042067,
      "op_leverage_ratio": Infinity,
      "fcf_margin_change": -0.008012564035888613
    }
  ],
  "signals": [
    {
      "quarter": "2025-09 (Q3)",
      "signal": "YoY REVENUE GROWTH ACCELERATION",
      "detail": "YoY growth: +22.4% vs prior quarter YoY: +0.8% (accel: +21.7%)",
      "severity": "HIGH"
    },
    {
      "quarter": "2025-03 (Q1)",
      "signal": "FCF TURNED POSITIVE",
      "detail": "FCF margin: -0.9% -> +5.1%",
      "severity": "HIGH"
    },
    {
      "quarter": "2024-09 (Q3)",
      "signal": "YoY REVENUE GROWTH DECELERATION",
      "detail": "YoY growth: -4.5% vs prior quarter YoY: +11.7% (decel: -16.2%)",
      "severity": "WARNING"
    },
    {
      "quarter": "2024-09 (Q3)",
      "signal": "OP MARGIN TURNED POSITIVE (YoY)",
      "detail": "Op margin: -0.0% (year-ago) -> +1.1%",
      "severity": "HIGH"
    },
    {
      "quarter": "2024-06 (Q2)",
      "signal": "FCF TURNED POSITIVE",
      "detail": "FCF margin: -0.3% -> +3.2%",
      "severity": "HIGH"
    },
    {
      "quarter": "2023-12 (Q4)",
      "signal": "OP MARGIN TURNED POSITIVE (YoY)",
      "detail": "Op margin: -0.2% (year-ago) -> +0.8%",
      "severity": "HIGH"
    },
    {
      "quarter": "2023-12 (Q4)",
      "signal": "OP MARGIN TURNED POSITIVE (QoQ)",
      "detail": "Op margin: -0.0% -> +0.8%",
      "severity": "HIGH"
    },
    {
      "quarter": "2023-03 (Q1)",
      "signal": "OP MARGIN TURNED POSITIVE (YoY)",
      "detail": "Op margin: -0.2% (year-ago) -> +1.1%",
      "severity": "HIGH"
    },
    {
      "quarter": "2023-03 (Q1)",
      "signal": "OP MARGIN TURNED POSITIVE (QoQ)",
      "detail": "Op margin: -0.2% -> +1.1%",
      "severity": "HIGH"
    },
    {
      "quarter": "2022-12 (Q4)",
      "signal": "FCF TURNED POSITIVE",
      "detail": "FCF margin: -0.1% -> +1.0%",
      "severity": "HIGH"
    },
    {
      "quarter": "2022-06 (Q2)",
      "signal": "FCF TURNED POSITIVE",
      "detail": "FCF margin: -1.1% -> +6.1%",
      "severity": "HIGH"
    },
    {
      "quarter": "2022-06 (Q2)",
      "signal": "OP MARGIN TURNED POSITIVE (QoQ)",
      "detail": "Op margin: -0.2% -> +0.1%",
      "severity": "HIGH"
    },
    {
      "quarter": "2021-12 (Q4)",
      "signal": "FCF TURNED POSITIVE",
      "detail": "FCF margin: -1.6% -> +2.5%",
      "severity": "HIGH"
    }
  ],
  "data_quality": {
    "n_quarters": 20,
    "coverage": {
      "revenue": [
        20,
        20
      ],
      "gross_profit": [
        20,
        20
      ],
      "op_income": [
        20,
        20
      ],
      "fcf": [
        20,
        20
      ]
    },
    "gaps": [],
    "warnings": []
  },
  "market_cap": null,
  "source": "SEC EDGAR",
  "last_updated": "2026-02-02T19:59:32.286329",
  "sector": "Healthcare",
  "industry": "Medical Distribution"
}