{
  "ticker": "CAKE",
  "name": "THE CHEESECAKE FACTORY INCORPORATED",
  "quarters": [
    {
      "date": "2020-12-29T00:00:00",
      "quarter_label": "2020-12 (Q4)",
      "revenue": 554552000,
      "gross_profit": 427357000,
      "operating_income": -38811000,
      "net_income": -32317000,
      "opex": 593363000,
      "cogs": 127195000,
      "rd": null,
      "sga": null,
      "fcf": 23585000,
      "ocf": 35644000,
      "capex": -12059000,
      "gross_margin": 0.7706346744759734,
      "op_margin": -0.0699862231134321,
      "fcf_margin": 0.04252982587746505
    },
    {
      "date": "2021-03-30T00:00:00",
      "quarter_label": "2021-03 (Q1)",
      "revenue": 627417000,
      "gross_profit": 491542000,
      "operating_income": 8844000,
      "net_income": 3868000,
      "opex": 618573000,
      "cogs": 135875000,
      "rd": null,
      "sga": null,
      "fcf": 14415000,
      "ocf": 21642000,
      "capex": -7227000,
      "gross_margin": 0.7834374905365968,
      "op_margin": 0.014095888380455104,
      "fcf_margin": 0.022975150497994156,
      "op_leverage_ratio": 3.092603972517264,
      "fcf_margin_change": -0.019554675379470896
    },
    {
      "date": "2021-06-29T00:00:00",
      "quarter_label": "2021-06 (Q2)",
      "revenue": 768956000,
      "gross_profit": 600012000,
      "operating_income": 41118000,
      "net_income": 33715000,
      "opex": 727838000,
      "cogs": 168944000,
      "rd": null,
      "sga": null,
      "fcf": 85121000,
      "ocf": 108796000,
      "capex": -23675000,
      "gross_margin": 0.7802943211315082,
      "op_margin": 0.05347250037713471,
      "fcf_margin": 0.11069684091157361,
      "op_leverage_ratio": 1.2771141907703178,
      "fcf_margin_change": 0.08772169041357945
    },
    {
      "date": "2021-09-28T00:00:00",
      "quarter_label": "2021-09 (Q3)",
      "revenue": 754474000,
      "gross_profit": 585056000,
      "operating_income": 31377000,
      "net_income": 32680000,
      "opex": 723097000,
      "cogs": 169418000,
      "rd": null,
      "sga": null,
      "fcf": -29534000,
      "ocf": -11278000,
      "capex": -18256000,
      "gross_margin": 0.7754488557591116,
      "op_margin": 0.04158791422898602,
      "fcf_margin": -0.03914515278193814,
      "fcf_margin_change": -0.14984199369351175
    },
    {
      "date": "2021-12-28T00:00:00",
      "quarter_label": "2021-12 (Q4)",
      "revenue": 776693000,
      "gross_profit": 597797000,
      "operating_income": 979000,
      "net_income": 2110000,
      "opex": 775714000,
      "cogs": 178896000,
      "rd": null,
      "sga": null,
      "fcf": 76061000,
      "ocf": 93846000,
      "capex": -17785000,
      "gross_margin": 0.7696696120603637,
      "op_margin": 0.0012604722844161077,
      "fcf_margin": 0.09792929767617321,
      "incr_op_margin_yoy": 0.17912046853124816,
      "rev_growth_yoy": 0.4005774030208168,
      "op_leverage_ratio": 0.4047163109593127,
      "fcf_margin_change": 0.13707445045811134
    },
    {
      "date": "2022-03-29T00:00:00",
      "quarter_label": "2022-03 (Q1)",
      "revenue": 793710000,
      "gross_profit": 605209000,
      "operating_income": 28321000,
      "net_income": 23163000,
      "opex": 765389000,
      "cogs": 188501000,
      "rd": null,
      "sga": null,
      "fcf": 4419000,
      "ocf": 33512000,
      "capex": -29093000,
      "gross_margin": 0.7625064570183064,
      "op_margin": 0.03568179813785891,
      "fcf_margin": 0.005567524662660165,
      "incr_op_margin_yoy": 0.11712459333826439,
      "rev_growth_yoy": 0.26504382252951386,
      "rev_growth_yoy_accel": -0.13553358049130293,
      "op_leverage_ratio": Infinity,
      "fcf_margin_change": -0.09236177301351305
    },
    {
      "date": "2022-06-28T00:00:00",
      "quarter_label": "2022-06 (Q2)",
      "revenue": 832643000,
      "gross_profit": 628461000,
      "operating_income": 27942000,
      "net_income": 25656000,
      "opex": 804701000,
      "cogs": 204182000,
      "rd": null,
      "sga": null,
      "fcf": 36716000,
      "ocf": 54005000,
      "capex": -17289000,
      "gross_margin": 0.7547784584750007,
      "op_margin": 0.03355819961255904,
      "fcf_margin": 0.04409572890182227,
      "incr_op_margin_yoy": -0.20688680578454002,
      "rev_growth_yoy": 0.08282268426281868,
      "rev_growth_yoy_accel": -0.18222113826669517,
      "op_leverage_ratio": 0.9550213815908307,
      "fcf_margin_change": 0.0385282042391621
    },
    {
      "date": "2022-09-27T00:00:00",
      "quarter_label": "2022-09 (Q3)",
      "revenue": 784001000,
      "gross_profit": 586227000,
      "operating_income": -2205000,
      "net_income": -2398000,
      "opex": 786206000,
      "cogs": 197774000,
      "rd": null,
      "sga": null,
      "fcf": -20291000,
      "ocf": 11380000,
      "capex": -31671000,
      "gross_margin": 0.747737566661267,
      "op_margin": -0.0028124964126321267,
      "fcf_margin": -0.025881344539101354,
      "incr_op_margin_yoy": -1.1373319334846073,
      "rev_growth_yoy": 0.03913587479489022,
      "rev_growth_yoy_accel": -0.04368680946792846,
      "fcf_margin_change": -0.06997707344092363
    },
    {
      "date": "2023-01-03T00:00:00",
      "quarter_label": "2023-01 (Q1)",
      "revenue": 892802000,
      "gross_profit": null,
      "operating_income": -15123000,
      "net_income": -3298000,
      "opex": 907925000,
      "cogs": null,
      "rd": null,
      "sga": null,
      "fcf": 28618000,
      "ocf": 63029000,
      "capex": -34411000,
      "gross_margin": null,
      "op_margin": -0.016938806140667246,
      "fcf_margin": 0.032054139663665625,
      "incr_op_margin_yoy": -0.13868003341687551,
      "rev_growth_yoy": 0.14949149792775265,
      "rev_growth_yoy_accel": 0.11035562313286243,
      "op_leverage_ratio": 0.8963843148743481,
      "fcf_margin_change": 0.05793548420276698
    },
    {
      "date": "2023-04-04T00:00:00",
      "quarter_label": "2023-04 (Q2)",
      "revenue": 866114000,
      "gross_profit": null,
      "operating_income": 33926000,
      "net_income": 28050000,
      "opex": 832188000,
      "cogs": null,
      "rd": null,
      "sga": null,
      "fcf": 27073000,
      "ocf": 65035000,
      "capex": -37962000,
      "gross_margin": null,
      "op_margin": 0.03917036325472167,
      "fcf_margin": 0.031258009915553844,
      "incr_op_margin_yoy": 0.07741285011877796,
      "rev_growth_yoy": 0.09122223482128233,
      "rev_growth_yoy_accel": -0.05826926310647032,
      "fcf_margin_change": -0.0007961297481117804
    },
    {
      "date": "2023-07-04T00:00:00",
      "quarter_label": "2023-07 (Q3)",
      "revenue": 866170000,
      "gross_profit": null,
      "operating_income": 47471000,
      "net_income": 42675000,
      "opex": 818699000,
      "cogs": null,
      "rd": null,
      "sga": null,
      "fcf": 11783000,
      "ocf": 36481000,
      "capex": -24698000,
      "gross_margin": null,
      "op_margin": 0.05480563861597608,
      "fcf_margin": 0.013603565120011082,
      "incr_op_margin_yoy": 0.5824857577474871,
      "rev_growth_yoy": 0.040265756152396644,
      "rev_growth_yoy_accel": -0.05095647866888569,
      "fcf_margin_change": -0.017654444795542762
    },
    {
      "date": "2023-10-03T00:00:00",
      "quarter_label": "2023-10 (Q4)",
      "revenue": 830210000,
      "gross_profit": null,
      "operating_income": 19030000,
      "net_income": 17945000,
      "opex": 811180000,
      "cogs": null,
      "rd": null,
      "sga": null,
      "fcf": 11767000,
      "ocf": 49030000,
      "capex": -37263000,
      "gross_margin": null,
      "op_margin": 0.022921911323641006,
      "fcf_margin": 0.01417352236181207,
      "incr_op_margin_yoy": 0.4595425133631976,
      "rev_growth_yoy": 0.058939975841867547,
      "rev_growth_yoy_accel": 0.018674219689470903,
      "fcf_margin_change": 0.0005699572418009884
    },
    {
      "date": "2024-01-02T00:00:00",
      "quarter_label": "2024-01 (Q1)",
      "revenue": 877009000,
      "gross_profit": null,
      "operating_income": 8139000,
      "net_income": 12681000,
      "opex": 868870000,
      "cogs": null,
      "rd": null,
      "sga": null,
      "fcf": 16213000,
      "ocf": 67855000,
      "capex": -51642000,
      "gross_margin": null,
      "op_margin": 0.009280406472453533,
      "fcf_margin": 0.01848669739991266,
      "incr_op_margin_yoy": -1.4729310453998607,
      "rev_growth_yoy": -0.017689252488233675,
      "rev_growth_yoy_accel": -0.07662922833010122,
      "op_leverage_ratio": 0.7926205143346321,
      "fcf_margin_change": 0.004313175038100588
    },
    {
      "date": "2024-04-02T00:00:00",
      "quarter_label": "2024-04 (Q2)",
      "revenue": 891223000,
      "gross_profit": null,
      "operating_income": 39293000,
      "net_income": 33191000,
      "opex": 851930000,
      "cogs": null,
      "rd": null,
      "sga": null,
      "fcf": 29638000,
      "ocf": 66748000,
      "capex": -37110000,
      "gross_margin": null,
      "op_margin": 0.04408885318264901,
      "fcf_margin": 0.03325542540980204,
      "incr_op_margin_yoy": 0.2137480584650922,
      "rev_growth_yoy": 0.02899041003840141,
      "rev_growth_yoy_accel": 0.046679662526635086,
      "op_leverage_ratio": Infinity,
      "fcf_margin_change": 0.01476872800988938
    },
    {
      "date": "2024-07-02T00:00:00",
      "quarter_label": "2024-07 (Q3)",
      "revenue": 904042000,
      "gross_profit": null,
      "operating_income": 58692000,
      "net_income": 52444000,
      "opex": 845350000,
      "cogs": null,
      "rd": null,
      "sga": null,
      "fcf": -1490000,
      "ocf": 27697000,
      "capex": -29187000,
      "gross_margin": null,
      "op_margin": 0.06492176248448633,
      "fcf_margin": -0.00164815351499156,
      "incr_op_margin_yoy": 0.29628749471905363,
      "rev_growth_yoy": 0.04372351847789695,
      "rev_growth_yoy_accel": 0.014733108439495535,
      "op_leverage_ratio": Infinity,
      "fcf_margin_change": -0.0349035789247936
    },
    {
      "date": "2024-10-01T00:00:00",
      "quarter_label": "2024-10 (Q4)",
      "revenue": 865471000,
      "gross_profit": null,
      "operating_income": 33700000,
      "net_income": 29994000,
      "opex": 831771000,
      "cogs": null,
      "rd": null,
      "sga": null,
      "fcf": 25664000,
      "ocf": 79879000,
      "capex": -54215000,
      "gross_margin": null,
      "op_margin": 0.03893833531106184,
      "fcf_margin": 0.029653217727688162,
      "incr_op_margin_yoy": 0.41604038456084624,
      "rev_growth_yoy": 0.04247238650461931,
      "rev_growth_yoy_accel": -0.0012511319732776346,
      "fcf_margin_change": 0.031301371242679725
    },
    {
      "date": "2024-12-31T00:00:00",
      "quarter_label": "2024-12 (Q4)",
      "revenue": 920963000,
      "gross_profit": null,
      "operating_income": 46632000,
      "net_income": 41154000,
      "opex": 874331000,
      "cogs": null,
      "rd": null,
      "sga": null,
      "fcf": 54149000,
      "ocf": 94001000,
      "capex": -39852000,
      "gross_margin": null,
      "op_margin": 0.05063395597868753,
      "fcf_margin": 0.058796064554167755,
      "incr_op_margin_yoy": 0.8757564726759794,
      "rev_growth_yoy": 0.05011807176437186,
      "rev_growth_yoy_accel": 0.007645685259752545,
      "op_leverage_ratio": 1.2530835032170713,
      "fcf_margin_change": 0.029142846826479593
    },
    {
      "date": "2025-04-01T00:00:00",
      "quarter_label": "2025-04 (Q2)",
      "revenue": 927197000,
      "gross_profit": null,
      "operating_income": 51959000,
      "net_income": 32941000,
      "opex": 875238000,
      "cogs": null,
      "rd": null,
      "sga": null,
      "fcf": 36103000,
      "ocf": 78919000,
      "capex": -42816000,
      "gross_margin": null,
      "op_margin": 0.0560387921876365,
      "fcf_margin": 0.03893778776247119,
      "incr_op_margin_yoy": 0.3520876188358259,
      "rev_growth_yoy": 0.04036475719320529,
      "rev_growth_yoy_accel": -0.009753314571166564,
      "fcf_margin_change": -0.019858276791696564
    },
    {
      "date": "2025-07-01T00:00:00",
      "quarter_label": "2025-07 (Q3)",
      "revenue": 955825000,
      "gross_profit": null,
      "operating_income": 64822000,
      "net_income": 54812000,
      "opex": 891003000,
      "cogs": null,
      "rd": null,
      "sga": null,
      "fcf": 15295000,
      "ocf": 56844000,
      "capex": -41549000,
      "gross_margin": null,
      "op_margin": 0.06781785368660581,
      "fcf_margin": 0.01600188318991447,
      "incr_op_margin_yoy": 0.11837861846551957,
      "rev_growth_yoy": 0.057279418434099304,
      "rev_growth_yoy_accel": 0.01691466124089401,
      "op_leverage_ratio": 1.7141593058834343,
      "fcf_margin_change": -0.02293590457255672
    },
    {
      "date": "2025-09-30T00:00:00",
      "quarter_label": "2025-09 (Q3)",
      "revenue": 907226000,
      "gross_profit": null,
      "operating_income": 37269000,
      "net_income": 31899000,
      "opex": 869957000,
      "cogs": null,
      "rd": null,
      "sga": null,
      "fcf": 53928000,
      "ocf": 90611000,
      "capex": -36683000,
      "gross_margin": null,
      "op_margin": 0.04108017186456296,
      "fcf_margin": 0.05944274083855621,
      "incr_op_margin_yoy": 0.08547479343791163,
      "rev_growth_yoy": 0.04824540625855748,
      "rev_growth_yoy_accel": -0.009034012175541825,
      "fcf_margin_change": 0.04344085764864174
    }
  ],
  "signals": [
    {
      "quarter": "2025-07 (Q3)",
      "signal": "OPERATING LEVERAGE",
      "detail": "Rev growth +3.1% vs OpEx growth +1.8% (leverage: 1.7x)",
      "severity": "MEDIUM"
    },
    {
      "quarter": "2025-04 (Q2)",
      "signal": "INCREMENTAL MARGIN (YoY)",
      "detail": "YoY Incr OPM: +35.2% vs year-ago OPM: +4.4%",
      "severity": "HIGH"
    },
    {
      "quarter": "2024-12 (Q4)",
      "signal": "INCREMENTAL MARGIN (YoY)",
      "detail": "YoY Incr OPM: +87.6% vs year-ago OPM: +0.9%",
      "severity": "HIGH"
    },
    {
      "quarter": "2024-10 (Q4)",
      "signal": "FCF TURNED POSITIVE",
      "detail": "FCF margin: -0.2% -> +3.0%",
      "severity": "HIGH"
    },
    {
      "quarter": "2024-10 (Q4)",
      "signal": "INCREMENTAL MARGIN (YoY)",
      "detail": "YoY Incr OPM: +41.6% vs year-ago OPM: +2.3%",
      "severity": "HIGH"
    },
    {
      "quarter": "2024-07 (Q3)",
      "signal": "INCREMENTAL MARGIN (YoY)",
      "detail": "YoY Incr OPM: +29.6% vs year-ago OPM: +5.5%",
      "severity": "HIGH"
    },
    {
      "quarter": "2024-04 (Q2)",
      "signal": "INCREMENTAL MARGIN (YoY)",
      "detail": "YoY Incr OPM: +21.4% vs year-ago OPM: +3.9%",
      "severity": "MEDIUM"
    },
    {
      "quarter": "2024-01 (Q1)",
      "signal": "YoY REVENUE GROWTH DECELERATION",
      "detail": "YoY growth: -1.8% vs prior quarter YoY: +5.9% (decel: -7.7%)",
      "severity": "WARNING"
    },
    {
      "quarter": "2024-01 (Q1)",
      "signal": "OP MARGIN TURNED POSITIVE (YoY)",
      "detail": "Op margin: -1.7% (year-ago) -> +0.9%",
      "severity": "HIGH"
    },
    {
      "quarter": "2023-10 (Q4)",
      "signal": "OP MARGIN TURNED POSITIVE (YoY)",
      "detail": "Op margin: -0.3% (year-ago) -> +2.3%",
      "severity": "HIGH"
    },
    {
      "quarter": "2023-07 (Q3)",
      "signal": "YoY REVENUE GROWTH DECELERATION",
      "detail": "YoY growth: +4.0% vs prior quarter YoY: +9.1% (decel: -5.1%)",
      "severity": "WARNING"
    },
    {
      "quarter": "2023-07 (Q3)",
      "signal": "INCREMENTAL MARGIN (YoY)",
      "detail": "YoY Incr OPM: +58.2% vs year-ago OPM: +3.4%",
      "severity": "HIGH"
    },
    {
      "quarter": "2023-04 (Q2)",
      "signal": "YoY REVENUE GROWTH DECELERATION",
      "detail": "YoY growth: +9.1% vs prior quarter YoY: +14.9% (decel: -5.8%)",
      "severity": "WARNING"
    },
    {
      "quarter": "2023-04 (Q2)",
      "signal": "OP MARGIN TURNED POSITIVE (QoQ)",
      "detail": "Op margin: -1.7% -> +3.9%",
      "severity": "HIGH"
    },
    {
      "quarter": "2023-01 (Q1)",
      "signal": "FCF TURNED POSITIVE",
      "detail": "FCF margin: -2.6% -> +3.2%",
      "severity": "HIGH"
    },
    {
      "quarter": "2023-01 (Q1)",
      "signal": "YoY REVENUE GROWTH ACCELERATION",
      "detail": "YoY growth: +14.9% vs prior quarter YoY: +3.9% (accel: +11.0%)",
      "severity": "MEDIUM"
    },
    {
      "quarter": "2022-06 (Q2)",
      "signal": "YoY REVENUE GROWTH DECELERATION",
      "detail": "YoY growth: +8.3% vs prior quarter YoY: +26.5% (decel: -18.2%)",
      "severity": "WARNING"
    },
    {
      "quarter": "2022-03 (Q1)",
      "signal": "YoY REVENUE GROWTH DECELERATION",
      "detail": "YoY growth: +26.5% vs prior quarter YoY: +40.1% (decel: -13.6%)",
      "severity": "WARNING"
    },
    {
      "quarter": "2022-03 (Q1)",
      "signal": "INCREMENTAL MARGIN (YoY)",
      "detail": "YoY Incr OPM: +11.7% vs year-ago OPM: +1.4%",
      "severity": "MEDIUM"
    },
    {
      "quarter": "2021-12 (Q4)",
      "signal": "FCF TURNED POSITIVE",
      "detail": "FCF margin: -3.9% -> +9.8%",
      "severity": "HIGH"
    },
    {
      "quarter": "2021-12 (Q4)",
      "signal": "OP MARGIN TURNED POSITIVE (YoY)",
      "detail": "Op margin: -7.0% (year-ago) -> +0.1%",
      "severity": "HIGH"
    },
    {
      "quarter": "2021-06 (Q2)",
      "signal": "FCF MARGIN EXPANSION",
      "detail": "FCF margin: +2.3% -> +11.1% (+8.8%)",
      "severity": "MEDIUM"
    },
    {
      "quarter": "2021-03 (Q1)",
      "signal": "OPERATING LEVERAGE",
      "detail": "Rev growth +13.1% vs OpEx growth +4.2% (leverage: 3.1x)",
      "severity": "MEDIUM"
    },
    {
      "quarter": "2021-03 (Q1)",
      "signal": "OP MARGIN TURNED POSITIVE (QoQ)",
      "detail": "Op margin: -7.0% -> +1.4%",
      "severity": "HIGH"
    }
  ],
  "data_quality": {
    "n_quarters": 20,
    "coverage": {
      "revenue": [
        20,
        20
      ],
      "gross_profit": [
        8,
        20
      ],
      "op_income": [
        20,
        20
      ],
      "fcf": [
        20,
        20
      ]
    },
    "gaps": [],
    "warnings": [
      "gross_profit: 8/20Q"
    ]
  },
  "market_cap": null,
  "source": "SEC EDGAR",
  "last_updated": "2026-02-02T21:24:19.865764",
  "sector": "Consumer Cyclical",
  "industry": "Restaurants"
}