{
  "ticker": "CALY",
  "name": "CALLAWAY GOLF COMPANY",
  "quarters": [
    {
      "date": "2020-12-31T00:00:00",
      "quarter_label": "2020-12 (Q4)",
      "revenue": 374629000,
      "gross_profit": 139123000,
      "operating_income": -32255000,
      "net_income": -40576000,
      "opex": 171378000,
      "cogs": 235506000,
      "rd": 12901000,
      "sga": 158477000,
      "fcf": 97360000,
      "ocf": 105649000,
      "capex": -8289000,
      "gross_margin": 0.3713620675388184,
      "op_margin": -0.08609851346265239,
      "fcf_margin": 0.2598837783513823
    },
    {
      "date": "2021-03-31T00:00:00",
      "quarter_label": "2021-03 (Q1)",
      "revenue": 651621000,
      "gross_profit": null,
      "operating_income": 76099000,
      "net_income": 272461000,
      "opex": null,
      "cogs": null,
      "rd": 12745000,
      "sga": 173880000,
      "fcf": -107400000,
      "ocf": -78600000,
      "capex": -28800000,
      "gross_margin": null,
      "op_margin": 0.11678414292970914,
      "fcf_margin": -0.16481973417062987,
      "fcf_margin_change": -0.4247035125220122
    },
    {
      "date": "2021-06-30T00:00:00",
      "quarter_label": "2021-06 (Q2)",
      "revenue": 913641000,
      "gross_profit": null,
      "operating_income": 107269000,
      "net_income": 91744000,
      "opex": null,
      "cogs": null,
      "rd": 20271000,
      "sga": 221124000,
      "fcf": 87100000,
      "ocf": 179100000,
      "capex": -92000000,
      "gross_margin": null,
      "op_margin": 0.117408259918283,
      "fcf_margin": 0.0953328495546938,
      "fcf_margin_change": 0.2601525837253237
    },
    {
      "date": "2021-09-30T00:00:00",
      "quarter_label": "2021-09 (Q3)",
      "revenue": 856461000,
      "gross_profit": null,
      "operating_income": 76010000,
      "net_income": -15991000,
      "opex": null,
      "cogs": null,
      "rd": 15753000,
      "sga": 217736000,
      "fcf": 68200000,
      "ocf": 146300000,
      "capex": -78100000,
      "gross_margin": null,
      "op_margin": 0.08874893310962204,
      "fcf_margin": 0.07963001234148431,
      "fcf_margin_change": -0.01570283721320949
    },
    {
      "date": "2021-12-31T00:00:00",
      "quarter_label": "2021-12 (Q4)",
      "revenue": 711724000,
      "gross_profit": null,
      "operating_income": -54663000,
      "net_income": -26226000,
      "opex": null,
      "cogs": null,
      "rd": 19231000,
      "sga": 236931000,
      "fcf": -91900000,
      "ocf": 31500000,
      "capex": -123400000,
      "gross_margin": null,
      "op_margin": -0.07680364860535825,
      "fcf_margin": -0.12912308703935796,
      "incr_op_margin_yoy": -0.06647384268529644,
      "rev_growth_yoy": 0.8998102122366395,
      "fcf_margin_change": -0.20875309938084227
    },
    {
      "date": "2022-03-31T00:00:00",
      "quarter_label": "2022-03 (Q1)",
      "revenue": 1040200000,
      "gross_profit": null,
      "operating_income": 94300000,
      "net_income": 86700000,
      "opex": null,
      "cogs": null,
      "rd": 17500000,
      "sga": 243100000,
      "fcf": -309600000,
      "ocf": -185300000,
      "capex": -124300000,
      "gross_margin": null,
      "op_margin": 0.09065564314554893,
      "fcf_margin": -0.29763507017881174,
      "incr_op_margin_yoy": 0.04683989613437679,
      "rev_growth_yoy": 0.5963266991088378,
      "rev_growth_yoy_accel": -0.30348351312780164,
      "fcf_margin_change": -0.16851198313945379
    },
    {
      "date": "2022-06-30T00:00:00",
      "quarter_label": "2022-06 (Q2)",
      "revenue": 1115700000,
      "gross_profit": null,
      "operating_income": 129000000,
      "net_income": 105400000,
      "opex": null,
      "cogs": null,
      "rd": 18700000,
      "sga": 252600000,
      "fcf": 18500000,
      "ocf": 137200000,
      "capex": -118700000,
      "gross_margin": null,
      "op_margin": 0.1156224791610648,
      "fcf_margin": 0.01658151832929999,
      "incr_op_margin_yoy": 0.10754779544588462,
      "rev_growth_yoy": 0.22115798218337399,
      "rev_growth_yoy_accel": -0.37516871692546383,
      "fcf_margin_change": 0.31421658850811174
    },
    {
      "date": "2022-09-30T00:00:00",
      "quarter_label": "2022-09 (Q3)",
      "revenue": 988500000,
      "gross_profit": null,
      "operating_income": 68200000,
      "net_income": 38500000,
      "opex": null,
      "cogs": null,
      "rd": 19200000,
      "sga": 224700000,
      "fcf": -27700000,
      "ocf": 82700000,
      "capex": -110400000,
      "gross_margin": null,
      "op_margin": 0.0689934243803743,
      "fcf_margin": -0.028022255943348506,
      "incr_op_margin_yoy": -0.05914919076939389,
      "rev_growth_yoy": 0.15416814075597138,
      "rev_growth_yoy_accel": -0.06698984142740261,
      "fcf_margin_change": -0.0446037742726485
    },
    {
      "date": "2022-12-31T00:00:00",
      "quarter_label": "2022-12 (Q4)",
      "revenue": 851300000,
      "gross_profit": null,
      "operating_income": -34700000,
      "net_income": -72700000,
      "opex": null,
      "cogs": null,
      "rd": 21000000,
      "sga": 250200000,
      "fcf": -248600000,
      "ocf": -69700000,
      "capex": -178900000,
      "gross_margin": null,
      "op_margin": -0.040761188770116294,
      "fcf_margin": -0.29202396335017033,
      "incr_op_margin_yoy": 0.14302602166561587,
      "rev_growth_yoy": 0.19610972792824186,
      "rev_growth_yoy_accel": 0.04194158717227048,
      "fcf_margin_change": -0.26400170740682183
    },
    {
      "date": "2023-03-31T00:00:00",
      "quarter_label": "2023-03 (Q1)",
      "revenue": 1167400000,
      "gross_profit": null,
      "operating_income": 80500000,
      "net_income": 25000000,
      "opex": null,
      "cogs": null,
      "rd": 22800000,
      "sga": 268500000,
      "fcf": -273500000,
      "ocf": -152100000,
      "capex": -121400000,
      "gross_margin": null,
      "op_margin": 0.06895665581634401,
      "fcf_margin": -0.23428130889155388,
      "incr_op_margin_yoy": -0.10849056603773585,
      "rev_growth_yoy": 0.12228417611997693,
      "rev_growth_yoy_accel": -0.07382555180826493,
      "fcf_margin_change": 0.057742654458616455
    },
    {
      "date": "2023-06-30T00:00:00",
      "quarter_label": "2023-06 (Q2)",
      "revenue": 1179700000,
      "gross_profit": null,
      "operating_income": 116000000,
      "net_income": 117400000,
      "opex": null,
      "cogs": null,
      "rd": 22000000,
      "sga": 279600000,
      "fcf": -10900000,
      "ocf": 130300000,
      "capex": -141200000,
      "gross_margin": null,
      "op_margin": 0.09833008391964058,
      "fcf_margin": -0.009239637195897262,
      "incr_op_margin_yoy": -0.203125,
      "rev_growth_yoy": 0.05736309043649727,
      "rev_growth_yoy_accel": -0.06492108568347965,
      "fcf_margin_change": 0.22504167169565661
    },
    {
      "date": "2023-09-30T00:00:00",
      "quarter_label": "2023-09 (Q3)",
      "revenue": 1040600000,
      "gross_profit": null,
      "operating_income": 73800000,
      "net_income": 29700000,
      "opex": null,
      "cogs": null,
      "rd": 22600000,
      "sga": 242500000,
      "fcf": 123400000,
      "ocf": 249500000,
      "capex": -126100000,
      "gross_margin": null,
      "op_margin": 0.07092062271766289,
      "fcf_margin": 0.11858543148183741,
      "incr_op_margin_yoy": 0.10748560460652591,
      "rev_growth_yoy": 0.05270612038442084,
      "rev_growth_yoy_accel": -0.00465697005207643,
      "fcf_margin_change": 0.12782506867773466
    },
    {
      "date": "2023-12-31T00:00:00",
      "quarter_label": "2023-12 (Q4)",
      "revenue": 897100000,
      "gross_profit": null,
      "operating_income": -32600000,
      "net_income": -77100000,
      "opex": null,
      "cogs": null,
      "rd": 34200000,
      "sga": 246000000,
      "fcf": 43700000,
      "ocf": 137000000,
      "capex": -93300000,
      "gross_margin": null,
      "op_margin": -0.03633931557239996,
      "fcf_margin": 0.04871251811392264,
      "incr_op_margin_yoy": 0.04585152838427948,
      "rev_growth_yoy": 0.05380007048044168,
      "rev_growth_yoy_accel": 0.0010939500960208404,
      "fcf_margin_change": -0.06987291336791476
    },
    {
      "date": "2024-03-31T00:00:00",
      "quarter_label": "2024-03 (Q1)",
      "revenue": 1144200000,
      "gross_profit": null,
      "operating_income": 66900000,
      "net_income": 6500000,
      "opex": null,
      "cogs": null,
      "rd": 23200000,
      "sga": 273000000,
      "fcf": -138700000,
      "ocf": -73300000,
      "capex": -65400000,
      "gross_margin": null,
      "op_margin": 0.058468799160985845,
      "fcf_margin": -0.12122006642195421,
      "incr_op_margin_yoy": 0.5862068965517241,
      "rev_growth_yoy": -0.019873222545828337,
      "rev_growth_yoy_accel": -0.07367329302627001,
      "fcf_margin_change": -0.16993258453587684
    },
    {
      "date": "2024-06-30T00:00:00",
      "quarter_label": "2024-06 (Q2)",
      "revenue": 1157800000,
      "gross_profit": null,
      "operating_income": 103000000,
      "net_income": 62100000,
      "opex": null,
      "cogs": null,
      "rd": 27000000,
      "sga": 259500000,
      "fcf": 140800000,
      "ocf": 224700000,
      "capex": -83900000,
      "gross_margin": null,
      "op_margin": 0.08896182414924858,
      "fcf_margin": 0.12160994990499223,
      "incr_op_margin_yoy": 0.593607305936073,
      "rev_growth_yoy": -0.018564041705518352,
      "rev_growth_yoy_accel": 0.0013091808403099849,
      "fcf_margin_change": 0.24283001632694645
    },
    {
      "date": "2024-09-30T00:00:00",
      "quarter_label": "2024-09 (Q3)",
      "revenue": 1012900000,
      "gross_profit": null,
      "operating_income": 33700000,
      "net_income": -3600000,
      "opex": null,
      "cogs": null,
      "rd": 22000000,
      "sga": 250600000,
      "fcf": 109500000,
      "ocf": 187300000,
      "capex": -77800000,
      "gross_margin": null,
      "op_margin": 0.03327080659492546,
      "fcf_margin": 0.10810543982624149,
      "incr_op_margin_yoy": 1.447653429602888,
      "rev_growth_yoy": -0.026619258120315202,
      "rev_growth_yoy_accel": -0.00805521641479685,
      "fcf_margin_change": -0.01350451007875074
    },
    {
      "date": "2024-12-31T00:00:00",
      "quarter_label": "2024-12 (Q4)",
      "revenue": 924400000,
      "gross_profit": null,
      "operating_income": -1460800000,
      "net_income": -1512700000,
      "opex": null,
      "cogs": null,
      "rd": 19900000,
      "sga": 262600000,
      "fcf": -25000000,
      "ocf": 43300000,
      "capex": -68300000,
      "gross_margin": null,
      "op_margin": -1.5802682821289484,
      "fcf_margin": -0.02704456945045435,
      "incr_op_margin_yoy": -52.315018315018314,
      "rev_growth_yoy": 0.03043139003455579,
      "rev_growth_yoy_accel": 0.05705064815487099,
      "fcf_margin_change": -0.13515000927669585
    },
    {
      "date": "2025-03-31T00:00:00",
      "quarter_label": "2025-03 (Q1)",
      "revenue": 1092300000,
      "gross_profit": null,
      "operating_income": 66500000,
      "net_income": 2100000,
      "opex": null,
      "cogs": null,
      "rd": 21300000,
      "sga": 257900000,
      "fcf": -155100000,
      "ocf": -85200000,
      "capex": -69900000,
      "gross_margin": null,
      "op_margin": 0.060880710427538225,
      "fcf_margin": -0.1419939577039275,
      "incr_op_margin_yoy": 0.007707129094412331,
      "rev_growth_yoy": -0.045359202936549554,
      "rev_growth_yoy_accel": -0.07579059297110535,
      "fcf_margin_change": -0.11494938825347316
    },
    {
      "date": "2025-06-30T00:00:00",
      "quarter_label": "2025-06 (Q2)",
      "revenue": 1110500000,
      "gross_profit": null,
      "operating_income": 105800000,
      "net_income": 20300000,
      "opex": null,
      "cogs": null,
      "rd": 19800000,
      "sga": 241800000,
      "fcf": 52500000,
      "ocf": 126900000,
      "capex": -74400000,
      "gross_margin": null,
      "op_margin": 0.09527239981990095,
      "fcf_margin": 0.04727600180099054,
      "incr_op_margin_yoy": -0.05919661733615222,
      "rev_growth_yoy": -0.04085334254620833,
      "rev_growth_yoy_accel": 0.004505860390341225,
      "fcf_margin_change": 0.18926995950491804
    },
    {
      "date": "2025-09-30T00:00:00",
      "quarter_label": "2025-09 (Q3)",
      "revenue": 934000000,
      "gross_profit": null,
      "operating_income": 28300000,
      "net_income": -14700000,
      "opex": null,
      "cogs": null,
      "rd": 20100000,
      "sga": 210600000,
      "fcf": 162100000,
      "ocf": 228400000,
      "capex": -66300000,
      "gross_margin": null,
      "op_margin": 0.030299785867237687,
      "fcf_margin": 0.17355460385438973,
      "incr_op_margin_yoy": 0.06844106463878327,
      "rev_growth_yoy": -0.07789515253233291,
      "rev_growth_yoy_accel": -0.03704180998612458,
      "fcf_margin_change": 0.1262786020533992
    }
  ],
  "signals": [
    {
      "quarter": "2025-09 (Q3)",
      "signal": "FCF MARGIN EXPANSION",
      "detail": "FCF margin: +4.7% -> +17.4% (+12.6%)",
      "severity": "MEDIUM"
    },
    {
      "quarter": "2025-06 (Q2)",
      "signal": "FCF TURNED POSITIVE",
      "detail": "FCF margin: -14.2% -> +4.7%",
      "severity": "HIGH"
    },
    {
      "quarter": "2025-03 (Q1)",
      "signal": "YoY REVENUE GROWTH DECELERATION",
      "detail": "YoY growth: -4.5% vs prior quarter YoY: +3.0% (decel: -7.6%)",
      "severity": "WARNING"
    },
    {
      "quarter": "2025-03 (Q1)",
      "signal": "OP MARGIN TURNED POSITIVE (QoQ)",
      "detail": "Op margin: -158.0% -> +6.1%",
      "severity": "HIGH"
    },
    {
      "quarter": "2024-12 (Q4)",
      "signal": "YoY REVENUE GROWTH ACCELERATION",
      "detail": "YoY growth: +3.0% vs prior quarter YoY: -2.7% (accel: +5.7%)",
      "severity": "MEDIUM"
    },
    {
      "quarter": "2024-09 (Q3)",
      "signal": "INCREMENTAL MARGIN (YoY)",
      "detail": "YoY Incr OPM: +144.8% vs year-ago OPM: +7.1%",
      "severity": "HIGH"
    },
    {
      "quarter": "2024-06 (Q2)",
      "signal": "FCF TURNED POSITIVE",
      "detail": "FCF margin: -12.1% -> +12.2%",
      "severity": "HIGH"
    },
    {
      "quarter": "2024-06 (Q2)",
      "signal": "INCREMENTAL MARGIN (YoY)",
      "detail": "YoY Incr OPM: +59.4% vs year-ago OPM: +9.8%",
      "severity": "HIGH"
    },
    {
      "quarter": "2024-03 (Q1)",
      "signal": "YoY REVENUE GROWTH DECELERATION",
      "detail": "YoY growth: -2.0% vs prior quarter YoY: +5.4% (decel: -7.4%)",
      "severity": "WARNING"
    },
    {
      "quarter": "2024-03 (Q1)",
      "signal": "INCREMENTAL MARGIN (YoY)",
      "detail": "YoY Incr OPM: +58.6% vs year-ago OPM: +6.9%",
      "severity": "HIGH"
    },
    {
      "quarter": "2024-03 (Q1)",
      "signal": "OP MARGIN TURNED POSITIVE (QoQ)",
      "detail": "Op margin: -3.6% -> +5.8%",
      "severity": "HIGH"
    },
    {
      "quarter": "2023-09 (Q3)",
      "signal": "FCF TURNED POSITIVE",
      "detail": "FCF margin: -0.9% -> +11.9%",
      "severity": "HIGH"
    },
    {
      "quarter": "2023-06 (Q2)",
      "signal": "FCF MARGIN EXPANSION",
      "detail": "FCF margin: -23.4% -> -0.9% (+22.5%)",
      "severity": "MEDIUM"
    },
    {
      "quarter": "2023-06 (Q2)",
      "signal": "YoY REVENUE GROWTH DECELERATION",
      "detail": "YoY growth: +5.7% vs prior quarter YoY: +12.2% (decel: -6.5%)",
      "severity": "WARNING"
    },
    {
      "quarter": "2023-03 (Q1)",
      "signal": "FCF MARGIN EXPANSION",
      "detail": "FCF margin: -29.2% -> -23.4% (+5.8%)",
      "severity": "MEDIUM"
    },
    {
      "quarter": "2023-03 (Q1)",
      "signal": "YoY REVENUE GROWTH DECELERATION",
      "detail": "YoY growth: +12.2% vs prior quarter YoY: +19.6% (decel: -7.4%)",
      "severity": "WARNING"
    },
    {
      "quarter": "2023-03 (Q1)",
      "signal": "OP MARGIN TURNED POSITIVE (QoQ)",
      "detail": "Op margin: -4.1% -> +6.9%",
      "severity": "HIGH"
    },
    {
      "quarter": "2022-09 (Q3)",
      "signal": "YoY REVENUE GROWTH DECELERATION",
      "detail": "YoY growth: +15.4% vs prior quarter YoY: +22.1% (decel: -6.7%)",
      "severity": "WARNING"
    },
    {
      "quarter": "2022-06 (Q2)",
      "signal": "FCF TURNED POSITIVE",
      "detail": "FCF margin: -29.8% -> +1.7%",
      "severity": "HIGH"
    },
    {
      "quarter": "2022-06 (Q2)",
      "signal": "YoY REVENUE GROWTH DECELERATION",
      "detail": "YoY growth: +22.1% vs prior quarter YoY: +59.6% (decel: -37.5%)",
      "severity": "WARNING"
    },
    {
      "quarter": "2022-03 (Q1)",
      "signal": "YoY REVENUE GROWTH DECELERATION",
      "detail": "YoY growth: +59.6% vs prior quarter YoY: +90.0% (decel: -30.3%)",
      "severity": "WARNING"
    },
    {
      "quarter": "2022-03 (Q1)",
      "signal": "OP MARGIN TURNED POSITIVE (QoQ)",
      "detail": "Op margin: -7.7% -> +9.1%",
      "severity": "HIGH"
    },
    {
      "quarter": "2021-06 (Q2)",
      "signal": "FCF TURNED POSITIVE",
      "detail": "FCF margin: -16.5% -> +9.5%",
      "severity": "HIGH"
    },
    {
      "quarter": "2021-03 (Q1)",
      "signal": "OP MARGIN TURNED POSITIVE (QoQ)",
      "detail": "Op margin: -8.6% -> +11.7%",
      "severity": "HIGH"
    }
  ],
  "data_quality": {
    "n_quarters": 20,
    "coverage": {
      "revenue": [
        20,
        20
      ],
      "gross_profit": [
        1,
        20
      ],
      "op_income": [
        20,
        20
      ],
      "fcf": [
        20,
        20
      ]
    },
    "gaps": [],
    "warnings": [
      "gross_profit: 1/20Q"
    ]
  },
  "market_cap": null,
  "source": "SEC EDGAR",
  "last_updated": "2026-02-02T21:25:47.086198",
  "sector": "Consumer Cyclical",
  "industry": "Leisure"
}