{
  "ticker": "CAPR",
  "name": "CAPRICOR THERAPEUTICS,\u00a0INC.",
  "quarters": [
    {
      "date": "2019-06-30T00:00:00",
      "quarter_label": "2019-06 (Q2)",
      "revenue": 410353,
      "gross_profit": null,
      "operating_income": null,
      "net_income": null,
      "opex": null,
      "cogs": null,
      "rd": null,
      "sga": null,
      "fcf": null,
      "ocf": null,
      "capex": null,
      "gross_margin": null,
      "op_margin": null,
      "fcf_margin": null
    },
    {
      "date": "2019-09-30T00:00:00",
      "quarter_label": "2019-09 (Q3)",
      "revenue": 142071,
      "gross_profit": null,
      "operating_income": null,
      "net_income": null,
      "opex": null,
      "cogs": null,
      "rd": null,
      "sga": null,
      "fcf": null,
      "ocf": null,
      "capex": null,
      "gross_margin": null,
      "op_margin": null,
      "fcf_margin": null
    },
    {
      "date": "2019-12-31T00:00:00",
      "quarter_label": "2019-12 (Q4)",
      "revenue": 222100,
      "gross_profit": null,
      "operating_income": null,
      "net_income": null,
      "opex": null,
      "cogs": null,
      "rd": null,
      "sga": null,
      "fcf": null,
      "ocf": null,
      "capex": null,
      "gross_margin": null,
      "op_margin": null,
      "fcf_margin": null
    },
    {
      "date": "2020-03-31T00:00:00",
      "quarter_label": "2020-03 (Q1)",
      "revenue": 185693,
      "gross_profit": null,
      "operating_income": null,
      "net_income": null,
      "opex": null,
      "cogs": null,
      "rd": null,
      "sga": null,
      "fcf": null,
      "ocf": null,
      "capex": null,
      "gross_margin": null,
      "op_margin": null,
      "fcf_margin": null
    },
    {
      "date": "2020-06-30T00:00:00",
      "quarter_label": "2020-06 (Q2)",
      "revenue": 49864,
      "gross_profit": null,
      "operating_income": null,
      "net_income": null,
      "opex": null,
      "cogs": null,
      "rd": null,
      "sga": null,
      "fcf": null,
      "ocf": null,
      "capex": null,
      "gross_margin": null,
      "op_margin": null,
      "fcf_margin": null,
      "rev_growth_yoy": -0.8784851091621116
    },
    {
      "date": "2020-09-30T00:00:00",
      "quarter_label": "2020-09 (Q3)",
      "revenue": 16863,
      "gross_profit": null,
      "operating_income": null,
      "net_income": null,
      "opex": null,
      "cogs": null,
      "rd": null,
      "sga": null,
      "fcf": null,
      "ocf": null,
      "capex": null,
      "gross_margin": null,
      "op_margin": null,
      "fcf_margin": null,
      "rev_growth_yoy": -0.8813058259602593,
      "rev_growth_yoy_accel": -0.00282071679814766
    },
    {
      "date": "2020-12-31T00:00:00",
      "quarter_label": "2020-12 (Q4)",
      "revenue": 57830,
      "gross_profit": null,
      "operating_income": -4180540,
      "net_income": -4177932,
      "opex": 4238370,
      "cogs": null,
      "rd": 2745104,
      "sga": null,
      "fcf": -4130518,
      "ocf": -3842397,
      "capex": -288121,
      "gross_margin": null,
      "op_margin": -72.29016081618538,
      "fcf_margin": -71.42517724364517,
      "rev_growth_yoy": -0.7396217919855921,
      "rev_growth_yoy_accel": 0.14168403397466722
    },
    {
      "date": "2021-03-31T00:00:00",
      "quarter_label": "2021-03 (Q1)",
      "revenue": 40816,
      "gross_profit": null,
      "operating_income": -5161088,
      "net_income": -5151923,
      "opex": 5201904,
      "cogs": null,
      "rd": 3296322,
      "sga": null,
      "fcf": -3366282,
      "ocf": -3329370,
      "capex": -36912,
      "gross_margin": null,
      "op_margin": -126.44766758134065,
      "fcf_margin": -82.47456879655037,
      "rev_growth_yoy": -0.7801963455811474,
      "rev_growth_yoy_accel": -0.040574553595555285,
      "fcf_margin_change": -11.049391552905206
    },
    {
      "date": "2021-06-30T00:00:00",
      "quarter_label": "2021-06 (Q2)",
      "revenue": 204082,
      "gross_profit": null,
      "operating_income": -5083167,
      "net_income": -4748266,
      "opex": 5287249,
      "cogs": null,
      "rd": 3497275,
      "sga": null,
      "fcf": -4836902,
      "ocf": -4514443,
      "capex": -322459,
      "gross_margin": null,
      "op_margin": -24.90747346654776,
      "fcf_margin": -23.70077713860115,
      "rev_growth_yoy": 3.092772340766886,
      "rev_growth_yoy_accel": 3.8729686863480333,
      "op_leverage_ratio": 243.80890380614173,
      "fcf_margin_change": 58.77379165794922
    },
    {
      "date": "2021-12-31T00:00:00",
      "quarter_label": "2021-12 (Q4)",
      "revenue": 0,
      "gross_profit": null,
      "operating_income": -6379642,
      "net_income": -6190524,
      "opex": 6379642,
      "cogs": null,
      "rd": 4263533,
      "sga": null,
      "fcf": -5996254,
      "ocf": -5627583,
      "capex": -368671,
      "gross_margin": null,
      "op_margin": null,
      "fcf_margin": null,
      "rev_growth_yoy": -1.0,
      "rev_growth_yoy_accel": -4.092772340766886
    },
    {
      "date": "2022-09-30T00:00:00",
      "quarter_label": "2022-09 (Q3)",
      "revenue": 1591566,
      "gross_profit": null,
      "operating_income": -6477750,
      "net_income": -6371115,
      "opex": 8069316,
      "cogs": null,
      "rd": 5504356,
      "sga": null,
      "fcf": -6243230,
      "ocf": -5685606,
      "capex": -557624,
      "gross_margin": null,
      "op_margin": -4.070047990469764,
      "fcf_margin": -3.9226962626746236
    },
    {
      "date": "2022-12-31T00:00:00",
      "quarter_label": "2022-12 (Q4)",
      "revenue": 959903,
      "gross_profit": null,
      "operating_income": -8066345,
      "net_income": -7720912,
      "opex": 9026248,
      "cogs": null,
      "rd": 6231806,
      "sga": null,
      "fcf": -7596096,
      "ocf": -6902052,
      "capex": -694044,
      "gross_margin": null,
      "op_margin": -8.403291790941376,
      "fcf_margin": -7.913399583082874,
      "fcf_margin_change": -3.99070332040825
    },
    {
      "date": "2023-03-31T00:00:00",
      "quarter_label": "2023-03 (Q1)",
      "revenue": 2986696,
      "gross_profit": null,
      "operating_income": -8184708,
      "net_income": -7768266,
      "opex": 11171404,
      "cogs": null,
      "rd": 7661519,
      "sga": null,
      "fcf": 3862396,
      "ocf": 4210086,
      "capex": -347690,
      "gross_margin": null,
      "op_margin": -2.740388710468022,
      "fcf_margin": 1.293200245354733,
      "op_leverage_ratio": 8.884447554787366,
      "fcf_margin_change": 9.206599828437607
    },
    {
      "date": "2023-06-30T00:00:00",
      "quarter_label": "2023-06 (Q2)",
      "revenue": 3917467,
      "gross_profit": null,
      "operating_income": -7747259,
      "net_income": -7366579,
      "opex": 11664726,
      "cogs": null,
      "rd": 8817389,
      "sga": null,
      "fcf": -9553623,
      "ocf": -9417750,
      "capex": -135873,
      "gross_margin": null,
      "op_margin": -1.9776194668646858,
      "fcf_margin": -2.43872456360194,
      "op_leverage_ratio": 7.057145921793537,
      "fcf_margin_change": -3.731924808956673
    },
    {
      "date": "2023-09-30T00:00:00",
      "quarter_label": "2023-09 (Q3)",
      "revenue": 6185814,
      "gross_profit": null,
      "operating_income": -6864600,
      "net_income": -6390608,
      "opex": 13050414,
      "cogs": null,
      "rd": 10028964,
      "sga": null,
      "fcf": -9064322,
      "ocf": -8794829,
      "capex": -269493,
      "gross_margin": null,
      "op_margin": -1.1097326883737533,
      "fcf_margin": -1.4653402122986563,
      "incr_op_margin_yoy": -0.08420311659274815,
      "rev_growth_yoy": 2.886621101481183,
      "op_leverage_ratio": 4.874310945035325,
      "fcf_margin_change": 0.9733843513032836
    },
    {
      "date": "2023-12-31T00:00:00",
      "quarter_label": "2023-12 (Q4)",
      "revenue": 12088089,
      "gross_profit": null,
      "operating_income": -1281292,
      "net_income": -762089,
      "opex": 13369381,
      "cogs": null,
      "rd": 9940167,
      "sga": null,
      "fcf": -12152656,
      "ocf": -11594052,
      "capex": -558604,
      "gross_margin": null,
      "op_margin": -0.10599624142409937,
      "fcf_margin": -1.0053413736447507,
      "incr_op_margin_yoy": 0.6097177922798918,
      "rev_growth_yoy": 11.593031795921046,
      "rev_growth_yoy_accel": 8.706410694439864,
      "op_leverage_ratio": 39.039218800914185,
      "fcf_margin_change": 0.45999883865390556
    },
    {
      "date": "2024-03-31T00:00:00",
      "quarter_label": "2024-03 (Q1)",
      "revenue": 4906877,
      "gross_profit": null,
      "operating_income": -10265902,
      "net_income": -9794073,
      "opex": 15172779,
      "cogs": null,
      "rd": 11101013,
      "sga": null,
      "fcf": -1877028,
      "ocf": -1268440,
      "capex": -608588,
      "gross_margin": null,
      "op_margin": -2.092145778261815,
      "fcf_margin": -0.38253006953302476,
      "incr_op_margin_yoy": -1.0838530326047389,
      "rev_growth_yoy": 0.6429114312270148,
      "rev_growth_yoy_accel": -10.950120364694031,
      "fcf_margin_change": 0.622811304111726
    },
    {
      "date": "2024-06-30T00:00:00",
      "quarter_label": "2024-06 (Q2)",
      "revenue": 3971438,
      "gross_profit": null,
      "operating_income": -11591219,
      "net_income": -10999782,
      "opex": 15562657,
      "cogs": null,
      "rd": 12504769,
      "sga": null,
      "fcf": -12348839,
      "ocf": -12288499,
      "capex": -60340,
      "gross_margin": null,
      "op_margin": -2.918645337029056,
      "fcf_margin": -3.109412510027854,
      "rev_growth_yoy": 0.013777014586210936,
      "rev_growth_yoy_accel": -0.6291344166408038,
      "fcf_margin_change": -2.7268824404948293
    },
    {
      "date": "2024-09-30T00:00:00",
      "quarter_label": "2024-09 (Q3)",
      "revenue": 2261642,
      "gross_profit": null,
      "operating_income": -13009880,
      "net_income": -12556728,
      "opex": 15271522,
      "cogs": null,
      "rd": 11807867,
      "sga": null,
      "fcf": -11651619,
      "ocf": -11642474,
      "capex": -9145,
      "gross_margin": null,
      "op_margin": -5.752404668820264,
      "fcf_margin": -5.151840565394523,
      "incr_op_margin_yoy": 1.5660067907319046,
      "rev_growth_yoy": -0.634382475774409,
      "rev_growth_yoy_accel": -0.6481594903606199,
      "fcf_margin_change": -2.042428055366669
    },
    {
      "date": "2024-12-31T00:00:00",
      "quarter_label": "2024-12 (Q4)",
      "revenue": 11130509,
      "gross_profit": null,
      "operating_income": -7697841,
      "net_income": -7116603,
      "opex": 18828350,
      "cogs": null,
      "rd": 14554936,
      "sga": null,
      "fcf": -15285127,
      "ocf": -14796329,
      "capex": -488798,
      "gross_margin": null,
      "op_margin": -0.6915982907879594,
      "fcf_margin": -1.373263972024999,
      "rev_growth_yoy": -0.07921682244397771,
      "rev_growth_yoy_accel": 0.5551656533304312,
      "op_leverage_ratio": 16.83696229841476,
      "fcf_margin_change": 3.7785765933695243
    }
  ],
  "signals": [
    {
      "quarter": "2024-12 (Q4)",
      "signal": "FCF MARGIN EXPANSION",
      "detail": "FCF margin: -515.2% -> -137.3% (+377.9%)",
      "severity": "MEDIUM"
    },
    {
      "quarter": "2024-12 (Q4)",
      "signal": "OPERATING LEVERAGE",
      "detail": "Rev growth +392.1% vs OpEx growth +23.3% (leverage: 16.8x)",
      "severity": "MEDIUM"
    },
    {
      "quarter": "2024-12 (Q4)",
      "signal": "YoY REVENUE GROWTH ACCELERATION",
      "detail": "YoY growth: -7.9% vs prior quarter YoY: -63.4% (accel: +55.5%)",
      "severity": "HIGH"
    },
    {
      "quarter": "2024-09 (Q3)",
      "signal": "YoY REVENUE GROWTH DECELERATION",
      "detail": "YoY growth: -63.4% vs prior quarter YoY: +1.4% (decel: -64.8%)",
      "severity": "WARNING"
    },
    {
      "quarter": "2024-06 (Q2)",
      "signal": "YoY REVENUE GROWTH DECELERATION",
      "detail": "YoY growth: +1.4% vs prior quarter YoY: +64.3% (decel: -62.9%)",
      "severity": "WARNING"
    },
    {
      "quarter": "2024-03 (Q1)",
      "signal": "FCF MARGIN EXPANSION",
      "detail": "FCF margin: -100.5% -> -38.3% (+62.3%)",
      "severity": "MEDIUM"
    },
    {
      "quarter": "2024-03 (Q1)",
      "signal": "YoY REVENUE GROWTH DECELERATION",
      "detail": "YoY growth: +64.3% vs prior quarter YoY: +1159.3% (decel: -1095.0%)",
      "severity": "WARNING"
    },
    {
      "quarter": "2023-12 (Q4)",
      "signal": "FCF MARGIN EXPANSION",
      "detail": "FCF margin: -146.5% -> -100.5% (+46.0%)",
      "severity": "MEDIUM"
    },
    {
      "quarter": "2023-12 (Q4)",
      "signal": "OPERATING LEVERAGE",
      "detail": "Rev growth +95.4% vs OpEx growth +2.4% (leverage: 39.0x)",
      "severity": "MEDIUM"
    },
    {
      "quarter": "2023-12 (Q4)",
      "signal": "YoY REVENUE GROWTH ACCELERATION",
      "detail": "YoY growth: +1159.3% vs prior quarter YoY: +288.7% (accel: +870.6%)",
      "severity": "HIGH"
    },
    {
      "quarter": "2023-09 (Q3)",
      "signal": "FCF MARGIN EXPANSION",
      "detail": "FCF margin: -243.9% -> -146.5% (+97.3%)",
      "severity": "MEDIUM"
    },
    {
      "quarter": "2023-09 (Q3)",
      "signal": "OPERATING LEVERAGE",
      "detail": "Rev growth +57.9% vs OpEx growth +11.9% (leverage: 4.9x)",
      "severity": "MEDIUM"
    },
    {
      "quarter": "2023-06 (Q2)",
      "signal": "OPERATING LEVERAGE",
      "detail": "Rev growth +31.2% vs OpEx growth +4.4% (leverage: 7.1x)",
      "severity": "MEDIUM"
    },
    {
      "quarter": "2023-03 (Q1)",
      "signal": "FCF TURNED POSITIVE",
      "detail": "FCF margin: -791.3% -> +129.3%",
      "severity": "HIGH"
    },
    {
      "quarter": "2023-03 (Q1)",
      "signal": "OPERATING LEVERAGE",
      "detail": "Rev growth +211.1% vs OpEx growth +23.8% (leverage: 8.9x)",
      "severity": "MEDIUM"
    },
    {
      "quarter": "2021-12 (Q4)",
      "signal": "YoY REVENUE GROWTH DECELERATION",
      "detail": "YoY growth: -100.0% vs prior quarter YoY: +309.3% (decel: -409.3%)",
      "severity": "WARNING"
    },
    {
      "quarter": "2021-06 (Q2)",
      "signal": "FCF MARGIN EXPANSION",
      "detail": "FCF margin: -8247.5% -> -2370.1% (+5877.4%)",
      "severity": "MEDIUM"
    },
    {
      "quarter": "2021-06 (Q2)",
      "signal": "OPERATING LEVERAGE",
      "detail": "Rev growth +400.0% vs OpEx growth +1.6% (leverage: 243.8x)",
      "severity": "MEDIUM"
    },
    {
      "quarter": "2021-06 (Q2)",
      "signal": "YoY REVENUE GROWTH ACCELERATION",
      "detail": "YoY growth: +309.3% vs prior quarter YoY: -78.0% (accel: +387.3%)",
      "severity": "HIGH"
    },
    {
      "quarter": "2020-12 (Q4)",
      "signal": "YoY REVENUE GROWTH ACCELERATION",
      "detail": "YoY growth: -74.0% vs prior quarter YoY: -88.1% (accel: +14.2%)",
      "severity": "MEDIUM"
    }
  ],
  "data_quality": {
    "n_quarters": 20,
    "coverage": {
      "revenue": [
        20,
        20
      ],
      "gross_profit": [
        0,
        20
      ],
      "op_income": [
        14,
        20
      ],
      "fcf": [
        14,
        20
      ]
    },
    "gaps": [
      [
        "2021-06 (Q2)",
        "2021-12 (Q4)",
        184
      ],
      [
        "2021-12 (Q4)",
        "2022-09 (Q3)",
        273
      ]
    ],
    "warnings": [
      "gross_profit: no data",
      "op_income: 14/20Q",
      "fcf: 14/20Q",
      "gap: 1Q missing between 2021-06 (Q2) and 2021-12 (Q4)",
      "gap: 2Q missing between 2021-12 (Q4) and 2022-09 (Q3)"
    ]
  },
  "market_cap": null,
  "source": "SEC EDGAR",
  "last_updated": "2026-02-02T21:53:58.663370",
  "sector": "Healthcare",
  "industry": "Biotechnology"
}