{
  "ticker": "CAR",
  "name": "AVIS BUDGET GROUP, INC.",
  "quarters": [
    {
      "date": "2020-12-31T00:00:00",
      "quarter_label": "2020-12 (Q4)",
      "revenue": 1355000000,
      "gross_profit": null,
      "operating_income": null,
      "net_income": -90000000,
      "opex": 6271000000,
      "cogs": null,
      "rd": null,
      "sga": 154000000,
      "fcf": 59000000,
      "ocf": 59000000,
      "capex": null,
      "gross_margin": null,
      "op_margin": null,
      "fcf_margin": 0.043542435424354244
    },
    {
      "date": "2021-03-31T00:00:00",
      "quarter_label": "2021-03 (Q1)",
      "revenue": 1372000000,
      "gross_profit": null,
      "operating_income": null,
      "net_income": -170000000,
      "opex": 1622000000,
      "cogs": null,
      "rd": null,
      "sga": 182000000,
      "fcf": 336000000,
      "ocf": 336000000,
      "capex": null,
      "gross_margin": null,
      "op_margin": null,
      "fcf_margin": 0.24489795918367346,
      "op_leverage_ratio": Infinity,
      "fcf_margin_change": 0.20135552375931923
    },
    {
      "date": "2021-06-30T00:00:00",
      "quarter_label": "2021-06 (Q2)",
      "revenue": 2371000000,
      "gross_profit": null,
      "operating_income": null,
      "net_income": 398000000,
      "opex": 1885000000,
      "cogs": null,
      "rd": null,
      "sga": 294000000,
      "fcf": 919000000,
      "ocf": 919000000,
      "capex": null,
      "gross_margin": null,
      "op_margin": null,
      "fcf_margin": 0.3876001687051877,
      "op_leverage_ratio": 4.490621778314803,
      "fcf_margin_change": 0.14270220952151424
    },
    {
      "date": "2021-09-30T00:00:00",
      "quarter_label": "2021-09 (Q3)",
      "revenue": 3001000000,
      "gross_profit": null,
      "operating_income": null,
      "net_income": 675000000,
      "opex": 2072000000,
      "cogs": null,
      "rd": null,
      "sga": 361000000,
      "fcf": 1293000000,
      "ocf": 1293000000,
      "capex": null,
      "gross_margin": null,
      "op_margin": null,
      "fcf_margin": 0.43085638120626457,
      "op_leverage_ratio": 2.678420396186541,
      "fcf_margin_change": 0.04325621250107686
    },
    {
      "date": "2021-12-31T00:00:00",
      "quarter_label": "2021-12 (Q4)",
      "revenue": 2569000000,
      "gross_profit": null,
      "operating_income": null,
      "net_income": 382000000,
      "opex": 2026000000,
      "cogs": null,
      "rd": null,
      "sga": 308000000,
      "fcf": 943000000,
      "ocf": 943000000,
      "capex": null,
      "gross_margin": null,
      "op_margin": null,
      "fcf_margin": 0.36706889840404827,
      "rev_growth_yoy": 0.8959409594095941,
      "fcf_margin_change": -0.0637874828022163
    },
    {
      "date": "2022-03-31T00:00:00",
      "quarter_label": "2022-03 (Q1)",
      "revenue": 2432000000,
      "gross_profit": null,
      "operating_income": null,
      "net_income": 529000000,
      "opex": 1737000000,
      "cogs": null,
      "rd": null,
      "sga": 283000000,
      "fcf": 1148000000,
      "ocf": 1148000000,
      "capex": null,
      "gross_margin": null,
      "op_margin": null,
      "fcf_margin": 0.4720394736842105,
      "rev_growth_yoy": 0.7725947521865889,
      "rev_growth_yoy_accel": -0.12334620722300516,
      "fcf_margin_change": 0.10497057528016224
    },
    {
      "date": "2022-06-30T00:00:00",
      "quarter_label": "2022-06 (Q2)",
      "revenue": 3244000000,
      "gross_profit": null,
      "operating_income": null,
      "net_income": 778000000,
      "opex": 2161000000,
      "cogs": null,
      "rd": null,
      "sga": 359000000,
      "fcf": 1223000000,
      "ocf": 1223000000,
      "capex": null,
      "gross_margin": null,
      "op_margin": null,
      "fcf_margin": 0.37700369913686804,
      "rev_growth_yoy": 0.36819907212146774,
      "rev_growth_yoy_accel": -0.40439568006512117,
      "op_leverage_ratio": 1.3678120345084408,
      "fcf_margin_change": -0.09503577454734247
    },
    {
      "date": "2022-09-30T00:00:00",
      "quarter_label": "2022-09 (Q3)",
      "revenue": 3547000000,
      "gross_profit": null,
      "operating_income": null,
      "net_income": 1034000000,
      "opex": 2205000000,
      "cogs": null,
      "rd": null,
      "sga": 384000000,
      "fcf": 1491000000,
      "ocf": 1491000000,
      "capex": null,
      "gross_margin": null,
      "op_margin": null,
      "fcf_margin": 0.42035522977163803,
      "rev_growth_yoy": 0.18193935354881707,
      "rev_growth_yoy_accel": -0.18625971857265067,
      "op_leverage_ratio": 4.587371090684901,
      "fcf_margin_change": 0.043351530634769986
    },
    {
      "date": "2022-12-31T00:00:00",
      "quarter_label": "2022-12 (Q4)",
      "revenue": 2771000000,
      "gross_profit": null,
      "operating_income": null,
      "net_income": 423000000,
      "opex": 2255000000,
      "cogs": null,
      "rd": null,
      "sga": 322000000,
      "fcf": 845000000,
      "ocf": 845000000,
      "capex": null,
      "gross_margin": null,
      "op_margin": null,
      "fcf_margin": 0.30494406351497655,
      "rev_growth_yoy": 0.07862981704943557,
      "rev_growth_yoy_accel": -0.1033095364993815,
      "fcf_margin_change": -0.11541116625666148
    },
    {
      "date": "2023-03-31T00:00:00",
      "quarter_label": "2023-03 (Q1)",
      "revenue": 2557000000,
      "gross_profit": null,
      "operating_income": null,
      "net_income": 312000000,
      "opex": 2160000000,
      "cogs": null,
      "rd": null,
      "sga": 324000000,
      "fcf": 819000000,
      "ocf": 819000000,
      "capex": null,
      "gross_margin": null,
      "op_margin": null,
      "fcf_margin": 0.32029722330856475,
      "rev_growth_yoy": 0.05139802631578947,
      "rev_growth_yoy_accel": -0.0272317907336461,
      "fcf_margin_change": 0.0153531597935882
    },
    {
      "date": "2023-06-30T00:00:00",
      "quarter_label": "2023-06 (Q2)",
      "revenue": 3123000000,
      "gross_profit": null,
      "operating_income": null,
      "net_income": 435000000,
      "opex": 2525000000,
      "cogs": null,
      "rd": null,
      "sga": 378000000,
      "fcf": 963000000,
      "ocf": 963000000,
      "capex": null,
      "gross_margin": null,
      "op_margin": null,
      "fcf_margin": 0.30835734870317005,
      "rev_growth_yoy": -0.03729963008631319,
      "rev_growth_yoy_accel": -0.08869765640210267,
      "op_leverage_ratio": 1.3099254798806392,
      "fcf_margin_change": -0.011939874605394696
    },
    {
      "date": "2023-09-30T00:00:00",
      "quarter_label": "2023-09 (Q3)",
      "revenue": 3564000000,
      "gross_profit": null,
      "operating_income": null,
      "net_income": 626000000,
      "opex": 2807000000,
      "cogs": null,
      "rd": null,
      "sga": 397000000,
      "fcf": 1253000000,
      "ocf": 1253000000,
      "capex": null,
      "gross_margin": null,
      "op_margin": null,
      "fcf_margin": 0.3515712682379349,
      "rev_growth_yoy": 0.004792782633211165,
      "rev_growth_yoy_accel": 0.04209241271952436,
      "op_leverage_ratio": 1.2643836736362337,
      "fcf_margin_change": 0.04321391953476483
    },
    {
      "date": "2023-12-31T00:00:00",
      "quarter_label": "2023-12 (Q4)",
      "revenue": 2764000000,
      "gross_profit": null,
      "operating_income": null,
      "net_income": 259000000,
      "opex": 2602000000,
      "cogs": null,
      "rd": null,
      "sga": 309000000,
      "fcf": 793000000,
      "ocf": 793000000,
      "capex": null,
      "gross_margin": null,
      "op_margin": null,
      "fcf_margin": 0.2869030390738061,
      "rev_growth_yoy": -0.0025261638397690365,
      "rev_growth_yoy_accel": -0.007318946472980202,
      "fcf_margin_change": -0.06466822916412879
    },
    {
      "date": "2024-03-31T00:00:00",
      "quarter_label": "2024-03 (Q1)",
      "revenue": 2551000000,
      "gross_profit": null,
      "operating_income": null,
      "net_income": -114000000,
      "opex": 2693000000,
      "cogs": null,
      "rd": null,
      "sga": 325000000,
      "fcf": 589000000,
      "ocf": 589000000,
      "capex": null,
      "gross_margin": null,
      "op_margin": null,
      "fcf_margin": 0.23088984711877694,
      "rev_growth_yoy": -0.0023464998044583495,
      "rev_growth_yoy_accel": 0.00017966403531068705,
      "fcf_margin_change": -0.05601319195502916
    },
    {
      "date": "2024-06-30T00:00:00",
      "quarter_label": "2024-06 (Q2)",
      "revenue": 3048000000,
      "gross_profit": null,
      "operating_income": null,
      "net_income": 14000000,
      "opex": 3021000000,
      "cogs": null,
      "rd": null,
      "sga": 348000000,
      "fcf": 884000000,
      "ocf": 884000000,
      "capex": null,
      "gross_margin": null,
      "op_margin": null,
      "fcf_margin": 0.2900262467191601,
      "rev_growth_yoy": -0.024015369836695485,
      "rev_growth_yoy_accel": -0.021668870032237136,
      "op_leverage_ratio": 1.599589113786081,
      "fcf_margin_change": 0.059136399600383166
    },
    {
      "date": "2024-09-30T00:00:00",
      "quarter_label": "2024-09 (Q3)",
      "revenue": 3480000000,
      "gross_profit": null,
      "operating_income": null,
      "net_income": 237000000,
      "opex": 3151000000,
      "cogs": null,
      "rd": null,
      "sga": 367000000,
      "fcf": 1273000000,
      "ocf": 1273000000,
      "capex": null,
      "gross_margin": null,
      "op_margin": null,
      "fcf_margin": 0.3658045977011494,
      "rev_growth_yoy": -0.02356902356902357,
      "rev_growth_yoy_accel": 0.0004463462676719161,
      "op_leverage_ratio": 3.2936402180496667,
      "fcf_margin_change": 0.07577835098198932
    },
    {
      "date": "2024-12-31T00:00:00",
      "quarter_label": "2024-12 (Q4)",
      "revenue": 2710000000,
      "gross_profit": null,
      "operating_income": null,
      "net_income": -1958000000,
      "opex": 5551000000,
      "cogs": null,
      "rd": null,
      "sga": 312000000,
      "fcf": 772000000,
      "ocf": 772000000,
      "capex": null,
      "gross_margin": null,
      "op_margin": null,
      "fcf_margin": 0.2848708487084871,
      "rev_growth_yoy": -0.019536903039073805,
      "rev_growth_yoy_accel": 0.004032120529949765,
      "fcf_margin_change": -0.08093374899266231
    },
    {
      "date": "2025-03-31T00:00:00",
      "quarter_label": "2025-03 (Q1)",
      "revenue": 2430000000,
      "gross_profit": null,
      "operating_income": null,
      "net_income": -505000000,
      "opex": 3107000000,
      "cogs": null,
      "rd": null,
      "sga": 308000000,
      "fcf": 619000000,
      "ocf": 619000000,
      "capex": null,
      "gross_margin": null,
      "op_margin": null,
      "fcf_margin": 0.2547325102880658,
      "rev_growth_yoy": -0.047432379459035674,
      "rev_growth_yoy_accel": -0.02789547641996187,
      "fcf_margin_change": -0.030138338420421296
    },
    {
      "date": "2025-06-30T00:00:00",
      "quarter_label": "2025-06 (Q2)",
      "revenue": 3039000000,
      "gross_profit": null,
      "operating_income": null,
      "net_income": 4000000,
      "opex": 3024000000,
      "cogs": null,
      "rd": null,
      "sga": 396000000,
      "fcf": 837000000,
      "ocf": 837000000,
      "capex": null,
      "gross_margin": null,
      "op_margin": null,
      "fcf_margin": 0.2754195459032576,
      "rev_growth_yoy": -0.002952755905511811,
      "rev_growth_yoy_accel": 0.04447962355352386,
      "op_leverage_ratio": Infinity,
      "fcf_margin_change": 0.020687035615191807
    },
    {
      "date": "2025-09-30T00:00:00",
      "quarter_label": "2025-09 (Q3)",
      "revenue": 3519000000,
      "gross_profit": null,
      "operating_income": null,
      "net_income": 359000000,
      "opex": 3046000000,
      "cogs": null,
      "rd": null,
      "sga": 422000000,
      "fcf": 1403000000,
      "ocf": 1403000000,
      "capex": null,
      "gross_margin": null,
      "op_margin": null,
      "fcf_margin": 0.39869281045751637,
      "rev_growth_yoy": 0.011206896551724138,
      "rev_growth_yoy_accel": 0.014159652457235949,
      "op_leverage_ratio": 21.71049089114242,
      "fcf_margin_change": 0.12327326455425874
    }
  ],
  "signals": [
    {
      "quarter": "2025-09 (Q3)",
      "signal": "FCF MARGIN EXPANSION",
      "detail": "FCF margin: +27.5% -> +39.9% (+12.3%)",
      "severity": "MEDIUM"
    },
    {
      "quarter": "2025-09 (Q3)",
      "signal": "OPERATING LEVERAGE",
      "detail": "Rev growth +15.8% vs OpEx growth +0.7% (leverage: 21.7x)",
      "severity": "MEDIUM"
    },
    {
      "quarter": "2024-09 (Q3)",
      "signal": "FCF MARGIN EXPANSION",
      "detail": "FCF margin: +29.0% -> +36.6% (+7.6%)",
      "severity": "MEDIUM"
    },
    {
      "quarter": "2024-09 (Q3)",
      "signal": "OPERATING LEVERAGE",
      "detail": "Rev growth +14.2% vs OpEx growth +4.3% (leverage: 3.3x)",
      "severity": "MEDIUM"
    },
    {
      "quarter": "2024-06 (Q2)",
      "signal": "FCF MARGIN EXPANSION",
      "detail": "FCF margin: +23.1% -> +29.0% (+5.9%)",
      "severity": "MEDIUM"
    },
    {
      "quarter": "2024-06 (Q2)",
      "signal": "OPERATING LEVERAGE",
      "detail": "Rev growth +19.5% vs OpEx growth +12.2% (leverage: 1.6x)",
      "severity": "MEDIUM"
    },
    {
      "quarter": "2023-06 (Q2)",
      "signal": "YoY REVENUE GROWTH DECELERATION",
      "detail": "YoY growth: -3.7% vs prior quarter YoY: +5.1% (decel: -8.9%)",
      "severity": "WARNING"
    },
    {
      "quarter": "2022-12 (Q4)",
      "signal": "YoY REVENUE GROWTH DECELERATION",
      "detail": "YoY growth: +7.9% vs prior quarter YoY: +18.2% (decel: -10.3%)",
      "severity": "WARNING"
    },
    {
      "quarter": "2022-09 (Q3)",
      "signal": "OPERATING LEVERAGE",
      "detail": "Rev growth +9.3% vs OpEx growth +2.0% (leverage: 4.6x)",
      "severity": "MEDIUM"
    },
    {
      "quarter": "2022-09 (Q3)",
      "signal": "YoY REVENUE GROWTH DECELERATION",
      "detail": "YoY growth: +18.2% vs prior quarter YoY: +36.8% (decel: -18.6%)",
      "severity": "WARNING"
    },
    {
      "quarter": "2022-06 (Q2)",
      "signal": "YoY REVENUE GROWTH DECELERATION",
      "detail": "YoY growth: +36.8% vs prior quarter YoY: +77.3% (decel: -40.4%)",
      "severity": "WARNING"
    },
    {
      "quarter": "2022-03 (Q1)",
      "signal": "FCF MARGIN EXPANSION",
      "detail": "FCF margin: +36.7% -> +47.2% (+10.5%)",
      "severity": "MEDIUM"
    },
    {
      "quarter": "2022-03 (Q1)",
      "signal": "YoY REVENUE GROWTH DECELERATION",
      "detail": "YoY growth: +77.3% vs prior quarter YoY: +89.6% (decel: -12.3%)",
      "severity": "WARNING"
    },
    {
      "quarter": "2021-09 (Q3)",
      "signal": "OPERATING LEVERAGE",
      "detail": "Rev growth +26.6% vs OpEx growth +9.9% (leverage: 2.7x)",
      "severity": "MEDIUM"
    },
    {
      "quarter": "2021-06 (Q2)",
      "signal": "FCF MARGIN EXPANSION",
      "detail": "FCF margin: +24.5% -> +38.8% (+14.3%)",
      "severity": "MEDIUM"
    },
    {
      "quarter": "2021-06 (Q2)",
      "signal": "OPERATING LEVERAGE",
      "detail": "Rev growth +72.8% vs OpEx growth +16.2% (leverage: 4.5x)",
      "severity": "MEDIUM"
    },
    {
      "quarter": "2021-03 (Q1)",
      "signal": "FCF MARGIN EXPANSION",
      "detail": "FCF margin: +4.4% -> +24.5% (+20.1%)",
      "severity": "MEDIUM"
    }
  ],
  "data_quality": {
    "n_quarters": 20,
    "coverage": {
      "revenue": [
        20,
        20
      ],
      "gross_profit": [
        0,
        20
      ],
      "op_income": [
        0,
        20
      ],
      "fcf": [
        20,
        20
      ]
    },
    "gaps": [],
    "warnings": [
      "gross_profit: no data",
      "op_income: no data"
    ]
  },
  "market_cap": null,
  "source": "SEC EDGAR",
  "last_updated": "2026-02-02T21:11:59.981367"
}