{
  "ticker": "CARM",
  "name": "Carisma Therapeutics Inc.",
  "quarters": [
    {
      "date": "2020-09-30T00:00:00",
      "quarter_label": "2020-09 (Q3)",
      "revenue": 11236000,
      "gross_profit": null,
      "operating_income": null,
      "net_income": null,
      "opex": null,
      "cogs": null,
      "rd": null,
      "sga": null,
      "fcf": null,
      "ocf": null,
      "capex": null,
      "gross_margin": null,
      "op_margin": null,
      "fcf_margin": null
    },
    {
      "date": "2020-12-31T00:00:00",
      "quarter_label": "2020-12 (Q4)",
      "revenue": 0,
      "gross_profit": null,
      "operating_income": -14626000,
      "net_income": -15009000,
      "opex": 14626000,
      "cogs": null,
      "rd": 5566000,
      "sga": null,
      "fcf": -8509000,
      "ocf": -8509000,
      "capex": null,
      "gross_margin": null,
      "op_margin": null,
      "fcf_margin": null
    },
    {
      "date": "2021-03-31T00:00:00",
      "quarter_label": "2021-03 (Q1)",
      "revenue": 4310000,
      "gross_profit": null,
      "operating_income": -55221000,
      "net_income": -55512000,
      "opex": 59531000,
      "cogs": null,
      "rd": 6078000,
      "sga": null,
      "fcf": -18475000,
      "ocf": -18475000,
      "capex": null,
      "gross_margin": null,
      "op_margin": -12.812296983758701,
      "fcf_margin": -4.286542923433875
    },
    {
      "date": "2021-06-30T00:00:00",
      "quarter_label": "2021-06 (Q2)",
      "revenue": 2234000,
      "gross_profit": null,
      "operating_income": -25399000,
      "net_income": -25442000,
      "opex": 27633000,
      "cogs": null,
      "rd": 7228000,
      "sga": null,
      "fcf": -23141000,
      "ocf": -23141000,
      "capex": null,
      "gross_margin": null,
      "op_margin": -11.369292748433303,
      "fcf_margin": -10.358549686660698,
      "fcf_margin_change": -6.072006763226823
    },
    {
      "date": "2021-09-30T00:00:00",
      "quarter_label": "2021-09 (Q3)",
      "revenue": 0,
      "gross_profit": null,
      "operating_income": 63112000,
      "net_income": 71674000,
      "opex": -63112000,
      "cogs": null,
      "rd": 4967000,
      "sga": null,
      "fcf": -14617000,
      "ocf": -14662000,
      "capex": 45000,
      "gross_margin": null,
      "op_margin": null,
      "fcf_margin": null,
      "rev_growth_yoy": -1.0
    },
    {
      "date": "2021-12-31T00:00:00",
      "quarter_label": "2021-12 (Q4)",
      "revenue": 20000000,
      "gross_profit": null,
      "operating_income": 8959000,
      "net_income": 8944000,
      "opex": 11041000,
      "cogs": null,
      "rd": 7039000,
      "sga": null,
      "fcf": -12600000,
      "ocf": -12600000,
      "capex": null,
      "gross_margin": null,
      "op_margin": 0.44795,
      "fcf_margin": -0.63,
      "incr_op_margin_yoy": 1.17925
    },
    {
      "date": "2022-03-31T00:00:00",
      "quarter_label": "2022-03 (Q1)",
      "revenue": 822000,
      "gross_profit": null,
      "operating_income": -835000,
      "net_income": -807000,
      "opex": 835000,
      "cogs": null,
      "rd": 4760000,
      "sga": null,
      "fcf": 33597000,
      "ocf": 34604000,
      "capex": -1007000,
      "gross_margin": null,
      "op_margin": -1.0158150851581509,
      "fcf_margin": 40.872262773722625,
      "incr_op_margin_yoy": -15.592316513761467,
      "rev_growth_yoy": -0.8092807424593967,
      "fcf_margin_change": 41.50226277372263
    },
    {
      "date": "2022-06-30T00:00:00",
      "quarter_label": "2022-06 (Q2)",
      "revenue": 2703000,
      "gross_profit": null,
      "operating_income": -35997000,
      "net_income": -31960000,
      "opex": 35997000,
      "cogs": null,
      "rd": 29944000,
      "sga": null,
      "fcf": -15330000,
      "ocf": -14299000,
      "capex": -1031000,
      "gross_margin": null,
      "op_margin": -13.317425083240844,
      "fcf_margin": -5.671476137624861,
      "rev_growth_yoy": 0.20993733213965982,
      "rev_growth_yoy_accel": 1.0192180745990567,
      "op_leverage_ratio": 0.054341282497653194,
      "fcf_margin_change": -46.54373891134749
    },
    {
      "date": "2022-09-30T00:00:00",
      "quarter_label": "2022-09 (Q3)",
      "revenue": 2578000,
      "gross_profit": null,
      "operating_income": 19781000,
      "net_income": 20457000,
      "opex": 20219000,
      "cogs": null,
      "rd": 2931000,
      "sga": null,
      "fcf": -10624000,
      "ocf": -8321000,
      "capex": -2303000,
      "gross_margin": null,
      "op_margin": 7.6730023273855705,
      "fcf_margin": -4.1210240496508925,
      "incr_op_margin_yoy": -16.807990690457718,
      "fcf_margin_change": 1.5504520879739685
    },
    {
      "date": "2022-12-31T00:00:00",
      "quarter_label": "2022-12 (Q4)",
      "revenue": 3697000,
      "gross_profit": null,
      "operating_income": -8857000,
      "net_income": -7574000,
      "opex": 8857000,
      "cogs": null,
      "rd": 958000,
      "sga": null,
      "fcf": -17419000,
      "ocf": -17100000,
      "capex": -319000,
      "gross_margin": null,
      "op_margin": -2.395726264538815,
      "fcf_margin": -4.711658101163105,
      "incr_op_margin_yoy": 1.0928050052137643,
      "rev_growth_yoy": -0.81515,
      "op_leverage_ratio": Infinity,
      "fcf_margin_change": -0.5906340515122128
    },
    {
      "date": "2023-03-31T00:00:00",
      "quarter_label": "2023-03 (Q1)",
      "revenue": 3243000,
      "gross_profit": null,
      "operating_income": -22972000,
      "net_income": -24642000,
      "opex": 26215000,
      "cogs": null,
      "rd": 16641000,
      "sga": null,
      "fcf": -25669000,
      "ocf": -25534000,
      "capex": -135000,
      "gross_margin": null,
      "op_margin": -7.083564600678384,
      "fcf_margin": -7.915201973481344,
      "incr_op_margin_yoy": -9.14374225526642,
      "rev_growth_yoy": 2.9452554744525545,
      "rev_growth_yoy_accel": 3.7604054744525546,
      "fcf_margin_change": -3.203543872318239
    },
    {
      "date": "2023-06-30T00:00:00",
      "quarter_label": "2023-06 (Q2)",
      "revenue": 3560000,
      "gross_profit": null,
      "operating_income": -20965000,
      "net_income": -19876000,
      "opex": 24525000,
      "cogs": null,
      "rd": 18518000,
      "sga": null,
      "fcf": -18794000,
      "ocf": -18547000,
      "capex": -247000,
      "gross_margin": null,
      "op_margin": -5.889044943820225,
      "fcf_margin": -5.2792134831460675,
      "rev_growth_yoy": 0.317055123936367,
      "rev_growth_yoy_accel": -2.6282003505161877,
      "op_leverage_ratio": Infinity,
      "fcf_margin_change": 2.6359884903352766
    },
    {
      "date": "2023-09-30T00:00:00",
      "quarter_label": "2023-09 (Q3)",
      "revenue": 3827000,
      "gross_profit": null,
      "operating_income": -22344000,
      "net_income": -21403000,
      "opex": 26171000,
      "cogs": null,
      "rd": 19551000,
      "sga": null,
      "fcf": -21188000,
      "ocf": -20999000,
      "capex": -189000,
      "gross_margin": null,
      "op_margin": -5.838515808727463,
      "fcf_margin": -5.53645152861249,
      "incr_op_margin_yoy": -33.72698158526821,
      "rev_growth_yoy": 0.48448409619860355,
      "rev_growth_yoy_accel": 0.16742897226223658,
      "op_leverage_ratio": 1.1174817739975698,
      "fcf_margin_change": -0.2572380454664227
    },
    {
      "date": "2023-12-31T00:00:00",
      "quarter_label": "2023-12 (Q4)",
      "revenue": 4270000,
      "gross_profit": null,
      "operating_income": -22450000,
      "net_income": -20958000,
      "opex": 26739000,
      "cogs": null,
      "rd": 19415000,
      "sga": null,
      "fcf": -16658000,
      "ocf": -16097000,
      "capex": -561000,
      "gross_margin": null,
      "op_margin": -5.257611241217798,
      "fcf_margin": -3.9011709601873537,
      "rev_growth_yoy": 0.15499053286448472,
      "rev_growth_yoy_accel": -0.32949356333411883,
      "op_leverage_ratio": 5.3335607451870874,
      "fcf_margin_change": 1.6352805684251366
    },
    {
      "date": "2024-03-31T00:00:00",
      "quarter_label": "2024-03 (Q1)",
      "revenue": 3400000,
      "gross_profit": null,
      "operating_income": -19510000,
      "net_income": -18978000,
      "opex": 22907000,
      "cogs": null,
      "rd": 17462000,
      "sga": null,
      "fcf": -22442000,
      "ocf": -22425000,
      "capex": -17000,
      "gross_margin": null,
      "op_margin": -5.738235294117647,
      "fcf_margin": -6.600588235294118,
      "rev_growth_yoy": 0.04841196423065063,
      "rev_growth_yoy_accel": -0.10657856863383408,
      "fcf_margin_change": -2.699417275106764
    },
    {
      "date": "2024-06-30T00:00:00",
      "quarter_label": "2024-06 (Q2)",
      "revenue": 9200000,
      "gross_profit": null,
      "operating_income": -11670000,
      "net_income": -11162000,
      "opex": 20867000,
      "cogs": null,
      "rd": 15307000,
      "sga": null,
      "fcf": -16226000,
      "ocf": -16120000,
      "capex": -106000,
      "gross_margin": null,
      "op_margin": -1.2684782608695653,
      "fcf_margin": -1.763695652173913,
      "incr_op_margin_yoy": 1.6480496453900708,
      "rev_growth_yoy": 1.5842696629213484,
      "rev_growth_yoy_accel": 1.5358576986906978,
      "op_leverage_ratio": Infinity,
      "fcf_margin_change": 4.836892583120204
    },
    {
      "date": "2024-09-30T00:00:00",
      "quarter_label": "2024-09 (Q3)",
      "revenue": 3400000,
      "gross_profit": null,
      "operating_income": -13144000,
      "net_income": -12702000,
      "opex": 16529000,
      "cogs": null,
      "rd": 11326000,
      "sga": null,
      "fcf": -13020000,
      "ocf": -13020000,
      "capex": null,
      "gross_margin": null,
      "op_margin": -3.8658823529411763,
      "fcf_margin": -3.8294117647058825,
      "rev_growth_yoy": -0.11157564672066893,
      "rev_growth_yoy_accel": -1.6958453096420174,
      "fcf_margin_change": -2.0657161125319696
    },
    {
      "date": "2024-12-31T00:00:00",
      "quarter_label": "2024-12 (Q4)",
      "revenue": 3600000,
      "gross_profit": null,
      "operating_income": -17855000,
      "net_income": -17635000,
      "opex": 21508000,
      "cogs": null,
      "rd": 15578000,
      "sga": null,
      "fcf": -8352000,
      "ocf": -8352000,
      "capex": null,
      "gross_margin": null,
      "op_margin": -4.959722222222222,
      "fcf_margin": -2.32,
      "rev_growth_yoy": -0.15690866510538642,
      "rev_growth_yoy_accel": -0.0453330183847175,
      "op_leverage_ratio": 0.19527899530971254,
      "fcf_margin_change": 1.5094117647058827
    },
    {
      "date": "2025-03-31T00:00:00",
      "quarter_label": "2025-03 (Q1)",
      "revenue": 3700000,
      "gross_profit": null,
      "operating_income": -9334000,
      "net_income": -9266000,
      "opex": 13063000,
      "cogs": null,
      "rd": 9156000,
      "sga": null,
      "fcf": -10067000,
      "ocf": -10067000,
      "capex": null,
      "gross_margin": null,
      "op_margin": -2.522702702702703,
      "fcf_margin": -2.7208108108108107,
      "rev_growth_yoy": 0.08823529411764706,
      "rev_growth_yoy_accel": 0.2451439592230335,
      "op_leverage_ratio": Infinity,
      "fcf_margin_change": -0.4008108108108108
    },
    {
      "date": "2025-09-30T00:00:00",
      "quarter_label": "2025-09 (Q3)",
      "revenue": 45300000,
      "gross_profit": null,
      "operating_income": 43814000,
      "net_income": 44717000,
      "opex": 1436000,
      "cogs": null,
      "rd": 197000,
      "sga": null,
      "fcf": 1908000,
      "ocf": 1908000,
      "capex": null,
      "gross_margin": null,
      "op_margin": 0.96719646799117,
      "fcf_margin": 0.042119205298013246,
      "incr_op_margin_yoy": 1.359379474940334,
      "rev_growth_yoy": 12.323529411764707,
      "rev_growth_yoy_accel": 12.23529411764706,
      "op_leverage_ratio": Infinity,
      "fcf_margin_change": 2.762930016108824
    }
  ],
  "signals": [
    {
      "quarter": "2025-09 (Q3)",
      "signal": "FCF TURNED POSITIVE",
      "detail": "FCF margin: -272.1% -> +4.2%",
      "severity": "HIGH"
    },
    {
      "quarter": "2025-09 (Q3)",
      "signal": "YoY REVENUE GROWTH ACCELERATION",
      "detail": "YoY growth: +1232.4% vs prior quarter YoY: +8.8% (accel: +1223.5%)",
      "severity": "HIGH"
    },
    {
      "quarter": "2025-09 (Q3)",
      "signal": "OP MARGIN TURNED POSITIVE (YoY)",
      "detail": "Op margin: -386.6% (year-ago) -> +96.7%",
      "severity": "HIGH"
    },
    {
      "quarter": "2025-09 (Q3)",
      "signal": "OP MARGIN TURNED POSITIVE (QoQ)",
      "detail": "Op margin: -252.3% -> +96.7%",
      "severity": "HIGH"
    },
    {
      "quarter": "2025-03 (Q1)",
      "signal": "YoY REVENUE GROWTH ACCELERATION",
      "detail": "YoY growth: +8.8% vs prior quarter YoY: -15.7% (accel: +24.5%)",
      "severity": "HIGH"
    },
    {
      "quarter": "2024-12 (Q4)",
      "signal": "FCF MARGIN EXPANSION",
      "detail": "FCF margin: -382.9% -> -232.0% (+150.9%)",
      "severity": "MEDIUM"
    },
    {
      "quarter": "2024-09 (Q3)",
      "signal": "YoY REVENUE GROWTH DECELERATION",
      "detail": "YoY growth: -11.2% vs prior quarter YoY: +158.4% (decel: -169.6%)",
      "severity": "WARNING"
    },
    {
      "quarter": "2024-06 (Q2)",
      "signal": "FCF MARGIN EXPANSION",
      "detail": "FCF margin: -660.1% -> -176.4% (+483.7%)",
      "severity": "MEDIUM"
    },
    {
      "quarter": "2024-06 (Q2)",
      "signal": "YoY REVENUE GROWTH ACCELERATION",
      "detail": "YoY growth: +158.4% vs prior quarter YoY: +4.8% (accel: +153.6%)",
      "severity": "HIGH"
    },
    {
      "quarter": "2024-03 (Q1)",
      "signal": "YoY REVENUE GROWTH DECELERATION",
      "detail": "YoY growth: +4.8% vs prior quarter YoY: +15.5% (decel: -10.7%)",
      "severity": "WARNING"
    },
    {
      "quarter": "2023-12 (Q4)",
      "signal": "FCF MARGIN EXPANSION",
      "detail": "FCF margin: -553.6% -> -390.1% (+163.5%)",
      "severity": "MEDIUM"
    },
    {
      "quarter": "2023-12 (Q4)",
      "signal": "OPERATING LEVERAGE",
      "detail": "Rev growth +11.6% vs OpEx growth +2.2% (leverage: 5.3x)",
      "severity": "MEDIUM"
    },
    {
      "quarter": "2023-12 (Q4)",
      "signal": "YoY REVENUE GROWTH DECELERATION",
      "detail": "YoY growth: +15.5% vs prior quarter YoY: +48.4% (decel: -32.9%)",
      "severity": "WARNING"
    },
    {
      "quarter": "2023-09 (Q3)",
      "signal": "YoY REVENUE GROWTH ACCELERATION",
      "detail": "YoY growth: +48.4% vs prior quarter YoY: +31.7% (accel: +16.7%)",
      "severity": "HIGH"
    },
    {
      "quarter": "2023-06 (Q2)",
      "signal": "FCF MARGIN EXPANSION",
      "detail": "FCF margin: -791.5% -> -527.9% (+263.6%)",
      "severity": "MEDIUM"
    },
    {
      "quarter": "2023-06 (Q2)",
      "signal": "YoY REVENUE GROWTH DECELERATION",
      "detail": "YoY growth: +31.7% vs prior quarter YoY: +294.5% (decel: -262.8%)",
      "severity": "WARNING"
    },
    {
      "quarter": "2023-03 (Q1)",
      "signal": "YoY REVENUE GROWTH ACCELERATION",
      "detail": "YoY growth: +294.5% vs prior quarter YoY: -81.5% (accel: +376.0%)",
      "severity": "HIGH"
    },
    {
      "quarter": "2022-09 (Q3)",
      "signal": "FCF MARGIN EXPANSION",
      "detail": "FCF margin: -567.1% -> -412.1% (+155.0%)",
      "severity": "MEDIUM"
    },
    {
      "quarter": "2022-09 (Q3)",
      "signal": "OP MARGIN TURNED POSITIVE (QoQ)",
      "detail": "Op margin: -1331.7% -> +767.3%",
      "severity": "HIGH"
    },
    {
      "quarter": "2022-06 (Q2)",
      "signal": "YoY REVENUE GROWTH ACCELERATION",
      "detail": "YoY growth: +21.0% vs prior quarter YoY: -80.9% (accel: +101.9%)",
      "severity": "HIGH"
    },
    {
      "quarter": "2022-03 (Q1)",
      "signal": "FCF TURNED POSITIVE",
      "detail": "FCF margin: -63.0% -> +4087.2%",
      "severity": "HIGH"
    }
  ],
  "data_quality": {
    "n_quarters": 20,
    "coverage": {
      "revenue": [
        20,
        20
      ],
      "gross_profit": [
        0,
        20
      ],
      "op_income": [
        19,
        20
      ],
      "fcf": [
        19,
        20
      ]
    },
    "gaps": [
      [
        "2025-03 (Q1)",
        "2025-09 (Q3)",
        183
      ]
    ],
    "warnings": [
      "gross_profit: no data",
      "gap: 1Q missing between 2025-03 (Q1) and 2025-09 (Q3)"
    ]
  },
  "market_cap": null,
  "source": "SEC EDGAR",
  "last_updated": "2026-02-03T01:04:35.774809"
}