{
  "ticker": "CARR",
  "name": "CARRIER GLOBAL CORPORATION",
  "quarters": [
    {
      "date": "2020-12-31T00:00:00",
      "quarter_label": "2020-12 (Q4)",
      "revenue": 4594000000,
      "gross_profit": null,
      "operating_income": 1245000000,
      "net_income": null,
      "opex": 4246000000,
      "cogs": null,
      "rd": 127000000,
      "sga": 810000000,
      "fcf": 199000000,
      "ocf": 199000000,
      "capex": null,
      "gross_margin": null,
      "op_margin": 0.2710056595559425,
      "fcf_margin": 0.043317370483239005
    },
    {
      "date": "2021-03-31T00:00:00",
      "quarter_label": "2021-03 (Q1)",
      "revenue": 4699000000,
      "gross_profit": null,
      "operating_income": 571000000,
      "net_income": null,
      "opex": 4169000000,
      "cogs": null,
      "rd": 121000000,
      "sga": 743000000,
      "fcf": 184000000,
      "ocf": 184000000,
      "capex": null,
      "gross_margin": null,
      "op_margin": 0.12151521600340498,
      "fcf_margin": 0.0391572675037242,
      "op_leverage_ratio": Infinity,
      "fcf_margin_change": -0.004160102979514808
    },
    {
      "date": "2021-06-30T00:00:00",
      "quarter_label": "2021-06 (Q2)",
      "revenue": 5440000000,
      "gross_profit": null,
      "operating_income": 783000000,
      "net_income": null,
      "opex": 4759000000,
      "cogs": null,
      "rd": 125000000,
      "sga": 813000000,
      "fcf": 561000000,
      "ocf": 561000000,
      "capex": null,
      "gross_margin": null,
      "op_margin": 0.14393382352941175,
      "fcf_margin": 0.103125,
      "op_leverage_ratio": 1.1142756662975535,
      "fcf_margin_change": 0.0639677324962758
    },
    {
      "date": "2021-09-30T00:00:00",
      "quarter_label": "2021-09 (Q3)",
      "revenue": 5341000000,
      "gross_profit": null,
      "operating_income": 828000000,
      "net_income": null,
      "opex": 4611000000,
      "cogs": null,
      "rd": 123000000,
      "sga": 748000000,
      "fcf": 579000000,
      "ocf": 579000000,
      "capex": null,
      "gross_margin": null,
      "op_margin": 0.15502714847406854,
      "fcf_margin": 0.10840666541846096,
      "fcf_margin_change": 0.005281665418460965
    },
    {
      "date": "2021-12-31T00:00:00",
      "quarter_label": "2021-12 (Q4)",
      "revenue": 5133000000,
      "gross_profit": null,
      "operating_income": 463000000,
      "net_income": null,
      "opex": 4717000000,
      "cogs": null,
      "rd": 134000000,
      "sga": 816000000,
      "fcf": 913000000,
      "ocf": 913000000,
      "capex": null,
      "gross_margin": null,
      "op_margin": 0.09020066238067408,
      "fcf_margin": 0.17786869277225795,
      "incr_op_margin_yoy": -1.450834879406308,
      "rev_growth_yoy": 0.1173269481932956,
      "fcf_margin_change": 0.06946202735379699
    },
    {
      "date": "2022-03-31T00:00:00",
      "quarter_label": "2022-03 (Q1)",
      "revenue": 4654000000,
      "gross_profit": null,
      "operating_income": 1737000000,
      "net_income": null,
      "opex": 4087000000,
      "cogs": null,
      "rd": 125000000,
      "sga": 601000000,
      "fcf": -202000000,
      "ocf": -202000000,
      "capex": null,
      "gross_margin": null,
      "op_margin": 0.37322733132789,
      "fcf_margin": -0.04340352385045122,
      "incr_op_margin_yoy": -25.91111111111111,
      "rev_growth_yoy": -0.009576505639497766,
      "rev_growth_yoy_accel": -0.12690345383279336,
      "fcf_margin_change": -0.22127221662270918
    },
    {
      "date": "2022-06-30T00:00:00",
      "quarter_label": "2022-06 (Q2)",
      "revenue": 5211000000,
      "gross_profit": null,
      "operating_income": 819000000,
      "net_income": null,
      "opex": 4500000000,
      "cogs": null,
      "rd": 122000000,
      "sga": 614000000,
      "fcf": 32000000,
      "ocf": 32000000,
      "capex": null,
      "gross_margin": null,
      "op_margin": 0.15716753022452504,
      "fcf_margin": 0.006140855881788524,
      "incr_op_margin_yoy": -0.1572052401746725,
      "rev_growth_yoy": -0.04209558823529412,
      "rev_growth_yoy_accel": -0.032519082595796354,
      "op_leverage_ratio": 1.1843591026907,
      "fcf_margin_change": 0.04954437973223975
    },
    {
      "date": "2022-09-30T00:00:00",
      "quarter_label": "2022-09 (Q3)",
      "revenue": 5451000000,
      "gross_profit": null,
      "operating_income": 1526000000,
      "net_income": null,
      "opex": 4741000000,
      "cogs": null,
      "rd": 143000000,
      "sga": 624000000,
      "fcf": 790000000,
      "ocf": 790000000,
      "capex": null,
      "gross_margin": null,
      "op_margin": 0.27994863327829755,
      "fcf_margin": 0.14492753623188406,
      "incr_op_margin_yoy": 6.345454545454546,
      "rev_growth_yoy": 0.020595394120951134,
      "rev_growth_yoy_accel": 0.06269098235624526,
      "op_leverage_ratio": 0.8599746307483929,
      "fcf_margin_change": 0.13878668035009553
    },
    {
      "date": "2022-12-31T00:00:00",
      "quarter_label": "2022-12 (Q4)",
      "revenue": 5105000000,
      "gross_profit": null,
      "operating_income": 433000000,
      "net_income": null,
      "opex": 4680000000,
      "cogs": null,
      "rd": 149000000,
      "sga": 673000000,
      "fcf": 1123000000,
      "ocf": 1123000000,
      "capex": null,
      "gross_margin": null,
      "op_margin": 0.08481880509304604,
      "fcf_margin": 0.2199804113614104,
      "incr_op_margin_yoy": 1.0714285714285714,
      "rev_growth_yoy": -0.005454899668809663,
      "rev_growth_yoy_accel": -0.026050293789760797,
      "fcf_margin_change": 0.07505287512952633
    },
    {
      "date": "2023-03-31T00:00:00",
      "quarter_label": "2023-03 (Q1)",
      "revenue": 5273000000,
      "gross_profit": null,
      "operating_income": 555000000,
      "net_income": null,
      "opex": 4755000000,
      "cogs": null,
      "rd": 139000000,
      "sga": 721000000,
      "fcf": 120000000,
      "ocf": 120000000,
      "capex": null,
      "gross_margin": null,
      "op_margin": 0.10525317655983311,
      "fcf_margin": 0.022757443580504456,
      "incr_op_margin_yoy": -1.9095315024232633,
      "rev_growth_yoy": 0.13300386764073915,
      "rev_growth_yoy_accel": 0.1384587673095488,
      "op_leverage_ratio": 2.0535161606268364,
      "fcf_margin_change": -0.19722296778090592
    },
    {
      "date": "2023-06-30T00:00:00",
      "quarter_label": "2023-06 (Q2)",
      "revenue": 5992000000,
      "gross_profit": null,
      "operating_income": 489000000,
      "net_income": null,
      "opex": 5172000000,
      "cogs": null,
      "rd": 151000000,
      "sga": 784000000,
      "fcf": 384000000,
      "ocf": 384000000,
      "capex": null,
      "gross_margin": null,
      "op_margin": 0.08160881174899866,
      "fcf_margin": 0.06408544726301736,
      "incr_op_margin_yoy": -0.4225352112676056,
      "rev_growth_yoy": 0.14987526386490116,
      "rev_growth_yoy_accel": 0.016871396224162005,
      "op_leverage_ratio": 1.5548395723019537,
      "fcf_margin_change": 0.04132800368251291
    },
    {
      "date": "2023-09-30T00:00:00",
      "quarter_label": "2023-09 (Q3)",
      "revenue": 5731000000,
      "gross_profit": null,
      "operating_income": 645000000,
      "net_income": 357000000,
      "opex": 4903000000,
      "cogs": null,
      "rd": 157000000,
      "sga": 831000000,
      "fcf": 1041000000,
      "ocf": 1041000000,
      "capex": null,
      "gross_margin": null,
      "op_margin": 0.11254580352469028,
      "fcf_margin": 0.1816436922003141,
      "incr_op_margin_yoy": -3.1464285714285714,
      "rev_growth_yoy": 0.051366721702439916,
      "rev_growth_yoy_accel": -0.09850854216246124,
      "fcf_margin_change": 0.11755824493729673
    },
    {
      "date": "2023-12-31T00:00:00",
      "quarter_label": "2023-12 (Q4)",
      "revenue": 4316000000,
      "gross_profit": null,
      "operating_income": 539000000,
      "net_income": 420000000,
      "opex": 4799000000,
      "cogs": null,
      "rd": 170000000,
      "sga": 961000000,
      "fcf": 1062000000,
      "ocf": 1062000000,
      "capex": null,
      "gross_margin": null,
      "op_margin": 0.12488415199258572,
      "fcf_margin": 0.24606116774791473,
      "incr_op_margin_yoy": -0.13434727503168567,
      "rev_growth_yoy": -0.15455435847208618,
      "rev_growth_yoy_accel": -0.2059210801745261,
      "fcf_margin_change": 0.06441747554760063
    },
    {
      "date": "2024-03-31T00:00:00",
      "quarter_label": "2024-03 (Q1)",
      "revenue": 6182000000,
      "gross_profit": null,
      "operating_income": 500000000,
      "net_income": 269000000,
      "opex": 5686000000,
      "cogs": null,
      "rd": 224000000,
      "sga": 985000000,
      "fcf": 40000000,
      "ocf": 40000000,
      "capex": null,
      "gross_margin": null,
      "op_margin": 0.08087997411840828,
      "fcf_margin": 0.006470397929472662,
      "incr_op_margin_yoy": -0.06050605060506051,
      "rev_growth_yoy": 0.17238763512232125,
      "rev_growth_yoy_accel": 0.32694199359440745,
      "op_leverage_ratio": 2.3391460212543866,
      "fcf_margin_change": -0.23959076981844207
    },
    {
      "date": "2024-06-30T00:00:00",
      "quarter_label": "2024-06 (Q2)",
      "revenue": 6689000000,
      "gross_profit": null,
      "operating_income": 3691000000,
      "net_income": 2337000000,
      "opex": 5973000000,
      "cogs": null,
      "rd": 187000000,
      "sga": 975000000,
      "fcf": 660000000,
      "ocf": 660000000,
      "capex": null,
      "gross_margin": null,
      "op_margin": 0.551801465091942,
      "fcf_margin": 0.09866945731798475,
      "incr_op_margin_yoy": 4.593974175035868,
      "rev_growth_yoy": 0.11632176234979973,
      "rev_growth_yoy_accel": -0.05606587277252152,
      "op_leverage_ratio": 1.6248149905818512,
      "fcf_margin_change": 0.09219905938851208
    },
    {
      "date": "2024-09-30T00:00:00",
      "quarter_label": "2024-09 (Q3)",
      "revenue": 5984000000,
      "gross_profit": null,
      "operating_income": 763000000,
      "net_income": 447000000,
      "opex": 5278000000,
      "cogs": null,
      "rd": 172000000,
      "sga": 799000000,
      "fcf": -269000000,
      "ocf": -269000000,
      "capex": null,
      "gross_margin": null,
      "op_margin": 0.1275066844919786,
      "fcf_margin": -0.04495320855614973,
      "incr_op_margin_yoy": 0.466403162055336,
      "rev_growth_yoy": 0.044145873320537425,
      "rev_growth_yoy_accel": -0.07217588902926231,
      "fcf_margin_change": -0.14362266587413447
    },
    {
      "date": "2024-12-31T00:00:00",
      "quarter_label": "2024-12 (Q4)",
      "revenue": 5148000000,
      "gross_profit": null,
      "operating_income": 774000000,
      "net_income": 2551000000,
      "opex": 4769000000,
      "cogs": null,
      "rd": 162000000,
      "sga": 803000000,
      "fcf": 132000000,
      "ocf": 132000000,
      "capex": null,
      "gross_margin": null,
      "op_margin": 0.15034965034965034,
      "fcf_margin": 0.02564102564102564,
      "incr_op_margin_yoy": 0.2824519230769231,
      "rev_growth_yoy": 0.1927710843373494,
      "rev_growth_yoy_accel": 0.14862521101681198,
      "fcf_margin_change": 0.07059423419717537
    },
    {
      "date": "2025-03-31T00:00:00",
      "quarter_label": "2025-03 (Q1)",
      "revenue": 5218000000,
      "gross_profit": null,
      "operating_income": 629000000,
      "net_income": 412000000,
      "opex": 4655000000,
      "cogs": null,
      "rd": 153000000,
      "sga": 729000000,
      "fcf": 483000000,
      "ocf": 483000000,
      "capex": null,
      "gross_margin": null,
      "op_margin": 0.12054426983518589,
      "fcf_margin": 0.09256420084323495,
      "incr_op_margin_yoy": -0.1338174273858921,
      "rev_growth_yoy": -0.15593659010029118,
      "rev_growth_yoy_accel": -0.3487076744376406,
      "op_leverage_ratio": Infinity,
      "fcf_margin_change": 0.0669231752022093
    },
    {
      "date": "2025-06-30T00:00:00",
      "quarter_label": "2025-06 (Q2)",
      "revenue": 6113000000,
      "gross_profit": null,
      "operating_income": 903000000,
      "net_income": 591000000,
      "opex": 5318000000,
      "cogs": null,
      "rd": 161000000,
      "sga": 813000000,
      "fcf": 649000000,
      "ocf": 649000000,
      "capex": null,
      "gross_margin": null,
      "op_margin": 0.1477179780795027,
      "fcf_margin": 0.10616718468836905,
      "incr_op_margin_yoy": 4.840277777777778,
      "rev_growth_yoy": -0.08611152638660487,
      "rev_growth_yoy_accel": 0.06982506371368631,
      "op_leverage_ratio": 1.2042734657326681,
      "fcf_margin_change": 0.0136029838451341
    },
    {
      "date": "2025-09-30T00:00:00",
      "quarter_label": "2025-09 (Q3)",
      "revenue": 5579000000,
      "gross_profit": null,
      "operating_income": 539000000,
      "net_income": 428000000,
      "opex": 5084000000,
      "cogs": null,
      "rd": 151000000,
      "sga": 803000000,
      "fcf": 341000000,
      "ocf": 341000000,
      "capex": null,
      "gross_margin": null,
      "op_margin": 0.09661229611041405,
      "fcf_margin": 0.06112206488618032,
      "incr_op_margin_yoy": 0.5530864197530864,
      "rev_growth_yoy": -0.06768048128342247,
      "rev_growth_yoy_accel": 0.0184310451031824,
      "fcf_margin_change": -0.045045119802188734
    }
  ],
  "signals": [
    {
      "quarter": "2025-09 (Q3)",
      "signal": "INCREMENTAL MARGIN (YoY)",
      "detail": "YoY Incr OPM: +55.3% vs year-ago OPM: +12.8%",
      "severity": "HIGH"
    },
    {
      "quarter": "2025-06 (Q2)",
      "signal": "YoY REVENUE GROWTH ACCELERATION",
      "detail": "YoY growth: -8.6% vs prior quarter YoY: -15.6% (accel: +7.0%)",
      "severity": "MEDIUM"
    },
    {
      "quarter": "2025-06 (Q2)",
      "signal": "INCREMENTAL MARGIN (YoY)",
      "detail": "YoY Incr OPM: +484.0% vs year-ago OPM: +55.2%",
      "severity": "HIGH"
    },
    {
      "quarter": "2025-03 (Q1)",
      "signal": "FCF MARGIN EXPANSION",
      "detail": "FCF margin: +2.6% -> +9.3% (+6.7%)",
      "severity": "MEDIUM"
    },
    {
      "quarter": "2025-03 (Q1)",
      "signal": "YoY REVENUE GROWTH DECELERATION",
      "detail": "YoY growth: -15.6% vs prior quarter YoY: +19.3% (decel: -34.9%)",
      "severity": "WARNING"
    },
    {
      "quarter": "2024-12 (Q4)",
      "signal": "FCF TURNED POSITIVE",
      "detail": "FCF margin: -4.5% -> +2.6%",
      "severity": "HIGH"
    },
    {
      "quarter": "2024-12 (Q4)",
      "signal": "YoY REVENUE GROWTH ACCELERATION",
      "detail": "YoY growth: +19.3% vs prior quarter YoY: +4.4% (accel: +14.9%)",
      "severity": "MEDIUM"
    },
    {
      "quarter": "2024-12 (Q4)",
      "signal": "INCREMENTAL MARGIN (YoY)",
      "detail": "YoY Incr OPM: +28.2% vs year-ago OPM: +12.5%",
      "severity": "MEDIUM"
    },
    {
      "quarter": "2024-09 (Q3)",
      "signal": "YoY REVENUE GROWTH DECELERATION",
      "detail": "YoY growth: +4.4% vs prior quarter YoY: +11.6% (decel: -7.2%)",
      "severity": "WARNING"
    },
    {
      "quarter": "2024-09 (Q3)",
      "signal": "INCREMENTAL MARGIN (YoY)",
      "detail": "YoY Incr OPM: +46.6% vs year-ago OPM: +11.3%",
      "severity": "HIGH"
    },
    {
      "quarter": "2024-06 (Q2)",
      "signal": "FCF MARGIN EXPANSION",
      "detail": "FCF margin: +0.6% -> +9.9% (+9.2%)",
      "severity": "MEDIUM"
    },
    {
      "quarter": "2024-06 (Q2)",
      "signal": "OPERATING LEVERAGE",
      "detail": "Rev growth +8.2% vs OpEx growth +5.0% (leverage: 1.6x)",
      "severity": "MEDIUM"
    },
    {
      "quarter": "2024-06 (Q2)",
      "signal": "YoY REVENUE GROWTH DECELERATION",
      "detail": "YoY growth: +11.6% vs prior quarter YoY: +17.2% (decel: -5.6%)",
      "severity": "WARNING"
    },
    {
      "quarter": "2024-06 (Q2)",
      "signal": "INCREMENTAL MARGIN (YoY)",
      "detail": "YoY Incr OPM: +459.4% vs year-ago OPM: +8.2%",
      "severity": "HIGH"
    },
    {
      "quarter": "2024-03 (Q1)",
      "signal": "OPERATING LEVERAGE",
      "detail": "Rev growth +43.2% vs OpEx growth +18.5% (leverage: 2.3x)",
      "severity": "MEDIUM"
    },
    {
      "quarter": "2024-03 (Q1)",
      "signal": "YoY REVENUE GROWTH ACCELERATION",
      "detail": "YoY growth: +17.2% vs prior quarter YoY: -15.5% (accel: +32.7%)",
      "severity": "HIGH"
    },
    {
      "quarter": "2023-12 (Q4)",
      "signal": "FCF MARGIN EXPANSION",
      "detail": "FCF margin: +18.2% -> +24.6% (+6.4%)",
      "severity": "MEDIUM"
    },
    {
      "quarter": "2023-12 (Q4)",
      "signal": "YoY REVENUE GROWTH DECELERATION",
      "detail": "YoY growth: -15.5% vs prior quarter YoY: +5.1% (decel: -20.6%)",
      "severity": "WARNING"
    },
    {
      "quarter": "2023-09 (Q3)",
      "signal": "FCF MARGIN EXPANSION",
      "detail": "FCF margin: +6.4% -> +18.2% (+11.8%)",
      "severity": "MEDIUM"
    },
    {
      "quarter": "2023-09 (Q3)",
      "signal": "YoY REVENUE GROWTH DECELERATION",
      "detail": "YoY growth: +5.1% vs prior quarter YoY: +15.0% (decel: -9.9%)",
      "severity": "WARNING"
    },
    {
      "quarter": "2023-06 (Q2)",
      "signal": "OPERATING LEVERAGE",
      "detail": "Rev growth +13.6% vs OpEx growth +8.8% (leverage: 1.6x)",
      "severity": "MEDIUM"
    },
    {
      "quarter": "2023-03 (Q1)",
      "signal": "OPERATING LEVERAGE",
      "detail": "Rev growth +3.3% vs OpEx growth +1.6% (leverage: 2.1x)",
      "severity": "MEDIUM"
    },
    {
      "quarter": "2023-03 (Q1)",
      "signal": "YoY REVENUE GROWTH ACCELERATION",
      "detail": "YoY growth: +13.3% vs prior quarter YoY: -0.5% (accel: +13.8%)",
      "severity": "MEDIUM"
    },
    {
      "quarter": "2022-12 (Q4)",
      "signal": "FCF MARGIN EXPANSION",
      "detail": "FCF margin: +14.5% -> +22.0% (+7.5%)",
      "severity": "MEDIUM"
    },
    {
      "quarter": "2022-12 (Q4)",
      "signal": "INCREMENTAL MARGIN (YoY)",
      "detail": "YoY Incr OPM: +107.1% vs year-ago OPM: +9.0%",
      "severity": "HIGH"
    },
    {
      "quarter": "2022-09 (Q3)",
      "signal": "FCF MARGIN EXPANSION",
      "detail": "FCF margin: +0.6% -> +14.5% (+13.9%)",
      "severity": "MEDIUM"
    },
    {
      "quarter": "2022-09 (Q3)",
      "signal": "YoY REVENUE GROWTH ACCELERATION",
      "detail": "YoY growth: +2.1% vs prior quarter YoY: -4.2% (accel: +6.3%)",
      "severity": "MEDIUM"
    },
    {
      "quarter": "2022-09 (Q3)",
      "signal": "INCREMENTAL MARGIN (YoY)",
      "detail": "YoY Incr OPM: +634.5% vs year-ago OPM: +15.5%",
      "severity": "HIGH"
    },
    {
      "quarter": "2022-06 (Q2)",
      "signal": "FCF TURNED POSITIVE",
      "detail": "FCF margin: -4.3% -> +0.6%",
      "severity": "HIGH"
    },
    {
      "quarter": "2022-03 (Q1)",
      "signal": "YoY REVENUE GROWTH DECELERATION",
      "detail": "YoY growth: -1.0% vs prior quarter YoY: +11.7% (decel: -12.7%)",
      "severity": "WARNING"
    },
    {
      "quarter": "2021-12 (Q4)",
      "signal": "FCF MARGIN EXPANSION",
      "detail": "FCF margin: +10.8% -> +17.8% (+6.9%)",
      "severity": "MEDIUM"
    },
    {
      "quarter": "2021-06 (Q2)",
      "signal": "FCF MARGIN EXPANSION",
      "detail": "FCF margin: +3.9% -> +10.3% (+6.4%)",
      "severity": "MEDIUM"
    }
  ],
  "data_quality": {
    "n_quarters": 20,
    "coverage": {
      "revenue": [
        20,
        20
      ],
      "gross_profit": [
        0,
        20
      ],
      "op_income": [
        20,
        20
      ],
      "fcf": [
        20,
        20
      ]
    },
    "gaps": [],
    "warnings": [
      "gross_profit: no data"
    ]
  },
  "market_cap": null,
  "source": "SEC EDGAR",
  "last_updated": "2026-02-02T20:00:23.453843"
}