{
  "ticker": "CARS",
  "name": "Cars.com Inc.",
  "quarters": [
    {
      "date": "2020-12-31T00:00:00",
      "quarter_label": "2020-12 (Q4)",
      "revenue": 153008000,
      "gross_profit": null,
      "operating_income": 15897000,
      "net_income": 7219000,
      "opex": 137111000,
      "cogs": null,
      "rd": null,
      "sga": null,
      "fcf": 37641000,
      "ocf": 41750000,
      "capex": -4109000,
      "gross_margin": null,
      "op_margin": 0.10389652828610269,
      "fcf_margin": 0.2460067447453728
    },
    {
      "date": "2021-03-31T00:00:00",
      "quarter_label": "2021-03 (Q1)",
      "revenue": 153295000,
      "gross_profit": null,
      "operating_income": 16547000,
      "net_income": 5278000,
      "opex": 136748000,
      "cogs": null,
      "rd": null,
      "sga": null,
      "fcf": 44143000,
      "ocf": 50362000,
      "capex": -6219000,
      "gross_margin": null,
      "op_margin": 0.10794220294203986,
      "fcf_margin": 0.2879611207149613,
      "fcf_margin_change": 0.04195437596958854
    },
    {
      "date": "2021-06-30T00:00:00",
      "quarter_label": "2021-06 (Q2)",
      "revenue": 155530000,
      "gross_profit": null,
      "operating_income": 15655000,
      "net_income": 5966000,
      "opex": 139875000,
      "cogs": null,
      "rd": null,
      "sga": null,
      "fcf": 22381000,
      "ocf": 29257000,
      "capex": -6876000,
      "gross_margin": null,
      "op_margin": 0.10065582202790459,
      "fcf_margin": 0.14390149810325983,
      "op_leverage_ratio": 0.6375916777820725,
      "fcf_margin_change": -0.1440596226117015
    },
    {
      "date": "2021-09-30T00:00:00",
      "quarter_label": "2021-09 (Q3)",
      "revenue": 156553000,
      "gross_profit": null,
      "operating_income": 12074000,
      "net_income": 2431000,
      "opex": 144479000,
      "cogs": null,
      "rd": null,
      "sga": null,
      "fcf": 31823000,
      "ocf": 36607000,
      "capex": -4784000,
      "gross_margin": null,
      "op_margin": 0.07712404105957726,
      "fcf_margin": 0.2032730129732423,
      "fcf_margin_change": 0.05937151486998246
    },
    {
      "date": "2021-12-31T00:00:00",
      "quarter_label": "2021-12 (Q4)",
      "revenue": 158305000,
      "gross_profit": null,
      "operating_income": 4062000,
      "net_income": -5956000,
      "opex": 154243000,
      "cogs": null,
      "rd": null,
      "sga": null,
      "fcf": 38205000,
      "ocf": 21777000,
      "capex": 16428000,
      "gross_margin": null,
      "op_margin": 0.025659328511417834,
      "fcf_margin": 0.24133792362843878,
      "incr_op_margin_yoy": -2.2342835567302246,
      "rev_growth_yoy": 0.03461910488340479,
      "op_leverage_ratio": 0.1655959320015998,
      "fcf_margin_change": 0.03806491065519649
    },
    {
      "date": "2022-03-31T00:00:00",
      "quarter_label": "2022-03 (Q1)",
      "revenue": 158207000,
      "gross_profit": null,
      "operating_income": 10941000,
      "net_income": 4340000,
      "opex": 147266000,
      "cogs": null,
      "rd": null,
      "sga": null,
      "fcf": 29866000,
      "ocf": 30358000,
      "capex": -492000,
      "gross_margin": null,
      "op_margin": 0.06915623202513163,
      "fcf_margin": 0.18877799338840887,
      "incr_op_margin_yoy": -1.14128664495114,
      "rev_growth_yoy": 0.03204279330702241,
      "rev_growth_yoy_accel": -0.002576311576382384,
      "fcf_margin_change": -0.05255993024002992
    },
    {
      "date": "2022-06-30T00:00:00",
      "quarter_label": "2022-06 (Q2)",
      "revenue": 162873000,
      "gross_profit": null,
      "operating_income": 15385000,
      "net_income": 5545000,
      "opex": 147488000,
      "cogs": null,
      "rd": null,
      "sga": null,
      "fcf": 11483000,
      "ocf": 11922000,
      "capex": -439000,
      "gross_margin": null,
      "op_margin": 0.09446010081474523,
      "fcf_margin": 0.07050278437801231,
      "incr_op_margin_yoy": -0.03676971265150483,
      "rev_growth_yoy": 0.04721275638140552,
      "rev_growth_yoy_accel": 0.015169963074383112,
      "op_leverage_ratio": 19.56449108725557,
      "fcf_margin_change": -0.11827520901039655
    },
    {
      "date": "2022-09-30T00:00:00",
      "quarter_label": "2022-09 (Q3)",
      "revenue": 164595000,
      "gross_profit": null,
      "operating_income": 19899000,
      "net_income": -2941000,
      "opex": 144696000,
      "cogs": null,
      "rd": null,
      "sga": null,
      "fcf": 48690000,
      "ocf": 49011000,
      "capex": -321000,
      "gross_margin": null,
      "op_margin": 0.12089674655973753,
      "fcf_margin": 0.29581700537683403,
      "incr_op_margin_yoy": 0.9730166625217608,
      "rev_growth_yoy": 0.05136918487668713,
      "rev_growth_yoy_accel": 0.004156428495281611,
      "op_leverage_ratio": Infinity,
      "fcf_margin_change": 0.2253142209988217
    },
    {
      "date": "2022-12-31T00:00:00",
      "quarter_label": "2022-12 (Q4)",
      "revenue": 168201000,
      "gross_profit": null,
      "operating_income": 19811000,
      "net_income": 10262000,
      "opex": 148390000,
      "cogs": null,
      "rd": null,
      "sga": null,
      "fcf": 36644000,
      "ocf": 37220000,
      "capex": -576000,
      "gross_margin": null,
      "op_margin": 0.11778170165456804,
      "fcf_margin": 0.21785839561001422,
      "incr_op_margin_yoy": 1.5914510913500404,
      "rev_growth_yoy": 0.06251223903224788,
      "rev_growth_yoy_accel": 0.011143054155560751,
      "op_leverage_ratio": 0.8581608911493196,
      "fcf_margin_change": -0.07795860976681981
    },
    {
      "date": "2023-03-31T00:00:00",
      "quarter_label": "2023-03 (Q1)",
      "revenue": 167068000,
      "gross_profit": null,
      "operating_income": 12529000,
      "net_income": 11479000,
      "opex": 154539000,
      "cogs": null,
      "rd": null,
      "sga": null,
      "fcf": 27942000,
      "ocf": 28141000,
      "capex": -199000,
      "gross_margin": null,
      "op_margin": 0.07499341585462208,
      "fcf_margin": 0.167249263772835,
      "incr_op_margin_yoy": 0.17921227852386865,
      "rev_growth_yoy": 0.05600889973262877,
      "rev_growth_yoy_accel": -0.006503339299619111,
      "fcf_margin_change": -0.050609131837179216
    },
    {
      "date": "2023-06-30T00:00:00",
      "quarter_label": "2023-06 (Q2)",
      "revenue": 168176000,
      "gross_profit": null,
      "operating_income": 12334000,
      "net_income": 94126000,
      "opex": 155842000,
      "cogs": null,
      "rd": null,
      "sga": null,
      "fcf": 27732000,
      "ocf": 28041000,
      "capex": -309000,
      "gross_margin": null,
      "op_margin": 0.07333983445913804,
      "fcf_margin": 0.1648986775758729,
      "incr_op_margin_yoy": -0.5753347161983783,
      "rev_growth_yoy": 0.03255911047257679,
      "rev_growth_yoy_accel": -0.02344978926005198,
      "fcf_margin_change": -0.002350586196962101
    },
    {
      "date": "2023-09-30T00:00:00",
      "quarter_label": "2023-09 (Q3)",
      "revenue": 174333000,
      "gross_profit": null,
      "operating_income": 14318000,
      "net_income": 4491000,
      "opex": 160015000,
      "cogs": null,
      "rd": null,
      "sga": null,
      "fcf": 35169000,
      "ocf": 35398000,
      "capex": -229000,
      "gross_margin": null,
      "op_margin": 0.08213017615712459,
      "fcf_margin": 0.20173461134724924,
      "incr_op_margin_yoy": -0.573115629492709,
      "rev_growth_yoy": 0.05916340107536681,
      "rev_growth_yoy_accel": 0.026604290602790015,
      "op_leverage_ratio": 1.3672290053283218,
      "fcf_margin_change": 0.03683593377137634
    },
    {
      "date": "2023-12-31T00:00:00",
      "quarter_label": "2023-12 (Q4)",
      "revenue": 179606000,
      "gross_profit": null,
      "operating_income": 14935000,
      "net_income": 8346000,
      "opex": 164671000,
      "cogs": null,
      "rd": null,
      "sga": null,
      "fcf": 44597000,
      "ocf": 45140000,
      "capex": -543000,
      "gross_margin": null,
      "op_margin": 0.08315423760898856,
      "fcf_margin": 0.2483046223400109,
      "incr_op_margin_yoy": -0.42753178430512934,
      "rev_growth_yoy": 0.06780577998941742,
      "rev_growth_yoy_accel": 0.008642378914050612,
      "op_leverage_ratio": 1.039503346461229,
      "fcf_margin_change": 0.04657001099276167
    },
    {
      "date": "2024-03-31T00:00:00",
      "quarter_label": "2024-03 (Q1)",
      "revenue": 180176000,
      "gross_profit": null,
      "operating_income": 12744000,
      "net_income": 784000,
      "opex": 167432000,
      "cogs": null,
      "rd": null,
      "sga": null,
      "fcf": 32760000,
      "ocf": 33468000,
      "capex": -708000,
      "gross_margin": null,
      "op_margin": 0.07073084095551017,
      "fcf_margin": 0.181822218275464,
      "incr_op_margin_yoy": 0.016402197131522734,
      "rev_growth_yoy": 0.0784590705580961,
      "rev_growth_yoy_accel": 0.010653290568678683,
      "fcf_margin_change": -0.06648240406454692
    },
    {
      "date": "2024-06-30T00:00:00",
      "quarter_label": "2024-06 (Q2)",
      "revenue": 178894000,
      "gross_profit": null,
      "operating_income": 9517000,
      "net_income": 11381000,
      "opex": 169377000,
      "cogs": null,
      "rd": null,
      "sga": null,
      "fcf": 34863000,
      "ocf": 35254000,
      "capex": -391000,
      "gross_margin": null,
      "op_margin": 0.053199101143694034,
      "fcf_margin": 0.19488076738180152,
      "incr_op_margin_yoy": -0.2628288859861915,
      "rev_growth_yoy": 0.0637308533916849,
      "rev_growth_yoy_accel": -0.014728217166411206,
      "fcf_margin_change": 0.013058549106337525
    },
    {
      "date": "2024-09-30T00:00:00",
      "quarter_label": "2024-09 (Q3)",
      "revenue": 179651000,
      "gross_profit": null,
      "operating_income": 11456000,
      "net_income": 18719000,
      "opex": 168195000,
      "cogs": null,
      "rd": null,
      "sga": null,
      "fcf": 52848000,
      "ocf": 53795000,
      "capex": -947000,
      "gross_margin": null,
      "op_margin": 0.06376808367334443,
      "fcf_margin": 0.2941703636495205,
      "incr_op_margin_yoy": -0.5381722452049643,
      "rev_growth_yoy": 0.030504838441373694,
      "rev_growth_yoy_accel": -0.0332260149503112,
      "fcf_margin_change": 0.09928959626771897
    },
    {
      "date": "2024-12-31T00:00:00",
      "quarter_label": "2024-12 (Q4)",
      "revenue": 180431000,
      "gross_profit": null,
      "operating_income": 19781000,
      "net_income": 17304000,
      "opex": 160650000,
      "cogs": null,
      "rd": null,
      "sga": null,
      "fcf": 29053000,
      "ocf": 30007000,
      "capex": -954000,
      "gross_margin": null,
      "op_margin": 0.10963193686229085,
      "fcf_margin": 0.16102000210606826,
      "rev_growth_yoy": 0.004593387748738906,
      "rev_growth_yoy_accel": -0.02591145069263479,
      "fcf_margin_change": -0.13315036154345222
    },
    {
      "date": "2025-03-31T00:00:00",
      "quarter_label": "2025-03 (Q1)",
      "revenue": 179024000,
      "gross_profit": null,
      "operating_income": 6460000,
      "net_income": -2013000,
      "opex": 172564000,
      "cogs": null,
      "rd": null,
      "sga": null,
      "fcf": 28644000,
      "ocf": 29455000,
      "capex": -811000,
      "gross_margin": null,
      "op_margin": 0.03608454732326392,
      "fcf_margin": 0.16000089373491821,
      "incr_op_margin_yoy": 5.454861111111111,
      "rev_growth_yoy": -0.0063937483349613715,
      "rev_growth_yoy_accel": -0.010987136083700277,
      "fcf_margin_change": -0.001019108371150046
    },
    {
      "date": "2025-06-30T00:00:00",
      "quarter_label": "2025-06 (Q2)",
      "revenue": 178739000,
      "gross_profit": null,
      "operating_income": 15246000,
      "net_income": 7009000,
      "opex": 163493000,
      "cogs": null,
      "rd": null,
      "sga": null,
      "fcf": 23697000,
      "ocf": 26228000,
      "capex": -2531000,
      "gross_margin": null,
      "op_margin": 0.08529755677272448,
      "fcf_margin": 0.13257878806527953,
      "rev_growth_yoy": -0.0008664348720471341,
      "rev_growth_yoy_accel": 0.005527313462914237,
      "fcf_margin_change": -0.02742210566963868
    },
    {
      "date": "2025-09-30T00:00:00",
      "quarter_label": "2025-09 (Q3)",
      "revenue": 181573000,
      "gross_profit": null,
      "operating_income": 16805000,
      "net_income": 7658000,
      "opex": 164768000,
      "cogs": null,
      "rd": null,
      "sga": null,
      "fcf": 58279000,
      "ocf": 58838000,
      "capex": -559000,
      "gross_margin": null,
      "op_margin": 0.09255230678570052,
      "fcf_margin": 0.3209673244370033,
      "incr_op_margin_yoy": 2.783038501560874,
      "rev_growth_yoy": 0.010698521021313547,
      "rev_growth_yoy_accel": 0.01156495589336068,
      "op_leverage_ratio": 2.0331503718479205,
      "fcf_margin_change": 0.18838853637172379
    }
  ],
  "signals": [
    {
      "quarter": "2025-09 (Q3)",
      "signal": "FCF MARGIN EXPANSION",
      "detail": "FCF margin: +13.3% -> +32.1% (+18.8%)",
      "severity": "MEDIUM"
    },
    {
      "quarter": "2025-09 (Q3)",
      "signal": "OPERATING LEVERAGE",
      "detail": "Rev growth +1.6% vs OpEx growth +0.8% (leverage: 2.0x)",
      "severity": "MEDIUM"
    },
    {
      "quarter": "2025-09 (Q3)",
      "signal": "INCREMENTAL MARGIN (YoY)",
      "detail": "YoY Incr OPM: +278.3% vs year-ago OPM: +6.4%",
      "severity": "HIGH"
    },
    {
      "quarter": "2025-03 (Q1)",
      "signal": "INCREMENTAL MARGIN (YoY)",
      "detail": "YoY Incr OPM: +545.5% vs year-ago OPM: +7.1%",
      "severity": "HIGH"
    },
    {
      "quarter": "2024-09 (Q3)",
      "signal": "FCF MARGIN EXPANSION",
      "detail": "FCF margin: +19.5% -> +29.4% (+9.9%)",
      "severity": "MEDIUM"
    },
    {
      "quarter": "2023-03 (Q1)",
      "signal": "INCREMENTAL MARGIN (YoY)",
      "detail": "YoY Incr OPM: +17.9% vs year-ago OPM: +6.9%",
      "severity": "MEDIUM"
    },
    {
      "quarter": "2022-12 (Q4)",
      "signal": "INCREMENTAL MARGIN (YoY)",
      "detail": "YoY Incr OPM: +159.1% vs year-ago OPM: +2.6%",
      "severity": "HIGH"
    },
    {
      "quarter": "2022-09 (Q3)",
      "signal": "FCF MARGIN EXPANSION",
      "detail": "FCF margin: +7.1% -> +29.6% (+22.5%)",
      "severity": "MEDIUM"
    },
    {
      "quarter": "2022-09 (Q3)",
      "signal": "INCREMENTAL MARGIN (YoY)",
      "detail": "YoY Incr OPM: +97.3% vs year-ago OPM: +7.7%",
      "severity": "HIGH"
    },
    {
      "quarter": "2022-06 (Q2)",
      "signal": "OPERATING LEVERAGE",
      "detail": "Rev growth +2.9% vs OpEx growth +0.2% (leverage: 19.6x)",
      "severity": "MEDIUM"
    },
    {
      "quarter": "2021-09 (Q3)",
      "signal": "FCF MARGIN EXPANSION",
      "detail": "FCF margin: +14.4% -> +20.3% (+5.9%)",
      "severity": "MEDIUM"
    }
  ],
  "data_quality": {
    "n_quarters": 20,
    "coverage": {
      "revenue": [
        20,
        20
      ],
      "gross_profit": [
        0,
        20
      ],
      "op_income": [
        20,
        20
      ],
      "fcf": [
        20,
        20
      ]
    },
    "gaps": [],
    "warnings": [
      "gross_profit: no data"
    ]
  },
  "market_cap": null,
  "source": "SEC EDGAR",
  "last_updated": "2026-02-02T22:12:32.293002"
}