{
  "ticker": "CASH",
  "name": "PATHWARD FINANCIAL, INC",
  "quarters": [
    {
      "date": "2020-12-31T00:00:00",
      "quarter_label": "2020-12 (Q4)",
      "revenue": 111454000,
      "gross_profit": null,
      "operating_income": null,
      "net_income": 28037000,
      "opex": null,
      "cogs": null,
      "rd": null,
      "sga": null,
      "fcf": 169526000,
      "ocf": 170108000,
      "capex": -582000,
      "gross_margin": null,
      "op_margin": null,
      "fcf_margin": 1.5210400703429217
    },
    {
      "date": "2021-03-31T00:00:00",
      "quarter_label": "2021-03 (Q1)",
      "revenue": 187303000,
      "gross_profit": null,
      "operating_income": null,
      "net_income": 59066000,
      "opex": null,
      "cogs": null,
      "rd": null,
      "sga": null,
      "fcf": 212145000,
      "ocf": 215817000,
      "capex": -3672000,
      "gross_margin": null,
      "op_margin": null,
      "fcf_margin": 1.132630016604112,
      "fcf_margin_change": -0.38841005373880955
    },
    {
      "date": "2021-06-30T00:00:00",
      "quarter_label": "2021-06 (Q2)",
      "revenue": 130928000,
      "gross_profit": null,
      "operating_income": null,
      "net_income": 38701000,
      "opex": null,
      "cogs": null,
      "rd": null,
      "sga": null,
      "fcf": 59592000,
      "ocf": 64786000,
      "capex": -5194000,
      "gross_margin": null,
      "op_margin": null,
      "fcf_margin": 0.4551509226445069,
      "fcf_margin_change": -0.6774790939596051
    },
    {
      "date": "2021-09-30T00:00:00",
      "quarter_label": "2021-09 (Q3)",
      "revenue": 120210000,
      "gross_profit": null,
      "operating_income": null,
      "net_income": 15903000,
      "opex": null,
      "cogs": null,
      "rd": null,
      "sga": null,
      "fcf": 127421000,
      "ocf": 130934000,
      "capex": -3513000,
      "gross_margin": null,
      "op_margin": null,
      "fcf_margin": 1.059986689959238,
      "fcf_margin_change": 0.6048357673147311
    },
    {
      "date": "2021-12-31T00:00:00",
      "quarter_label": "2021-12 (Q4)",
      "revenue": 158204000,
      "gross_profit": null,
      "operating_income": null,
      "net_income": 61324000,
      "opex": null,
      "cogs": null,
      "rd": null,
      "sga": null,
      "fcf": 155563000,
      "ocf": 157512000,
      "capex": -1949000,
      "gross_margin": null,
      "op_margin": null,
      "fcf_margin": 0.9833063639351723,
      "rev_growth_yoy": 0.4194555601414036,
      "fcf_margin_change": -0.07668032602406571
    },
    {
      "date": "2022-03-31T00:00:00",
      "quarter_label": "2022-03 (Q1)",
      "revenue": 193566000,
      "gross_profit": null,
      "operating_income": null,
      "net_income": 49251000,
      "opex": null,
      "cogs": null,
      "rd": null,
      "sga": null,
      "fcf": 136551000,
      "ocf": 138320000,
      "capex": -1769000,
      "gross_margin": null,
      "op_margin": null,
      "fcf_margin": 0.7054493041133257,
      "rev_growth_yoy": 0.0334377986471119,
      "rev_growth_yoy_accel": -0.38601776149429173,
      "fcf_margin_change": -0.2778570598218466
    },
    {
      "date": "2022-06-30T00:00:00",
      "quarter_label": "2022-06 (Q2)",
      "revenue": 126145000,
      "gross_profit": null,
      "operating_income": null,
      "net_income": 22391000,
      "opex": null,
      "cogs": null,
      "rd": null,
      "sga": null,
      "fcf": 2353000,
      "ocf": 4495000,
      "capex": -2142000,
      "gross_margin": null,
      "op_margin": null,
      "fcf_margin": 0.018653137262673907,
      "rev_growth_yoy": -0.03653152877917634,
      "rev_growth_yoy_accel": -0.06996932742628824,
      "fcf_margin_change": -0.6867961668506518
    },
    {
      "date": "2022-09-30T00:00:00",
      "quarter_label": "2022-09 (Q3)",
      "revenue": 123216000,
      "gross_profit": null,
      "operating_income": null,
      "net_income": 23420000,
      "opex": null,
      "cogs": null,
      "rd": null,
      "sga": null,
      "fcf": -12595000,
      "ocf": -10278000,
      "capex": -2317000,
      "gross_margin": null,
      "op_margin": null,
      "fcf_margin": -0.10221886767952214,
      "rev_growth_yoy": 0.025006239081607186,
      "rev_growth_yoy_accel": 0.06153776786078353,
      "fcf_margin_change": -0.12087200494219605
    },
    {
      "date": "2022-12-31T00:00:00",
      "quarter_label": "2022-12 (Q4)",
      "revenue": 149834000,
      "gross_profit": null,
      "operating_income": null,
      "net_income": 27842000,
      "opex": null,
      "cogs": null,
      "rd": null,
      "sga": null,
      "fcf": 46907000,
      "ocf": 48896000,
      "capex": -1989000,
      "gross_margin": null,
      "op_margin": null,
      "fcf_margin": 0.3130597861633541,
      "rev_growth_yoy": -0.05290637404869662,
      "rev_growth_yoy_accel": -0.07791261313030381,
      "fcf_margin_change": 0.41527865384287627
    },
    {
      "date": "2023-03-31T00:00:00",
      "quarter_label": "2023-03 (Q1)",
      "revenue": 228443000,
      "gross_profit": null,
      "operating_income": null,
      "net_income": 54771000,
      "opex": null,
      "cogs": null,
      "rd": null,
      "sga": null,
      "fcf": 145996000,
      "ocf": 147435000,
      "capex": -1439000,
      "gross_margin": null,
      "op_margin": null,
      "fcf_margin": 0.6390915895868992,
      "rev_growth_yoy": 0.18018143682258247,
      "rev_growth_yoy_accel": 0.2330878108712791,
      "fcf_margin_change": 0.32603180342354504
    },
    {
      "date": "2023-06-30T00:00:00",
      "quarter_label": "2023-06 (Q2)",
      "revenue": 165198000,
      "gross_profit": null,
      "operating_income": null,
      "net_income": 45096000,
      "opex": null,
      "cogs": null,
      "rd": null,
      "sga": null,
      "fcf": 9387000,
      "ocf": 10932000,
      "capex": -1545000,
      "gross_margin": null,
      "op_margin": null,
      "fcf_margin": 0.056822721824719424,
      "rev_growth_yoy": 0.3095881723413532,
      "rev_growth_yoy_accel": 0.12940673551877074,
      "fcf_margin_change": -0.5822688677621797
    },
    {
      "date": "2023-09-30T00:00:00",
      "quarter_label": "2023-09 (Q3)",
      "revenue": 160985000,
      "gross_profit": null,
      "operating_income": null,
      "net_income": 35906000,
      "opex": null,
      "cogs": null,
      "rd": null,
      "sga": null,
      "fcf": 117000000,
      "ocf": 120650000,
      "capex": -3650000,
      "gross_margin": null,
      "op_margin": null,
      "fcf_margin": 0.7267757865639656,
      "rev_growth_yoy": 0.3065267497727568,
      "rev_growth_yoy_accel": -0.003061422568596428,
      "fcf_margin_change": 0.6699530647392462
    },
    {
      "date": "2023-12-31T00:00:00",
      "quarter_label": "2023-12 (Q4)",
      "revenue": 162797000,
      "gross_profit": null,
      "operating_income": null,
      "net_income": 27657000,
      "opex": null,
      "cogs": null,
      "rd": null,
      "sga": null,
      "fcf": 27648000,
      "ocf": 29533000,
      "capex": -1885000,
      "gross_margin": null,
      "op_margin": null,
      "fcf_margin": 0.1698311393944606,
      "rev_growth_yoy": 0.08651574409012641,
      "rev_growth_yoy_accel": -0.22001100568263038,
      "fcf_margin_change": -0.556944647169505
    },
    {
      "date": "2024-03-31T00:00:00",
      "quarter_label": "2024-03 (Q1)",
      "revenue": 247246000,
      "gross_profit": null,
      "operating_income": null,
      "net_income": 65268000,
      "opex": null,
      "cogs": null,
      "rd": null,
      "sga": null,
      "fcf": 201270000,
      "ocf": 202977000,
      "capex": -1707000,
      "gross_margin": null,
      "op_margin": null,
      "fcf_margin": 0.8140475477864152,
      "rev_growth_yoy": 0.08230937257871766,
      "rev_growth_yoy_accel": -0.004206371511408749,
      "fcf_margin_change": 0.6442164083919546
    },
    {
      "date": "2024-06-30T00:00:00",
      "quarter_label": "2024-06 (Q2)",
      "revenue": 176730000,
      "gross_profit": null,
      "operating_income": null,
      "net_income": 41835000,
      "opex": null,
      "cogs": null,
      "rd": null,
      "sga": null,
      "fcf": 110987000,
      "ocf": 113179000,
      "capex": -2192000,
      "gross_margin": null,
      "op_margin": null,
      "fcf_margin": 0.6280031686753805,
      "rev_growth_yoy": 0.06980714052228235,
      "rev_growth_yoy_accel": -0.012502232056435317,
      "fcf_margin_change": -0.18604437911103466
    },
    {
      "date": "2024-09-30T00:00:00",
      "quarter_label": "2024-09 (Q3)",
      "revenue": 167932000,
      "gross_profit": null,
      "operating_income": null,
      "net_income": 33597000,
      "opex": null,
      "cogs": null,
      "rd": null,
      "sga": null,
      "fcf": 138759000,
      "ocf": 143116000,
      "capex": -4357000,
      "gross_margin": null,
      "op_margin": null,
      "fcf_margin": 0.8262808755925017,
      "rev_growth_yoy": 0.0431530887970929,
      "rev_growth_yoy_accel": -0.026654051725189448,
      "fcf_margin_change": 0.1982777069171212
    },
    {
      "date": "2024-12-31T00:00:00",
      "quarter_label": "2024-12 (Q4)",
      "revenue": 173511000,
      "gross_profit": null,
      "operating_income": null,
      "net_income": 31427000,
      "opex": null,
      "cogs": null,
      "rd": null,
      "sga": null,
      "fcf": -73822000,
      "ocf": -71735000,
      "capex": -2087000,
      "gross_margin": null,
      "op_margin": null,
      "fcf_margin": -0.42546005728743425,
      "rev_growth_yoy": 0.06581202356308777,
      "rev_growth_yoy_accel": 0.02265893476599487,
      "fcf_margin_change": -1.251740932879936
    },
    {
      "date": "2025-03-31T00:00:00",
      "quarter_label": "2025-03 (Q1)",
      "revenue": 274803000,
      "gross_profit": null,
      "operating_income": null,
      "net_income": 74957000,
      "opex": null,
      "cogs": null,
      "rd": null,
      "sga": null,
      "fcf": 184747000,
      "ocf": 188328000,
      "capex": -3581000,
      "gross_margin": null,
      "op_margin": null,
      "fcf_margin": 0.6722888760311932,
      "rev_growth_yoy": 0.11145579706041756,
      "rev_growth_yoy_accel": 0.04564377349732979,
      "fcf_margin_change": 1.0977489333186274
    },
    {
      "date": "2025-06-30T00:00:00",
      "quarter_label": "2025-06 (Q2)",
      "revenue": 195755000,
      "gross_profit": null,
      "operating_income": null,
      "net_income": 42147000,
      "opex": null,
      "cogs": null,
      "rd": null,
      "sga": null,
      "fcf": 27691000,
      "ocf": 30362000,
      "capex": -2671000,
      "gross_margin": null,
      "op_margin": null,
      "fcf_margin": 0.14145743403744476,
      "rev_growth_yoy": 0.10765008770440786,
      "rev_growth_yoy_accel": -0.0038057093560096983,
      "fcf_margin_change": -0.5308314419937485
    },
    {
      "date": "2025-09-30T00:00:00",
      "quarter_label": "2025-09 (Q3)",
      "revenue": 186708000,
      "gross_profit": null,
      "operating_income": null,
      "net_income": 38801000,
      "opex": null,
      "cogs": null,
      "rd": null,
      "sga": null,
      "fcf": 300325000,
      "ocf": 303664000,
      "capex": -3339000,
      "gross_margin": null,
      "op_margin": null,
      "fcf_margin": 1.6085277545686312,
      "rev_growth_yoy": 0.11180716004096897,
      "rev_growth_yoy_accel": 0.00415707233656111,
      "fcf_margin_change": 1.4670703205311864
    }
  ],
  "signals": [
    {
      "quarter": "2025-09 (Q3)",
      "signal": "FCF MARGIN EXPANSION",
      "detail": "FCF margin: +14.1% -> +160.9% (+146.7%)",
      "severity": "MEDIUM"
    },
    {
      "quarter": "2025-03 (Q1)",
      "signal": "FCF TURNED POSITIVE",
      "detail": "FCF margin: -42.5% -> +67.2%",
      "severity": "HIGH"
    },
    {
      "quarter": "2024-09 (Q3)",
      "signal": "FCF MARGIN EXPANSION",
      "detail": "FCF margin: +62.8% -> +82.6% (+19.8%)",
      "severity": "MEDIUM"
    },
    {
      "quarter": "2024-03 (Q1)",
      "signal": "FCF MARGIN EXPANSION",
      "detail": "FCF margin: +17.0% -> +81.4% (+64.4%)",
      "severity": "MEDIUM"
    },
    {
      "quarter": "2023-12 (Q4)",
      "signal": "YoY REVENUE GROWTH DECELERATION",
      "detail": "YoY growth: +8.7% vs prior quarter YoY: +30.7% (decel: -22.0%)",
      "severity": "WARNING"
    },
    {
      "quarter": "2023-09 (Q3)",
      "signal": "FCF MARGIN EXPANSION",
      "detail": "FCF margin: +5.7% -> +72.7% (+67.0%)",
      "severity": "MEDIUM"
    },
    {
      "quarter": "2023-06 (Q2)",
      "signal": "YoY REVENUE GROWTH ACCELERATION",
      "detail": "YoY growth: +31.0% vs prior quarter YoY: +18.0% (accel: +12.9%)",
      "severity": "MEDIUM"
    },
    {
      "quarter": "2023-03 (Q1)",
      "signal": "FCF MARGIN EXPANSION",
      "detail": "FCF margin: +31.3% -> +63.9% (+32.6%)",
      "severity": "MEDIUM"
    },
    {
      "quarter": "2023-03 (Q1)",
      "signal": "YoY REVENUE GROWTH ACCELERATION",
      "detail": "YoY growth: +18.0% vs prior quarter YoY: -5.3% (accel: +23.3%)",
      "severity": "HIGH"
    },
    {
      "quarter": "2022-12 (Q4)",
      "signal": "FCF TURNED POSITIVE",
      "detail": "FCF margin: -10.2% -> +31.3%",
      "severity": "HIGH"
    },
    {
      "quarter": "2022-12 (Q4)",
      "signal": "YoY REVENUE GROWTH DECELERATION",
      "detail": "YoY growth: -5.3% vs prior quarter YoY: +2.5% (decel: -7.8%)",
      "severity": "WARNING"
    },
    {
      "quarter": "2022-09 (Q3)",
      "signal": "YoY REVENUE GROWTH ACCELERATION",
      "detail": "YoY growth: +2.5% vs prior quarter YoY: -3.7% (accel: +6.2%)",
      "severity": "MEDIUM"
    },
    {
      "quarter": "2022-06 (Q2)",
      "signal": "YoY REVENUE GROWTH DECELERATION",
      "detail": "YoY growth: -3.7% vs prior quarter YoY: +3.3% (decel: -7.0%)",
      "severity": "WARNING"
    },
    {
      "quarter": "2022-03 (Q1)",
      "signal": "YoY REVENUE GROWTH DECELERATION",
      "detail": "YoY growth: +3.3% vs prior quarter YoY: +41.9% (decel: -38.6%)",
      "severity": "WARNING"
    },
    {
      "quarter": "2021-09 (Q3)",
      "signal": "FCF MARGIN EXPANSION",
      "detail": "FCF margin: +45.5% -> +106.0% (+60.5%)",
      "severity": "MEDIUM"
    }
  ],
  "data_quality": {
    "n_quarters": 20,
    "coverage": {
      "revenue": [
        20,
        20
      ],
      "gross_profit": [
        0,
        20
      ],
      "op_income": [
        0,
        20
      ],
      "fcf": [
        20,
        20
      ]
    },
    "gaps": [],
    "warnings": [
      "gross_profit: no data",
      "op_income: no data"
    ]
  },
  "market_cap": null,
  "source": "SEC EDGAR",
  "last_updated": "2026-02-02T21:38:38.713872"
}