{
  "ticker": "CASS",
  "name": "CASS INFORMATION SYSTEMS, INC.",
  "quarters": [
    {
      "date": "2020-12-31T00:00:00",
      "quarter_label": "2020-12 (Q4)",
      "revenue": 37132000,
      "gross_profit": null,
      "operating_income": null,
      "net_income": 6411000,
      "opex": null,
      "cogs": null,
      "rd": null,
      "sga": null,
      "fcf": 7424000,
      "ocf": 7720000,
      "capex": -296000,
      "gross_margin": null,
      "op_margin": null,
      "fcf_margin": 0.19993536572228807
    },
    {
      "date": "2021-03-31T00:00:00",
      "quarter_label": "2021-03 (Q1)",
      "revenue": 37120000,
      "gross_profit": null,
      "operating_income": null,
      "net_income": 7071000,
      "opex": null,
      "cogs": null,
      "rd": null,
      "sga": null,
      "fcf": 15804000,
      "ocf": 16704000,
      "capex": -900000,
      "gross_margin": null,
      "op_margin": null,
      "fcf_margin": 0.4257543103448276,
      "fcf_margin_change": 0.2258189446225395
    },
    {
      "date": "2021-06-30T00:00:00",
      "quarter_label": "2021-06 (Q2)",
      "revenue": 38408000,
      "gross_profit": null,
      "operating_income": null,
      "net_income": 7026000,
      "opex": null,
      "cogs": null,
      "rd": null,
      "sga": null,
      "fcf": 4069000,
      "ocf": 5055000,
      "capex": -986000,
      "gross_margin": null,
      "op_margin": null,
      "fcf_margin": 0.10594147052697354,
      "fcf_margin_change": -0.319812839817854
    },
    {
      "date": "2021-09-30T00:00:00",
      "quarter_label": "2021-09 (Q3)",
      "revenue": 38669000,
      "gross_profit": null,
      "operating_income": null,
      "net_income": 6805000,
      "opex": null,
      "cogs": null,
      "rd": null,
      "sga": null,
      "fcf": 8110000,
      "ocf": 8921000,
      "capex": -811000,
      "gross_margin": null,
      "op_margin": null,
      "fcf_margin": 0.20972872326669942,
      "fcf_margin_change": 0.10378725273972587
    },
    {
      "date": "2021-12-31T00:00:00",
      "quarter_label": "2021-12 (Q4)",
      "revenue": 39950000,
      "gross_profit": null,
      "operating_income": null,
      "net_income": 7702000,
      "opex": null,
      "cogs": null,
      "rd": null,
      "sga": null,
      "fcf": 2195000,
      "ocf": 3867000,
      "capex": -1672000,
      "gross_margin": null,
      "op_margin": null,
      "fcf_margin": 0.054943679599499376,
      "rev_growth_yoy": 0.07589141441344394,
      "fcf_margin_change": -0.15478504366720003
    },
    {
      "date": "2022-03-31T00:00:00",
      "quarter_label": "2022-03 (Q1)",
      "revenue": 42103000,
      "gross_profit": null,
      "operating_income": null,
      "net_income": 8258000,
      "opex": null,
      "cogs": null,
      "rd": null,
      "sga": null,
      "fcf": 12734000,
      "ocf": 14736000,
      "capex": -2002000,
      "gross_margin": null,
      "op_margin": null,
      "fcf_margin": 0.30244875662066834,
      "rev_growth_yoy": 0.13424030172413792,
      "rev_growth_yoy_accel": 0.058348887310693986,
      "fcf_margin_change": 0.24750507702116897
    },
    {
      "date": "2022-06-30T00:00:00",
      "quarter_label": "2022-06 (Q2)",
      "revenue": 44222000,
      "gross_profit": null,
      "operating_income": null,
      "net_income": 8562000,
      "opex": null,
      "cogs": null,
      "rd": null,
      "sga": null,
      "fcf": 14935000,
      "ocf": 16326000,
      "capex": -1391000,
      "gross_margin": null,
      "op_margin": null,
      "fcf_margin": 0.337727827778029,
      "rev_growth_yoy": 0.15137471360133306,
      "rev_growth_yoy_accel": 0.017134411877195138,
      "fcf_margin_change": 0.035279071157360675
    },
    {
      "date": "2022-09-30T00:00:00",
      "quarter_label": "2022-09 (Q3)",
      "revenue": 47205000,
      "gross_profit": null,
      "operating_income": null,
      "net_income": 8799000,
      "opex": null,
      "cogs": null,
      "rd": null,
      "sga": null,
      "fcf": 8860000,
      "ocf": 9737000,
      "capex": -877000,
      "gross_margin": null,
      "op_margin": null,
      "fcf_margin": 0.18769198178159094,
      "rev_growth_yoy": 0.2207452998525951,
      "rev_growth_yoy_accel": 0.06937058625126205,
      "fcf_margin_change": -0.15003584599643807
    },
    {
      "date": "2022-12-31T00:00:00",
      "quarter_label": "2022-12 (Q4)",
      "revenue": 48946000,
      "gross_profit": null,
      "operating_income": null,
      "net_income": 9285000,
      "opex": null,
      "cogs": null,
      "rd": null,
      "sga": null,
      "fcf": 9213000,
      "ocf": 10809000,
      "capex": -1596000,
      "gross_margin": null,
      "op_margin": null,
      "fcf_margin": 0.1882278429289421,
      "rev_growth_yoy": 0.22518147684605758,
      "rev_growth_yoy_accel": 0.004436176993462465,
      "fcf_margin_change": 0.0005358611473511576
    },
    {
      "date": "2023-03-31T00:00:00",
      "quarter_label": "2023-03 (Q1)",
      "revenue": 49345000,
      "gross_profit": null,
      "operating_income": null,
      "net_income": 7117000,
      "opex": null,
      "cogs": null,
      "rd": null,
      "sga": null,
      "fcf": 7339000,
      "ocf": 9293000,
      "capex": -1954000,
      "gross_margin": null,
      "op_margin": null,
      "fcf_margin": 0.14872834127064546,
      "rev_growth_yoy": 0.17200674536256325,
      "rev_growth_yoy_accel": -0.05317473148349433,
      "fcf_margin_change": -0.03949950165829663
    },
    {
      "date": "2023-06-30T00:00:00",
      "quarter_label": "2023-06 (Q2)",
      "revenue": 48207000,
      "gross_profit": null,
      "operating_income": null,
      "net_income": 7138000,
      "opex": null,
      "cogs": null,
      "rd": null,
      "sga": null,
      "fcf": 3244000,
      "ocf": 7680000,
      "capex": -4436000,
      "gross_margin": null,
      "op_margin": null,
      "fcf_margin": 0.06729313170286473,
      "rev_growth_yoy": 0.0901135181583827,
      "rev_growth_yoy_accel": -0.08189322720418055,
      "fcf_margin_change": -0.08143520956778073
    },
    {
      "date": "2023-09-30T00:00:00",
      "quarter_label": "2023-09 (Q3)",
      "revenue": 49223000,
      "gross_profit": null,
      "operating_income": null,
      "net_income": 7394000,
      "opex": null,
      "cogs": null,
      "rd": null,
      "sga": null,
      "fcf": 9423000,
      "ocf": 12393000,
      "capex": -2970000,
      "gross_margin": null,
      "op_margin": null,
      "fcf_margin": 0.1914348983198911,
      "rev_growth_yoy": 0.0427497087172969,
      "rev_growth_yoy_accel": -0.0473638094410858,
      "fcf_margin_change": 0.12414176661702638
    },
    {
      "date": "2023-12-31T00:00:00",
      "quarter_label": "2023-12 (Q4)",
      "revenue": 50736000,
      "gross_profit": null,
      "operating_income": null,
      "net_income": 8410000,
      "opex": null,
      "cogs": null,
      "rd": null,
      "sga": null,
      "fcf": 2606000,
      "ocf": 7570000,
      "capex": -4964000,
      "gross_margin": null,
      "op_margin": null,
      "fcf_margin": 0.051363923052664774,
      "rev_growth_yoy": 0.036570914885792505,
      "rev_growth_yoy_accel": -0.006178793831504395,
      "fcf_margin_change": -0.14007097526722634
    },
    {
      "date": "2024-03-31T00:00:00",
      "quarter_label": "2024-03 (Q1)",
      "revenue": 49678000,
      "gross_profit": null,
      "operating_income": null,
      "net_income": 7152000,
      "opex": 36208000,
      "cogs": null,
      "rd": null,
      "sga": null,
      "fcf": 6340000,
      "ocf": 9827000,
      "capex": -3487000,
      "gross_margin": null,
      "op_margin": null,
      "fcf_margin": 0.1276218849390072,
      "rev_growth_yoy": 0.006748404093626507,
      "rev_growth_yoy_accel": -0.029822510792165996,
      "fcf_margin_change": 0.07625796188634243
    },
    {
      "date": "2024-06-30T00:00:00",
      "quarter_label": "2024-06 (Q2)",
      "revenue": 48590000,
      "gross_profit": null,
      "operating_income": null,
      "net_income": 4484000,
      "opex": 38409000,
      "cogs": null,
      "rd": null,
      "sga": null,
      "fcf": 7890000,
      "ocf": 10690000,
      "capex": -2800000,
      "gross_margin": null,
      "op_margin": null,
      "fcf_margin": 0.1623790903478082,
      "rev_growth_yoy": 0.007944904267015164,
      "rev_growth_yoy_accel": 0.0011965001733886572,
      "fcf_margin_change": 0.034757205408801006
    },
    {
      "date": "2024-09-30T00:00:00",
      "quarter_label": "2024-09 (Q3)",
      "revenue": 50550000,
      "gross_profit": null,
      "operating_income": null,
      "net_income": 2938000,
      "opex": 42757000,
      "cogs": null,
      "rd": null,
      "sga": null,
      "fcf": -2232000,
      "ocf": -198000,
      "capex": -2034000,
      "gross_margin": null,
      "op_margin": null,
      "fcf_margin": -0.04415430267062315,
      "rev_growth_yoy": 0.02695894195802775,
      "rev_growth_yoy_accel": 0.019014037691012585,
      "op_leverage_ratio": 0.35633020449916725,
      "fcf_margin_change": -0.20653339301843135
    },
    {
      "date": "2024-12-31T00:00:00",
      "quarter_label": "2024-12 (Q4)",
      "revenue": 50371000,
      "gross_profit": null,
      "operating_income": null,
      "net_income": 4594000,
      "opex": 57596000,
      "cogs": null,
      "rd": null,
      "sga": null,
      "fcf": 17622000,
      "ocf": 18630000,
      "capex": -1008000,
      "gross_margin": null,
      "op_margin": null,
      "fcf_margin": 0.3498441563598102,
      "rev_growth_yoy": -0.007194102806685588,
      "rev_growth_yoy_accel": -0.03415304476471334,
      "fcf_margin_change": 0.39399845903043335
    },
    {
      "date": "2025-03-31T00:00:00",
      "quarter_label": "2025-03 (Q1)",
      "revenue": 46407000,
      "gross_profit": null,
      "operating_income": null,
      "net_income": 8966000,
      "opex": 35530000,
      "cogs": null,
      "rd": null,
      "sga": null,
      "fcf": 18992000,
      "ocf": 21565000,
      "capex": -2573000,
      "gross_margin": null,
      "op_margin": null,
      "fcf_margin": 0.40924860473635444,
      "rev_growth_yoy": -0.06584403558919441,
      "rev_growth_yoy_accel": -0.058649932782508823,
      "fcf_margin_change": 0.05940444837654424
    },
    {
      "date": "2025-06-30T00:00:00",
      "quarter_label": "2025-06 (Q2)",
      "revenue": 44398000,
      "gross_profit": null,
      "operating_income": null,
      "net_income": 8855000,
      "opex": 38119000,
      "cogs": null,
      "rd": null,
      "sga": null,
      "fcf": -2632000,
      "ocf": -1291000,
      "capex": -1341000,
      "gross_margin": null,
      "op_margin": null,
      "fcf_margin": -0.05928194963737105,
      "rev_growth_yoy": -0.0862728956575427,
      "rev_growth_yoy_accel": -0.020428860068348292,
      "fcf_margin_change": -0.4685305543737255
    },
    {
      "date": "2025-09-30T00:00:00",
      "quarter_label": "2025-09 (Q3)",
      "revenue": 50056000,
      "gross_profit": null,
      "operating_income": null,
      "net_income": 9106000,
      "opex": 38441000,
      "cogs": null,
      "rd": null,
      "sga": null,
      "fcf": 11283000,
      "ocf": 12315000,
      "capex": -1032000,
      "gross_margin": null,
      "op_margin": null,
      "fcf_margin": 0.22540754355122264,
      "rev_growth_yoy": -0.009772502472799208,
      "rev_growth_yoy_accel": 0.0765003931847435,
      "op_leverage_ratio": 15.08638420006049,
      "fcf_margin_change": 0.2846894931885937
    }
  ],
  "signals": [
    {
      "quarter": "2025-09 (Q3)",
      "signal": "FCF TURNED POSITIVE",
      "detail": "FCF margin: -5.9% -> +22.5%",
      "severity": "HIGH"
    },
    {
      "quarter": "2025-09 (Q3)",
      "signal": "OPERATING LEVERAGE",
      "detail": "Rev growth +12.7% vs OpEx growth +0.8% (leverage: 15.1x)",
      "severity": "MEDIUM"
    },
    {
      "quarter": "2025-09 (Q3)",
      "signal": "YoY REVENUE GROWTH ACCELERATION",
      "detail": "YoY growth: -1.0% vs prior quarter YoY: -8.6% (accel: +7.7%)",
      "severity": "MEDIUM"
    },
    {
      "quarter": "2025-03 (Q1)",
      "signal": "FCF MARGIN EXPANSION",
      "detail": "FCF margin: +35.0% -> +40.9% (+5.9%)",
      "severity": "MEDIUM"
    },
    {
      "quarter": "2025-03 (Q1)",
      "signal": "YoY REVENUE GROWTH DECELERATION",
      "detail": "YoY growth: -6.6% vs prior quarter YoY: -0.7% (decel: -5.9%)",
      "severity": "WARNING"
    },
    {
      "quarter": "2024-12 (Q4)",
      "signal": "FCF TURNED POSITIVE",
      "detail": "FCF margin: -4.4% -> +35.0%",
      "severity": "HIGH"
    },
    {
      "quarter": "2024-03 (Q1)",
      "signal": "FCF MARGIN EXPANSION",
      "detail": "FCF margin: +5.1% -> +12.8% (+7.6%)",
      "severity": "MEDIUM"
    },
    {
      "quarter": "2023-09 (Q3)",
      "signal": "FCF MARGIN EXPANSION",
      "detail": "FCF margin: +6.7% -> +19.1% (+12.4%)",
      "severity": "MEDIUM"
    },
    {
      "quarter": "2023-06 (Q2)",
      "signal": "YoY REVENUE GROWTH DECELERATION",
      "detail": "YoY growth: +9.0% vs prior quarter YoY: +17.2% (decel: -8.2%)",
      "severity": "WARNING"
    },
    {
      "quarter": "2023-03 (Q1)",
      "signal": "YoY REVENUE GROWTH DECELERATION",
      "detail": "YoY growth: +17.2% vs prior quarter YoY: +22.5% (decel: -5.3%)",
      "severity": "WARNING"
    },
    {
      "quarter": "2022-09 (Q3)",
      "signal": "YoY REVENUE GROWTH ACCELERATION",
      "detail": "YoY growth: +22.1% vs prior quarter YoY: +15.1% (accel: +6.9%)",
      "severity": "MEDIUM"
    },
    {
      "quarter": "2022-03 (Q1)",
      "signal": "FCF MARGIN EXPANSION",
      "detail": "FCF margin: +5.5% -> +30.2% (+24.8%)",
      "severity": "MEDIUM"
    },
    {
      "quarter": "2022-03 (Q1)",
      "signal": "YoY REVENUE GROWTH ACCELERATION",
      "detail": "YoY growth: +13.4% vs prior quarter YoY: +7.6% (accel: +5.8%)",
      "severity": "MEDIUM"
    },
    {
      "quarter": "2021-09 (Q3)",
      "signal": "FCF MARGIN EXPANSION",
      "detail": "FCF margin: +10.6% -> +21.0% (+10.4%)",
      "severity": "MEDIUM"
    },
    {
      "quarter": "2021-03 (Q1)",
      "signal": "FCF MARGIN EXPANSION",
      "detail": "FCF margin: +20.0% -> +42.6% (+22.6%)",
      "severity": "MEDIUM"
    }
  ],
  "data_quality": {
    "n_quarters": 20,
    "coverage": {
      "revenue": [
        20,
        20
      ],
      "gross_profit": [
        0,
        20
      ],
      "op_income": [
        0,
        20
      ],
      "fcf": [
        20,
        20
      ]
    },
    "gaps": [],
    "warnings": [
      "gross_profit: no data",
      "op_income: no data"
    ]
  },
  "market_cap": null,
  "source": "SEC EDGAR",
  "last_updated": "2026-02-02T22:19:53.127579",
  "sector": "Industrials",
  "industry": "Specialty Business Services"
}