{
  "ticker": "CASY",
  "name": "CASEY'S GENERAL STORES, INC.",
  "quarters": [
    {
      "date": "2021-01-31T00:00:00",
      "quarter_label": "2021-01 (Q1)",
      "revenue": 2008028000,
      "gross_profit": 540181000,
      "operating_income": null,
      "net_income": 38627000,
      "opex": 414448000,
      "cogs": 1467847000,
      "rd": null,
      "sga": null,
      "fcf": 6860000,
      "ocf": 111122000,
      "capex": -104262000,
      "gross_margin": 0.26901069108598086,
      "op_margin": null,
      "fcf_margin": 0.003416287023886121
    },
    {
      "date": "2021-04-30T00:00:00",
      "quarter_label": "2021-04 (Q2)",
      "revenue": 2378235000,
      "gross_profit": 560991000,
      "operating_income": null,
      "net_income": 41698000,
      "opex": 426307000,
      "cogs": 1817244000,
      "rd": null,
      "sga": null,
      "fcf": -37166000,
      "ocf": 141009000,
      "capex": -178175000,
      "gross_margin": 0.23588543604816176,
      "op_margin": null,
      "fcf_margin": -0.015627555729353912,
      "op_leverage_ratio": 6.443129215243664,
      "fcf_margin_change": -0.01904384275324003
    },
    {
      "date": "2021-07-31T00:00:00",
      "quarter_label": "2021-07 (Q3)",
      "revenue": 3181994000,
      "gross_profit": 723887000,
      "operating_income": null,
      "net_income": 119159000,
      "opex": 478928000,
      "cogs": 2458107000,
      "rd": null,
      "sga": null,
      "fcf": 196514000,
      "ocf": 241559000,
      "capex": -45045000,
      "gross_margin": 0.22749477214601913,
      "op_margin": null,
      "fcf_margin": 0.061758130279315426,
      "op_leverage_ratio": 2.738006340151912,
      "fcf_margin_change": 0.07738568600866934
    },
    {
      "date": "2021-10-31T00:00:00",
      "quarter_label": "2021-10 (Q4)",
      "revenue": 3262942000,
      "gross_profit": 717590000,
      "operating_income": null,
      "net_income": 96831000,
      "opex": 500644000,
      "cogs": 2545352000,
      "rd": null,
      "sga": null,
      "fcf": 135345000,
      "ocf": 213818000,
      "capex": -78473000,
      "gross_margin": 0.21992116317115046,
      "op_margin": null,
      "fcf_margin": 0.04147943788151919,
      "op_leverage_ratio": 0.5610443096961614,
      "fcf_margin_change": -0.020278692397796234
    },
    {
      "date": "2022-01-31T00:00:00",
      "quarter_label": "2022-01 (Q1)",
      "revenue": 3048717000,
      "gross_profit": 664495000,
      "operating_income": null,
      "net_income": 64024000,
      "opex": 490997000,
      "cogs": 2384222000,
      "rd": null,
      "sga": null,
      "fcf": -23526000,
      "ocf": 81164000,
      "capex": -104690000,
      "gross_margin": 0.2179588987761081,
      "op_margin": null,
      "fcf_margin": -0.007716688692325329,
      "rev_growth_yoy": 0.5182641875511697,
      "fcf_margin_change": -0.04919612657384452
    },
    {
      "date": "2022-04-30T00:00:00",
      "quarter_label": "2022-04 (Q2)",
      "revenue": 3458942000,
      "gross_profit": 656742000,
      "operating_income": null,
      "net_income": 59776000,
      "opex": 490904000,
      "cogs": 2802200000,
      "rd": null,
      "sga": null,
      "fcf": 153933000,
      "ocf": 252200000,
      "capex": -98267000,
      "gross_margin": 0.18986788445715483,
      "op_margin": null,
      "fcf_margin": 0.04450291447500421,
      "rev_growth_yoy": 0.4544155644837453,
      "rev_growth_yoy_accel": -0.06384862306742434,
      "op_leverage_ratio": Infinity,
      "fcf_margin_change": 0.052219603167329535
    },
    {
      "date": "2022-07-31T00:00:00",
      "quarter_label": "2022-07 (Q3)",
      "revenue": 4454644000,
      "gross_profit": 836250000,
      "operating_income": null,
      "net_income": 152932000,
      "opex": 543271000,
      "cogs": 3618394000,
      "rd": null,
      "sga": null,
      "fcf": 194136000,
      "ocf": 276206000,
      "capex": -82070000,
      "gross_margin": 0.18772543889029067,
      "op_margin": null,
      "fcf_margin": 0.04358058691109772,
      "rev_growth_yoy": 0.39995361399172974,
      "rev_growth_yoy_accel": -0.054461950492015576,
      "op_leverage_ratio": 2.6985158655866672,
      "fcf_margin_change": -0.0009223275639064846
    },
    {
      "date": "2022-10-31T00:00:00",
      "quarter_label": "2022-10 (Q4)",
      "revenue": 3978575000,
      "gross_profit": 810942000,
      "operating_income": null,
      "net_income": 137555000,
      "opex": 539207000,
      "cogs": 3167633000,
      "rd": null,
      "sga": null,
      "fcf": 114636000,
      "ocf": 209893000,
      "capex": -95257000,
      "gross_margin": 0.20382724970623906,
      "op_margin": null,
      "fcf_margin": 0.028813331406345236,
      "rev_growth_yoy": 0.21932139768344028,
      "rev_growth_yoy_accel": -0.18063221630828946,
      "fcf_margin_change": -0.014767255504752486
    },
    {
      "date": "2023-01-31T00:00:00",
      "quarter_label": "2023-01 (Q1)",
      "revenue": 3332555000,
      "gross_profit": 737462000,
      "operating_income": null,
      "net_income": 100112000,
      "opex": 515735000,
      "cogs": 2595093000,
      "rd": null,
      "sga": null,
      "fcf": 26523000,
      "ocf": 150494000,
      "capex": -123971000,
      "gross_margin": 0.2212902712783435,
      "op_margin": null,
      "fcf_margin": 0.007958758370079413,
      "rev_growth_yoy": 0.09310080273111607,
      "rev_growth_yoy_accel": -0.1262205949523242,
      "fcf_margin_change": -0.020854573036265825
    },
    {
      "date": "2023-04-30T00:00:00",
      "quarter_label": "2023-04 (Q2)",
      "revenue": 3328701000,
      "gross_profit": 687752000,
      "operating_income": null,
      "net_income": 56092000,
      "opex": 521729000,
      "cogs": 2640949000,
      "rd": null,
      "sga": null,
      "fcf": 70088000,
      "ocf": 245358000,
      "capex": -175270000,
      "gross_margin": 0.20661272971047864,
      "op_margin": null,
      "fcf_margin": 0.021055661052164193,
      "rev_growth_yoy": -0.03765342119064153,
      "rev_growth_yoy_accel": -0.1307542239217576,
      "fcf_margin_change": 0.01309690268208478
    },
    {
      "date": "2023-07-31T00:00:00",
      "quarter_label": "2023-07 (Q3)",
      "revenue": 3869251000,
      "gross_profit": 877754000,
      "operating_income": null,
      "net_income": 169237000,
      "opex": 560855000,
      "cogs": 2991497000,
      "rd": null,
      "sga": null,
      "fcf": 160228000,
      "ocf": 229131000,
      "capex": -68903000,
      "gross_margin": 0.2268537244029917,
      "op_margin": null,
      "fcf_margin": 0.04141059858871911,
      "rev_growth_yoy": -0.13141184795013922,
      "rev_growth_yoy_accel": -0.09375842675949769,
      "op_leverage_ratio": 2.165412363194623,
      "fcf_margin_change": 0.020354937536554915
    },
    {
      "date": "2023-10-31T00:00:00",
      "quarter_label": "2023-10 (Q4)",
      "revenue": 4064400000,
      "gross_profit": 885561000,
      "operating_income": null,
      "net_income": 158782000,
      "opex": 579703000,
      "cogs": 3178839000,
      "rd": null,
      "sga": null,
      "fcf": 145597000,
      "ocf": 252649000,
      "capex": -107052000,
      "gross_margin": 0.21788234425745498,
      "op_margin": null,
      "fcf_margin": 0.035822507627202044,
      "rev_growth_yoy": 0.021571793921190376,
      "rev_growth_yoy_accel": 0.1529836418713296,
      "op_leverage_ratio": 1.5008066642592934,
      "fcf_margin_change": -0.005588090961517064
    },
    {
      "date": "2024-01-31T00:00:00",
      "quarter_label": "2024-01 (Q1)",
      "revenue": 3329247000,
      "gross_profit": 786523000,
      "operating_income": null,
      "net_income": 86933000,
      "opex": 568908000,
      "cogs": 2542724000,
      "rd": null,
      "sga": null,
      "fcf": -26951000,
      "ocf": 122820000,
      "capex": -149771000,
      "gross_margin": 0.2362465146022509,
      "op_margin": null,
      "fcf_margin": -0.008095223935021944,
      "rev_growth_yoy": -0.0009926317795205181,
      "rev_growth_yoy_accel": -0.022564425700710895,
      "fcf_margin_change": -0.04391773156222399
    },
    {
      "date": "2024-04-30T00:00:00",
      "quarter_label": "2024-04 (Q2)",
      "revenue": 3600015000,
      "gross_profit": 798073000,
      "operating_income": null,
      "net_income": 87020000,
      "opex": 579047000,
      "cogs": 2801942000,
      "rd": null,
      "sga": null,
      "fcf": 92075000,
      "ocf": 288353000,
      "capex": -196278000,
      "gross_margin": 0.2216860207526913,
      "op_margin": null,
      "fcf_margin": 0.025576282321045883,
      "rev_growth_yoy": 0.08150747093235469,
      "rev_growth_yoy_accel": 0.0825001027118752,
      "op_leverage_ratio": 4.563501922719658,
      "fcf_margin_change": 0.033671506256067824
    },
    {
      "date": "2024-07-31T00:00:00",
      "quarter_label": "2024-07 (Q3)",
      "revenue": 4097737000,
      "gross_profit": 955256000,
      "operating_income": null,
      "net_income": 180198000,
      "opex": 609474000,
      "cogs": 3142481000,
      "rd": null,
      "sga": null,
      "fcf": 180790000,
      "ocf": 281354000,
      "capex": -100564000,
      "gross_margin": 0.23311793802286482,
      "op_margin": null,
      "fcf_margin": 0.04411947374855926,
      "rev_growth_yoy": 0.05905173895412833,
      "rev_growth_yoy_accel": -0.02245573197822636,
      "op_leverage_ratio": 2.6310991159825883,
      "fcf_margin_change": 0.01854319142751338
    },
    {
      "date": "2024-10-31T00:00:00",
      "quarter_label": "2024-10 (Q4)",
      "revenue": 3946771000,
      "gross_profit": 958559000,
      "operating_income": null,
      "net_income": 180918000,
      "opex": 609679000,
      "cogs": 2988212000,
      "rd": null,
      "sga": null,
      "fcf": 160041000,
      "ocf": 270703000,
      "capex": -110662000,
      "gross_margin": 0.24287170448956882,
      "op_margin": null,
      "fcf_margin": 0.04054985708570373,
      "rev_growth_yoy": -0.02894129514811534,
      "rev_growth_yoy_accel": -0.08799303410224367,
      "fcf_margin_change": -0.003569616662855532
    },
    {
      "date": "2025-01-31T00:00:00",
      "quarter_label": "2025-01 (Q1)",
      "revenue": 3903633000,
      "gross_profit": 912568000,
      "operating_income": null,
      "net_income": 87097000,
      "opex": 670200000,
      "cogs": 2991065000,
      "rd": null,
      "sga": null,
      "fcf": 90666000,
      "ocf": 204939000,
      "capex": -114273000,
      "gross_margin": 0.2337740253758486,
      "op_margin": null,
      "fcf_margin": 0.023226056342899037,
      "rev_growth_yoy": 0.17252730121856383,
      "rev_growth_yoy_accel": 0.20146859636667916,
      "fcf_margin_change": -0.017323800742804693
    },
    {
      "date": "2025-04-30T00:00:00",
      "quarter_label": "2025-04 (Q2)",
      "revenue": 3992758000,
      "gross_profit": 926020000,
      "operating_income": null,
      "net_income": 98307000,
      "opex": 663003000,
      "cogs": 3066738000,
      "rd": null,
      "sga": null,
      "fcf": 153133000,
      "ocf": 333858000,
      "capex": -180725000,
      "gross_margin": 0.23192490003150704,
      "op_margin": null,
      "fcf_margin": 0.0383526875407926,
      "rev_growth_yoy": 0.10909482321601438,
      "rev_growth_yoy_accel": -0.06343247800254945,
      "op_leverage_ratio": Infinity,
      "fcf_margin_change": 0.015126631197893564
    },
    {
      "date": "2025-07-31T00:00:00",
      "quarter_label": "2025-07 (Q3)",
      "revenue": 4567106000,
      "gross_profit": 1112446000,
      "operating_income": null,
      "net_income": 215355000,
      "opex": 698176000,
      "cogs": 3454660000,
      "rd": null,
      "sga": null,
      "fcf": 262371000,
      "ocf": 372417000,
      "capex": -110046000,
      "gross_margin": 0.24357788060973404,
      "op_margin": null,
      "fcf_margin": 0.05744797690266002,
      "rev_growth_yoy": 0.11454346630835507,
      "rev_growth_yoy_accel": 0.005448643092340694,
      "op_leverage_ratio": 2.7114912423192323,
      "fcf_margin_change": 0.01909528936186742
    },
    {
      "date": "2025-10-31T00:00:00",
      "quarter_label": "2025-10 (Q4)",
      "revenue": 4506084000,
      "gross_profit": 1121686000,
      "operating_income": null,
      "net_income": 206336000,
      "opex": 711587000,
      "cogs": 3384398000,
      "rd": null,
      "sga": null,
      "fcf": 176015000,
      "ocf": 347069000,
      "capex": -171054000,
      "gross_margin": 0.24892700624311487,
      "op_margin": null,
      "fcf_margin": 0.03906163311647098,
      "rev_growth_yoy": 0.14171407461948007,
      "rev_growth_yoy_accel": 0.027170608311125,
      "fcf_margin_change": -0.018386343786189044
    }
  ],
  "signals": [
    {
      "quarter": "2025-07 (Q3)",
      "signal": "OPERATING LEVERAGE",
      "detail": "Rev growth +14.4% vs OpEx growth +5.3% (leverage: 2.7x)",
      "severity": "MEDIUM"
    },
    {
      "quarter": "2025-04 (Q2)",
      "signal": "YoY REVENUE GROWTH DECELERATION",
      "detail": "YoY growth: +10.9% vs prior quarter YoY: +17.3% (decel: -6.3%)",
      "severity": "WARNING"
    },
    {
      "quarter": "2025-01 (Q1)",
      "signal": "YoY REVENUE GROWTH ACCELERATION",
      "detail": "YoY growth: +17.3% vs prior quarter YoY: -2.9% (accel: +20.1%)",
      "severity": "HIGH"
    },
    {
      "quarter": "2024-10 (Q4)",
      "signal": "YoY REVENUE GROWTH DECELERATION",
      "detail": "YoY growth: -2.9% vs prior quarter YoY: +5.9% (decel: -8.8%)",
      "severity": "WARNING"
    },
    {
      "quarter": "2024-07 (Q3)",
      "signal": "OPERATING LEVERAGE",
      "detail": "Rev growth +13.8% vs OpEx growth +5.3% (leverage: 2.6x)",
      "severity": "MEDIUM"
    },
    {
      "quarter": "2024-04 (Q2)",
      "signal": "FCF TURNED POSITIVE",
      "detail": "FCF margin: -0.8% -> +2.6%",
      "severity": "HIGH"
    },
    {
      "quarter": "2024-04 (Q2)",
      "signal": "OPERATING LEVERAGE",
      "detail": "Rev growth +8.1% vs OpEx growth +1.8% (leverage: 4.6x)",
      "severity": "MEDIUM"
    },
    {
      "quarter": "2024-04 (Q2)",
      "signal": "YoY REVENUE GROWTH ACCELERATION",
      "detail": "YoY growth: +8.2% vs prior quarter YoY: -0.1% (accel: +8.3%)",
      "severity": "MEDIUM"
    },
    {
      "quarter": "2023-10 (Q4)",
      "signal": "OPERATING LEVERAGE",
      "detail": "Rev growth +5.0% vs OpEx growth +3.4% (leverage: 1.5x)",
      "severity": "MEDIUM"
    },
    {
      "quarter": "2023-10 (Q4)",
      "signal": "YoY REVENUE GROWTH ACCELERATION",
      "detail": "YoY growth: +2.2% vs prior quarter YoY: -13.1% (accel: +15.3%)",
      "severity": "HIGH"
    },
    {
      "quarter": "2023-07 (Q3)",
      "signal": "OPERATING LEVERAGE",
      "detail": "Rev growth +16.2% vs OpEx growth +7.5% (leverage: 2.2x)",
      "severity": "MEDIUM"
    },
    {
      "quarter": "2023-07 (Q3)",
      "signal": "GROSS MARGIN INFLECTION",
      "detail": "GM: +22.1% -> +20.7% -> +22.7% (reversal +2.0%)",
      "severity": "MEDIUM"
    },
    {
      "quarter": "2023-07 (Q3)",
      "signal": "YoY REVENUE GROWTH DECELERATION",
      "detail": "YoY growth: -13.1% vs prior quarter YoY: -3.8% (decel: -9.4%)",
      "severity": "WARNING"
    },
    {
      "quarter": "2023-04 (Q2)",
      "signal": "YoY REVENUE GROWTH DECELERATION",
      "detail": "YoY growth: -3.8% vs prior quarter YoY: +9.3% (decel: -13.1%)",
      "severity": "WARNING"
    },
    {
      "quarter": "2023-01 (Q1)",
      "signal": "YoY REVENUE GROWTH DECELERATION",
      "detail": "YoY growth: +9.3% vs prior quarter YoY: +21.9% (decel: -12.6%)",
      "severity": "WARNING"
    },
    {
      "quarter": "2022-10 (Q4)",
      "signal": "YoY REVENUE GROWTH DECELERATION",
      "detail": "YoY growth: +21.9% vs prior quarter YoY: +40.0% (decel: -18.1%)",
      "severity": "WARNING"
    },
    {
      "quarter": "2022-07 (Q3)",
      "signal": "OPERATING LEVERAGE",
      "detail": "Rev growth +28.8% vs OpEx growth +10.7% (leverage: 2.7x)",
      "severity": "MEDIUM"
    },
    {
      "quarter": "2022-07 (Q3)",
      "signal": "YoY REVENUE GROWTH DECELERATION",
      "detail": "YoY growth: +40.0% vs prior quarter YoY: +45.4% (decel: -5.4%)",
      "severity": "WARNING"
    },
    {
      "quarter": "2022-04 (Q2)",
      "signal": "FCF TURNED POSITIVE",
      "detail": "FCF margin: -0.8% -> +4.5%",
      "severity": "HIGH"
    },
    {
      "quarter": "2022-04 (Q2)",
      "signal": "YoY REVENUE GROWTH DECELERATION",
      "detail": "YoY growth: +45.4% vs prior quarter YoY: +51.8% (decel: -6.4%)",
      "severity": "WARNING"
    },
    {
      "quarter": "2021-07 (Q3)",
      "signal": "FCF TURNED POSITIVE",
      "detail": "FCF margin: -1.6% -> +6.2%",
      "severity": "HIGH"
    },
    {
      "quarter": "2021-07 (Q3)",
      "signal": "OPERATING LEVERAGE",
      "detail": "Rev growth +33.8% vs OpEx growth +12.3% (leverage: 2.7x)",
      "severity": "MEDIUM"
    },
    {
      "quarter": "2021-04 (Q2)",
      "signal": "OPERATING LEVERAGE",
      "detail": "Rev growth +18.4% vs OpEx growth +2.9% (leverage: 6.4x)",
      "severity": "MEDIUM"
    }
  ],
  "data_quality": {
    "n_quarters": 20,
    "coverage": {
      "revenue": [
        20,
        20
      ],
      "gross_profit": [
        20,
        20
      ],
      "op_income": [
        0,
        20
      ],
      "fcf": [
        20,
        20
      ]
    },
    "gaps": [],
    "warnings": [
      "op_income: no data"
    ]
  },
  "market_cap": null,
  "source": "SEC EDGAR",
  "last_updated": "2026-02-02T20:15:45.386642"
}