{
  "ticker": "CATY",
  "name": "CATHAY GENERAL BANCORP",
  "quarters": [
    {
      "date": "2020-12-31T00:00:00",
      "quarter_label": "2020-12 (Q4)",
      "revenue": 8279000,
      "gross_profit": null,
      "operating_income": null,
      "net_income": null,
      "opex": null,
      "cogs": null,
      "rd": null,
      "sga": null,
      "fcf": 85429000,
      "ocf": 86835000,
      "capex": -1406000,
      "gross_margin": null,
      "op_margin": null,
      "fcf_margin": 10.318758304143012
    },
    {
      "date": "2021-03-31T00:00:00",
      "quarter_label": "2021-03 (Q1)",
      "revenue": 9160000,
      "gross_profit": null,
      "operating_income": null,
      "net_income": 73384000,
      "opex": null,
      "cogs": null,
      "rd": null,
      "sga": null,
      "fcf": 90811000,
      "ocf": 91571000,
      "capex": -760000,
      "gross_margin": null,
      "op_margin": null,
      "fcf_margin": 9.91386462882096,
      "fcf_margin_change": -0.404893675322052
    },
    {
      "date": "2021-06-30T00:00:00",
      "quarter_label": "2021-06 (Q2)",
      "revenue": 9966000,
      "gross_profit": null,
      "operating_income": null,
      "net_income": 77199000,
      "opex": null,
      "cogs": null,
      "rd": null,
      "sga": null,
      "fcf": 73779000,
      "ocf": 74806000,
      "capex": -1027000,
      "gross_margin": null,
      "op_margin": null,
      "fcf_margin": 7.403070439494281,
      "fcf_margin_change": -2.5107941893266794
    },
    {
      "date": "2021-09-30T00:00:00",
      "quarter_label": "2021-09 (Q3)",
      "revenue": 9443000,
      "gross_profit": null,
      "operating_income": null,
      "net_income": 72397000,
      "opex": null,
      "cogs": null,
      "rd": null,
      "sga": null,
      "fcf": 70129000,
      "ocf": 71170000,
      "capex": -1041000,
      "gross_margin": null,
      "op_margin": null,
      "fcf_margin": 7.426559356136821,
      "fcf_margin_change": 0.023488916642540048
    },
    {
      "date": "2021-12-31T00:00:00",
      "quarter_label": "2021-12 (Q4)",
      "revenue": 10505000,
      "gross_profit": null,
      "operating_income": null,
      "net_income": 75324000,
      "opex": null,
      "cogs": null,
      "rd": null,
      "sga": null,
      "fcf": 95870000,
      "ocf": 96770000,
      "capex": -900000,
      "gross_margin": null,
      "op_margin": null,
      "fcf_margin": 9.126130414088529,
      "rev_growth_yoy": 0.26887305230100256,
      "fcf_margin_change": 1.699571057951708
    },
    {
      "date": "2022-03-31T00:00:00",
      "quarter_label": "2022-03 (Q1)",
      "revenue": 10833000,
      "gross_profit": null,
      "operating_income": null,
      "net_income": 75028000,
      "opex": null,
      "cogs": null,
      "rd": null,
      "sga": null,
      "fcf": 85181000,
      "ocf": 86457000,
      "capex": -1276000,
      "gross_margin": null,
      "op_margin": null,
      "fcf_margin": 7.86310348010708,
      "rev_growth_yoy": 0.18264192139737992,
      "rev_growth_yoy_accel": -0.08623113090362264,
      "fcf_margin_change": -1.2630269339814486
    },
    {
      "date": "2022-06-30T00:00:00",
      "quarter_label": "2022-06 (Q2)",
      "revenue": 10508000,
      "gross_profit": null,
      "operating_income": null,
      "net_income": 88978000,
      "opex": null,
      "cogs": null,
      "rd": null,
      "sga": null,
      "fcf": 90038000,
      "ocf": 90991000,
      "capex": -953000,
      "gross_margin": null,
      "op_margin": null,
      "fcf_margin": 8.568519223448801,
      "rev_growth_yoy": 0.05438490868954445,
      "rev_growth_yoy_accel": -0.12825701270783546,
      "fcf_margin_change": 0.705415743341721
    },
    {
      "date": "2022-09-30T00:00:00",
      "quarter_label": "2022-09 (Q3)",
      "revenue": 11033000,
      "gross_profit": null,
      "operating_income": null,
      "net_income": 99035000,
      "opex": null,
      "cogs": null,
      "rd": null,
      "sga": null,
      "fcf": 187648000,
      "ocf": 188512000,
      "capex": -864000,
      "gross_margin": null,
      "op_margin": null,
      "fcf_margin": 17.007885434605274,
      "rev_growth_yoy": 0.168378693211903,
      "rev_growth_yoy_accel": 0.11399378452235853,
      "fcf_margin_change": 8.439366211156473
    },
    {
      "date": "2022-12-31T00:00:00",
      "quarter_label": "2022-12 (Q4)",
      "revenue": 9806000,
      "gross_profit": null,
      "operating_income": null,
      "net_income": 97601000,
      "opex": null,
      "cogs": null,
      "rd": null,
      "sga": null,
      "fcf": 101100000,
      "ocf": 101397000,
      "capex": -297000,
      "gross_margin": null,
      "op_margin": null,
      "fcf_margin": 10.310014276973282,
      "rev_growth_yoy": -0.06653974297953355,
      "rev_growth_yoy_accel": -0.23491843619143654,
      "fcf_margin_change": -6.697871157631992
    },
    {
      "date": "2023-03-31T00:00:00",
      "quarter_label": "2023-03 (Q1)",
      "revenue": 9960000,
      "gross_profit": null,
      "operating_income": null,
      "net_income": 96007000,
      "opex": null,
      "cogs": null,
      "rd": null,
      "sga": null,
      "fcf": 120871000,
      "ocf": 121166000,
      "capex": -295000,
      "gross_margin": null,
      "op_margin": null,
      "fcf_margin": 12.135642570281124,
      "rev_growth_yoy": -0.08058709498753808,
      "rev_growth_yoy_accel": -0.014047352008004527,
      "fcf_margin_change": 1.825628293307842
    },
    {
      "date": "2023-06-30T00:00:00",
      "quarter_label": "2023-06 (Q2)",
      "revenue": 10566000,
      "gross_profit": null,
      "operating_income": null,
      "net_income": 93220000,
      "opex": null,
      "cogs": null,
      "rd": null,
      "sga": null,
      "fcf": 90014000,
      "ocf": 90681000,
      "capex": -667000,
      "gross_margin": null,
      "op_margin": null,
      "fcf_margin": 8.519212568616316,
      "rev_growth_yoy": 0.005519604111153407,
      "rev_growth_yoy_accel": 0.08610669909869148,
      "fcf_margin_change": -3.616430001664808
    },
    {
      "date": "2023-09-30T00:00:00",
      "quarter_label": "2023-09 (Q3)",
      "revenue": 11792000,
      "gross_profit": null,
      "operating_income": null,
      "net_income": 82371000,
      "opex": null,
      "cogs": null,
      "rd": null,
      "sga": null,
      "fcf": 106411000,
      "ocf": 107082000,
      "capex": -671000,
      "gross_margin": null,
      "op_margin": null,
      "fcf_margin": 9.023999321573948,
      "rev_growth_yoy": 0.06879361914257229,
      "rev_growth_yoy_accel": 0.06327401503141888,
      "fcf_margin_change": 0.5047867529576315
    },
    {
      "date": "2023-12-31T00:00:00",
      "quarter_label": "2023-12 (Q4)",
      "revenue": 11594000,
      "gross_profit": null,
      "operating_income": null,
      "net_income": 82526000,
      "opex": null,
      "cogs": null,
      "rd": null,
      "sga": null,
      "fcf": 64045000,
      "ocf": 65813000,
      "capex": -1768000,
      "gross_margin": null,
      "op_margin": null,
      "fcf_margin": 5.523977919613594,
      "rev_growth_yoy": 0.18233734448296962,
      "rev_growth_yoy_accel": 0.11354372534039733,
      "fcf_margin_change": -3.500021401960354
    },
    {
      "date": "2024-03-31T00:00:00",
      "quarter_label": "2024-03 (Q1)",
      "revenue": 11926000,
      "gross_profit": null,
      "operating_income": null,
      "net_income": 71435000,
      "opex": null,
      "cogs": null,
      "rd": null,
      "sga": null,
      "fcf": 87254000,
      "ocf": 88170000,
      "capex": -916000,
      "gross_margin": null,
      "op_margin": null,
      "fcf_margin": 7.316283749790374,
      "rev_growth_yoy": 0.19738955823293172,
      "rev_growth_yoy_accel": 0.015052213749962101,
      "fcf_margin_change": 1.7923058301767805
    },
    {
      "date": "2024-06-30T00:00:00",
      "quarter_label": "2024-06 (Q2)",
      "revenue": 12865000,
      "gross_profit": null,
      "operating_income": null,
      "net_income": 66829000,
      "opex": null,
      "cogs": null,
      "rd": null,
      "sga": null,
      "fcf": 72384000,
      "ocf": 72917000,
      "capex": -533000,
      "gross_margin": null,
      "op_margin": null,
      "fcf_margin": 5.626428293820443,
      "rev_growth_yoy": 0.21758470565966306,
      "rev_growth_yoy_accel": 0.02019514742673134,
      "fcf_margin_change": -1.6898554559699308
    },
    {
      "date": "2024-09-30T00:00:00",
      "quarter_label": "2024-09 (Q3)",
      "revenue": 13829000,
      "gross_profit": null,
      "operating_income": null,
      "net_income": 67514000,
      "opex": null,
      "cogs": null,
      "rd": null,
      "sga": null,
      "fcf": 80043000,
      "ocf": 81248000,
      "capex": -1205000,
      "gross_margin": null,
      "op_margin": null,
      "fcf_margin": 5.788054089232772,
      "rev_growth_yoy": 0.17274423337856173,
      "rev_growth_yoy_accel": -0.04484047228110133,
      "fcf_margin_change": 0.1616257954123288
    },
    {
      "date": "2024-12-31T00:00:00",
      "quarter_label": "2024-12 (Q4)",
      "revenue": 13643000,
      "gross_profit": null,
      "operating_income": null,
      "net_income": 80201000,
      "opex": null,
      "cogs": null,
      "rd": null,
      "sga": null,
      "fcf": 85838000,
      "ocf": 86820000,
      "capex": -982000,
      "gross_margin": null,
      "op_margin": null,
      "fcf_margin": 6.291724693982262,
      "rev_growth_yoy": 0.17672934276349836,
      "rev_growth_yoy_accel": 0.003985109384936625,
      "fcf_margin_change": 0.5036706047494901
    },
    {
      "date": "2025-03-31T00:00:00",
      "quarter_label": "2025-03 (Q1)",
      "revenue": 13088000,
      "gross_profit": null,
      "operating_income": null,
      "net_income": 69506000,
      "opex": null,
      "cogs": null,
      "rd": null,
      "sga": null,
      "fcf": 96261000,
      "ocf": 98959000,
      "capex": -2698000,
      "gross_margin": null,
      "op_margin": null,
      "fcf_margin": 7.3549052567237165,
      "rev_growth_yoy": 0.09743417742746939,
      "rev_growth_yoy_accel": -0.07929516533602897,
      "fcf_margin_change": 1.0631805627414543
    },
    {
      "date": "2025-06-30T00:00:00",
      "quarter_label": "2025-06 (Q2)",
      "revenue": 12304000,
      "gross_profit": null,
      "operating_income": null,
      "net_income": 77450000,
      "opex": null,
      "cogs": null,
      "rd": null,
      "sga": null,
      "fcf": 62690000,
      "ocf": 63952000,
      "capex": -1262000,
      "gross_margin": null,
      "op_margin": null,
      "fcf_margin": 5.095091027308192,
      "rev_growth_yoy": -0.043606684803731054,
      "rev_growth_yoy_accel": -0.14104086223120044,
      "fcf_margin_change": -2.2598142294155243
    },
    {
      "date": "2025-09-30T00:00:00",
      "quarter_label": "2025-09 (Q3)",
      "revenue": 14548000,
      "gross_profit": null,
      "operating_income": null,
      "net_income": 77651000,
      "opex": null,
      "cogs": null,
      "rd": null,
      "sga": null,
      "fcf": 150101000,
      "ocf": 150596000,
      "capex": -495000,
      "gross_margin": null,
      "op_margin": null,
      "fcf_margin": 10.31763816332142,
      "rev_growth_yoy": 0.05199219032468002,
      "rev_growth_yoy_accel": 0.09559887512841107,
      "fcf_margin_change": 5.222547136013227
    }
  ],
  "signals": [
    {
      "quarter": "2025-09 (Q3)",
      "signal": "FCF MARGIN EXPANSION",
      "detail": "FCF margin: +509.5% -> +1031.8% (+522.3%)",
      "severity": "MEDIUM"
    },
    {
      "quarter": "2025-09 (Q3)",
      "signal": "YoY REVENUE GROWTH ACCELERATION",
      "detail": "YoY growth: +5.2% vs prior quarter YoY: -4.4% (accel: +9.6%)",
      "severity": "MEDIUM"
    },
    {
      "quarter": "2025-06 (Q2)",
      "signal": "YoY REVENUE GROWTH DECELERATION",
      "detail": "YoY growth: -4.4% vs prior quarter YoY: +9.7% (decel: -14.1%)",
      "severity": "WARNING"
    },
    {
      "quarter": "2025-03 (Q1)",
      "signal": "FCF MARGIN EXPANSION",
      "detail": "FCF margin: +629.2% -> +735.5% (+106.3%)",
      "severity": "MEDIUM"
    },
    {
      "quarter": "2025-03 (Q1)",
      "signal": "YoY REVENUE GROWTH DECELERATION",
      "detail": "YoY growth: +9.7% vs prior quarter YoY: +17.7% (decel: -7.9%)",
      "severity": "WARNING"
    },
    {
      "quarter": "2024-12 (Q4)",
      "signal": "FCF MARGIN EXPANSION",
      "detail": "FCF margin: +578.8% -> +629.2% (+50.4%)",
      "severity": "MEDIUM"
    },
    {
      "quarter": "2024-09 (Q3)",
      "signal": "FCF MARGIN EXPANSION",
      "detail": "FCF margin: +562.6% -> +578.8% (+16.2%)",
      "severity": "MEDIUM"
    },
    {
      "quarter": "2024-03 (Q1)",
      "signal": "FCF MARGIN EXPANSION",
      "detail": "FCF margin: +552.4% -> +731.6% (+179.2%)",
      "severity": "MEDIUM"
    },
    {
      "quarter": "2023-12 (Q4)",
      "signal": "YoY REVENUE GROWTH ACCELERATION",
      "detail": "YoY growth: +18.2% vs prior quarter YoY: +6.9% (accel: +11.4%)",
      "severity": "MEDIUM"
    },
    {
      "quarter": "2023-09 (Q3)",
      "signal": "FCF MARGIN EXPANSION",
      "detail": "FCF margin: +851.9% -> +902.4% (+50.5%)",
      "severity": "MEDIUM"
    },
    {
      "quarter": "2023-09 (Q3)",
      "signal": "YoY REVENUE GROWTH ACCELERATION",
      "detail": "YoY growth: +6.9% vs prior quarter YoY: +0.6% (accel: +6.3%)",
      "severity": "MEDIUM"
    },
    {
      "quarter": "2023-06 (Q2)",
      "signal": "YoY REVENUE GROWTH ACCELERATION",
      "detail": "YoY growth: +0.6% vs prior quarter YoY: -8.1% (accel: +8.6%)",
      "severity": "MEDIUM"
    },
    {
      "quarter": "2023-03 (Q1)",
      "signal": "FCF MARGIN EXPANSION",
      "detail": "FCF margin: +1031.0% -> +1213.6% (+182.6%)",
      "severity": "MEDIUM"
    },
    {
      "quarter": "2022-12 (Q4)",
      "signal": "YoY REVENUE GROWTH DECELERATION",
      "detail": "YoY growth: -6.7% vs prior quarter YoY: +16.8% (decel: -23.5%)",
      "severity": "WARNING"
    },
    {
      "quarter": "2022-09 (Q3)",
      "signal": "FCF MARGIN EXPANSION",
      "detail": "FCF margin: +856.9% -> +1700.8% (+843.9%)",
      "severity": "MEDIUM"
    },
    {
      "quarter": "2022-09 (Q3)",
      "signal": "YoY REVENUE GROWTH ACCELERATION",
      "detail": "YoY growth: +16.8% vs prior quarter YoY: +5.4% (accel: +11.4%)",
      "severity": "MEDIUM"
    },
    {
      "quarter": "2022-06 (Q2)",
      "signal": "FCF MARGIN EXPANSION",
      "detail": "FCF margin: +786.3% -> +856.9% (+70.5%)",
      "severity": "MEDIUM"
    },
    {
      "quarter": "2022-06 (Q2)",
      "signal": "YoY REVENUE GROWTH DECELERATION",
      "detail": "YoY growth: +5.4% vs prior quarter YoY: +18.3% (decel: -12.8%)",
      "severity": "WARNING"
    },
    {
      "quarter": "2022-03 (Q1)",
      "signal": "YoY REVENUE GROWTH DECELERATION",
      "detail": "YoY growth: +18.3% vs prior quarter YoY: +26.9% (decel: -8.6%)",
      "severity": "WARNING"
    },
    {
      "quarter": "2021-12 (Q4)",
      "signal": "FCF MARGIN EXPANSION",
      "detail": "FCF margin: +742.7% -> +912.6% (+170.0%)",
      "severity": "MEDIUM"
    }
  ],
  "data_quality": {
    "n_quarters": 20,
    "coverage": {
      "revenue": [
        20,
        20
      ],
      "gross_profit": [
        0,
        20
      ],
      "op_income": [
        0,
        20
      ],
      "fcf": [
        20,
        20
      ]
    },
    "gaps": [],
    "warnings": [
      "gross_profit: no data",
      "op_income: no data"
    ]
  },
  "market_cap": null,
  "source": "SEC EDGAR",
  "last_updated": "2026-02-02T21:18:11.422530"
}