{
  "ticker": "CB",
  "name": "CHUBB LIMITED",
  "quarters": [
    {
      "date": "2020-12-31T00:00:00",
      "quarter_label": "2020-12 (Q4)",
      "revenue": 9848000000,
      "gross_profit": null,
      "operating_income": null,
      "net_income": 2418000000,
      "opex": null,
      "cogs": null,
      "rd": null,
      "sga": null,
      "fcf": 2544000000,
      "ocf": 2544000000,
      "capex": null,
      "gross_margin": null,
      "op_margin": null,
      "fcf_margin": 0.25832656376929325
    },
    {
      "date": "2021-03-31T00:00:00",
      "quarter_label": "2021-03 (Q1)",
      "revenue": 9971000000,
      "gross_profit": null,
      "operating_income": null,
      "net_income": 2300000000,
      "opex": null,
      "cogs": null,
      "rd": null,
      "sga": null,
      "fcf": 2105000000,
      "ocf": 2105000000,
      "capex": null,
      "gross_margin": null,
      "op_margin": null,
      "fcf_margin": 0.21111222545381605,
      "fcf_margin_change": -0.047214338315477195
    },
    {
      "date": "2021-06-30T00:00:00",
      "quarter_label": "2021-06 (Q2)",
      "revenue": 9664000000,
      "gross_profit": null,
      "operating_income": null,
      "net_income": 2265000000,
      "opex": null,
      "cogs": null,
      "rd": null,
      "sga": null,
      "fcf": 3122000000,
      "ocf": 3122000000,
      "capex": null,
      "gross_margin": null,
      "op_margin": null,
      "fcf_margin": 0.3230546357615894,
      "fcf_margin_change": 0.11194241030777333
    },
    {
      "date": "2021-09-30T00:00:00",
      "quarter_label": "2021-09 (Q3)",
      "revenue": 10845000000,
      "gross_profit": null,
      "operating_income": null,
      "net_income": 1833000000,
      "opex": null,
      "cogs": null,
      "rd": null,
      "sga": null,
      "fcf": 3322000000,
      "ocf": 3322000000,
      "capex": null,
      "gross_margin": null,
      "op_margin": null,
      "fcf_margin": 0.3063162747810051,
      "fcf_margin_change": -0.016738360980584288
    },
    {
      "date": "2021-12-31T00:00:00",
      "quarter_label": "2021-12 (Q4)",
      "revenue": 10483000000,
      "gross_profit": null,
      "operating_income": null,
      "net_income": 2141000000,
      "opex": null,
      "cogs": null,
      "rd": null,
      "sga": null,
      "fcf": 2602000000,
      "ocf": 2602000000,
      "capex": null,
      "gross_margin": null,
      "op_margin": null,
      "fcf_margin": 0.2482113898693122,
      "rev_growth_yoy": 0.06448009748172218,
      "fcf_margin_change": -0.05810488491169288
    },
    {
      "date": "2022-03-31T00:00:00",
      "quarter_label": "2022-03 (Q1)",
      "revenue": 9669000000,
      "gross_profit": null,
      "operating_income": null,
      "net_income": 1974000000,
      "opex": null,
      "cogs": null,
      "rd": null,
      "sga": null,
      "fcf": 2444000000,
      "ocf": 2444000000,
      "capex": null,
      "gross_margin": null,
      "op_margin": null,
      "fcf_margin": 0.2527665735856862,
      "rev_growth_yoy": -0.03028783472069,
      "rev_growth_yoy_accel": -0.09476793220241217,
      "fcf_margin_change": 0.004555183716374006
    },
    {
      "date": "2022-06-30T00:00:00",
      "quarter_label": "2022-06 (Q2)",
      "revenue": 9941000000,
      "gross_profit": null,
      "operating_income": null,
      "net_income": 1215000000,
      "opex": null,
      "cogs": null,
      "rd": null,
      "sga": null,
      "fcf": 2722000000,
      "ocf": 2722000000,
      "capex": null,
      "gross_margin": null,
      "op_margin": null,
      "fcf_margin": 0.27381551151795597,
      "rev_growth_yoy": 0.028663079470198676,
      "rev_growth_yoy_accel": 0.05895091419088867,
      "fcf_margin_change": 0.02104893793226975
    },
    {
      "date": "2022-09-30T00:00:00",
      "quarter_label": "2022-09 (Q3)",
      "revenue": 12130000000,
      "gross_profit": null,
      "operating_income": null,
      "net_income": 812000000,
      "opex": null,
      "cogs": null,
      "rd": null,
      "sga": null,
      "fcf": 3434000000,
      "ocf": 3434000000,
      "capex": null,
      "gross_margin": null,
      "op_margin": null,
      "fcf_margin": 0.2830997526793075,
      "rev_growth_yoy": 0.11848778238819732,
      "rev_growth_yoy_accel": 0.08982470291799864,
      "fcf_margin_change": 0.009284241161351514
    },
    {
      "date": "2022-12-31T00:00:00",
      "quarter_label": "2022-12 (Q4)",
      "revenue": 11426000000,
      "gross_profit": null,
      "operating_income": null,
      "net_income": 1312000000,
      "opex": null,
      "cogs": null,
      "rd": null,
      "sga": null,
      "fcf": 2658000000,
      "ocf": 2658000000,
      "capex": null,
      "gross_margin": null,
      "op_margin": null,
      "fcf_margin": 0.23262734115175915,
      "rev_growth_yoy": 0.08995516550605742,
      "rev_growth_yoy_accel": -0.0285326168821399,
      "fcf_margin_change": -0.05047241152754833
    },
    {
      "date": "2023-03-31T00:00:00",
      "quarter_label": "2023-03 (Q1)",
      "revenue": 11057000000,
      "gross_profit": null,
      "operating_income": null,
      "net_income": 1892000000,
      "opex": null,
      "cogs": null,
      "rd": null,
      "sga": null,
      "fcf": 2251000000,
      "ocf": 2251000000,
      "capex": null,
      "gross_margin": null,
      "op_margin": null,
      "fcf_margin": 0.20358144162069278,
      "rev_growth_yoy": 0.14355155652083978,
      "rev_growth_yoy_accel": 0.05359639101478236,
      "fcf_margin_change": -0.02904589953106637
    },
    {
      "date": "2023-06-30T00:00:00",
      "quarter_label": "2023-06 (Q2)",
      "revenue": 11833000000,
      "gross_profit": null,
      "operating_income": null,
      "net_income": 1793000000,
      "opex": null,
      "cogs": null,
      "rd": null,
      "sga": null,
      "fcf": 2515000000,
      "ocf": 2515000000,
      "capex": null,
      "gross_margin": null,
      "op_margin": null,
      "fcf_margin": 0.21254119834361532,
      "rev_growth_yoy": 0.19032290514032793,
      "rev_growth_yoy_accel": 0.046771348619488146,
      "fcf_margin_change": 0.00895975672292254
    },
    {
      "date": "2023-09-30T00:00:00",
      "quarter_label": "2023-09 (Q3)",
      "revenue": 13853000000,
      "gross_profit": null,
      "operating_income": null,
      "net_income": 2043000000,
      "opex": null,
      "cogs": null,
      "rd": null,
      "sga": null,
      "fcf": 4680000000,
      "ocf": 4680000000,
      "capex": null,
      "gross_margin": null,
      "op_margin": null,
      "fcf_margin": 0.33783296036959504,
      "rev_growth_yoy": 0.14204451772464963,
      "rev_growth_yoy_accel": -0.0482783874156783,
      "fcf_margin_change": 0.12529176202597972
    },
    {
      "date": "2023-12-31T00:00:00",
      "quarter_label": "2023-12 (Q4)",
      "revenue": 12992000000,
      "gross_profit": null,
      "operating_income": null,
      "net_income": 3300000000,
      "opex": null,
      "cogs": null,
      "rd": null,
      "sga": null,
      "fcf": 3186000000,
      "ocf": 3186000000,
      "capex": null,
      "gross_margin": null,
      "op_margin": null,
      "fcf_margin": 0.24522783251231528,
      "rev_growth_yoy": 0.13705583756345177,
      "rev_growth_yoy_accel": -0.004988680161197856,
      "fcf_margin_change": -0.09260512785727976
    },
    {
      "date": "2024-03-31T00:00:00",
      "quarter_label": "2024-03 (Q1)",
      "revenue": 12894000000,
      "gross_profit": null,
      "operating_income": null,
      "net_income": 2143000000,
      "opex": null,
      "cogs": null,
      "rd": null,
      "sga": null,
      "fcf": 3220000000,
      "ocf": 3220000000,
      "capex": null,
      "gross_margin": null,
      "op_margin": null,
      "fcf_margin": 0.249728555917481,
      "rev_growth_yoy": 0.16613909740435923,
      "rev_growth_yoy_accel": 0.029083259840907455,
      "fcf_margin_change": 0.0045007234051657186
    },
    {
      "date": "2024-06-30T00:00:00",
      "quarter_label": "2024-06 (Q2)",
      "revenue": 13835000000,
      "gross_profit": null,
      "operating_income": null,
      "net_income": 2230000000,
      "opex": null,
      "cogs": null,
      "rd": null,
      "sga": null,
      "fcf": 4079000000,
      "ocf": 4079000000,
      "capex": null,
      "gross_margin": null,
      "op_margin": null,
      "fcf_margin": 0.2948319479580773,
      "rev_growth_yoy": 0.16918786444688583,
      "rev_growth_yoy_accel": 0.003048767042526601,
      "fcf_margin_change": 0.045103392040596324
    },
    {
      "date": "2024-09-30T00:00:00",
      "quarter_label": "2024-09 (Q3)",
      "revenue": 14849000000,
      "gross_profit": null,
      "operating_income": null,
      "net_income": 2324000000,
      "opex": null,
      "cogs": null,
      "rd": null,
      "sga": null,
      "fcf": 4318000000,
      "ocf": 4318000000,
      "capex": null,
      "gross_margin": null,
      "op_margin": null,
      "fcf_margin": 0.2907939928614722,
      "rev_growth_yoy": 0.0718977838735292,
      "rev_growth_yoy_accel": -0.09729008057335663,
      "fcf_margin_change": -0.00403795509660515
    },
    {
      "date": "2024-12-31T00:00:00",
      "quarter_label": "2024-12 (Q4)",
      "revenue": 14175000000,
      "gross_profit": null,
      "operating_income": null,
      "net_income": 2575000000,
      "opex": null,
      "cogs": null,
      "rd": null,
      "sga": null,
      "fcf": 4565000000,
      "ocf": 4565000000,
      "capex": null,
      "gross_margin": null,
      "op_margin": null,
      "fcf_margin": 0.32204585537918873,
      "rev_growth_yoy": 0.09105603448275862,
      "rev_growth_yoy_accel": 0.01915825060922942,
      "fcf_margin_change": 0.031251862517716555
    },
    {
      "date": "2025-03-31T00:00:00",
      "quarter_label": "2025-03 (Q1)",
      "revenue": 13353000000,
      "gross_profit": null,
      "operating_income": null,
      "net_income": 1331000000,
      "opex": null,
      "cogs": null,
      "rd": null,
      "sga": null,
      "fcf": 1566000000,
      "ocf": 1566000000,
      "capex": null,
      "gross_margin": null,
      "op_margin": null,
      "fcf_margin": 0.1172770164008088,
      "rev_growth_yoy": 0.035597952536063286,
      "rev_growth_yoy_accel": -0.05545808194669533,
      "fcf_margin_change": -0.20476883897837994
    },
    {
      "date": "2025-06-30T00:00:00",
      "quarter_label": "2025-06 (Q2)",
      "revenue": 14836000000,
      "gross_profit": null,
      "operating_income": null,
      "net_income": 2968000000,
      "opex": null,
      "cogs": null,
      "rd": null,
      "sga": null,
      "fcf": 3551000000,
      "ocf": 3551000000,
      "capex": null,
      "gross_margin": null,
      "op_margin": null,
      "fcf_margin": 0.23935022917228363,
      "rev_growth_yoy": 0.07235272858691724,
      "rev_growth_yoy_accel": 0.036754776050853956,
      "fcf_margin_change": 0.12207321277147483
    },
    {
      "date": "2025-09-30T00:00:00",
      "quarter_label": "2025-09 (Q3)",
      "revenue": 16148000000,
      "gross_profit": null,
      "operating_income": null,
      "net_income": 2801000000,
      "opex": null,
      "cogs": null,
      "rd": null,
      "sga": null,
      "fcf": 3639000000,
      "ocf": 3639000000,
      "capex": null,
      "gross_margin": null,
      "op_margin": null,
      "fcf_margin": 0.22535298488976963,
      "rev_growth_yoy": 0.08748063842683008,
      "rev_growth_yoy_accel": 0.015127909839912843,
      "fcf_margin_change": -0.013997244282514004
    }
  ],
  "signals": [
    {
      "quarter": "2025-06 (Q2)",
      "signal": "FCF MARGIN EXPANSION",
      "detail": "FCF margin: +11.7% -> +23.9% (+12.2%)",
      "severity": "MEDIUM"
    },
    {
      "quarter": "2025-03 (Q1)",
      "signal": "YoY REVENUE GROWTH DECELERATION",
      "detail": "YoY growth: +3.6% vs prior quarter YoY: +9.1% (decel: -5.5%)",
      "severity": "WARNING"
    },
    {
      "quarter": "2024-09 (Q3)",
      "signal": "YoY REVENUE GROWTH DECELERATION",
      "detail": "YoY growth: +7.2% vs prior quarter YoY: +16.9% (decel: -9.7%)",
      "severity": "WARNING"
    },
    {
      "quarter": "2023-09 (Q3)",
      "signal": "FCF MARGIN EXPANSION",
      "detail": "FCF margin: +21.3% -> +33.8% (+12.5%)",
      "severity": "MEDIUM"
    },
    {
      "quarter": "2023-03 (Q1)",
      "signal": "YoY REVENUE GROWTH ACCELERATION",
      "detail": "YoY growth: +14.4% vs prior quarter YoY: +9.0% (accel: +5.4%)",
      "severity": "MEDIUM"
    },
    {
      "quarter": "2022-09 (Q3)",
      "signal": "YoY REVENUE GROWTH ACCELERATION",
      "detail": "YoY growth: +11.8% vs prior quarter YoY: +2.9% (accel: +9.0%)",
      "severity": "MEDIUM"
    },
    {
      "quarter": "2022-06 (Q2)",
      "signal": "YoY REVENUE GROWTH ACCELERATION",
      "detail": "YoY growth: +2.9% vs prior quarter YoY: -3.0% (accel: +5.9%)",
      "severity": "MEDIUM"
    },
    {
      "quarter": "2022-03 (Q1)",
      "signal": "YoY REVENUE GROWTH DECELERATION",
      "detail": "YoY growth: -3.0% vs prior quarter YoY: +6.4% (decel: -9.5%)",
      "severity": "WARNING"
    },
    {
      "quarter": "2021-06 (Q2)",
      "signal": "FCF MARGIN EXPANSION",
      "detail": "FCF margin: +21.1% -> +32.3% (+11.2%)",
      "severity": "MEDIUM"
    }
  ],
  "data_quality": {
    "n_quarters": 20,
    "coverage": {
      "revenue": [
        20,
        20
      ],
      "gross_profit": [
        0,
        20
      ],
      "op_income": [
        0,
        20
      ],
      "fcf": [
        20,
        20
      ]
    },
    "gaps": [],
    "warnings": [
      "gross_profit: no data",
      "op_income: no data"
    ]
  },
  "market_cap": null,
  "source": "SEC EDGAR",
  "last_updated": "2026-02-02T19:48:44.620318"
}