{
  "ticker": "CBFV",
  "name": "CB FINANCIAL SERVICES, INC.",
  "quarters": [
    {
      "date": "2018-03-31T00:00:00",
      "quarter_label": "2018-03 (Q1)",
      "revenue": 8707000,
      "gross_profit": null,
      "operating_income": null,
      "net_income": null,
      "opex": null,
      "cogs": null,
      "rd": null,
      "sga": null,
      "fcf": null,
      "ocf": null,
      "capex": null,
      "gross_margin": null,
      "op_margin": null,
      "fcf_margin": null
    },
    {
      "date": "2018-06-30T00:00:00",
      "quarter_label": "2018-06 (Q2)",
      "revenue": 10690000,
      "gross_profit": null,
      "operating_income": null,
      "net_income": null,
      "opex": null,
      "cogs": null,
      "rd": null,
      "sga": null,
      "fcf": null,
      "ocf": null,
      "capex": null,
      "gross_margin": null,
      "op_margin": null,
      "fcf_margin": null
    },
    {
      "date": "2018-09-30T00:00:00",
      "quarter_label": "2018-09 (Q3)",
      "revenue": 11764000,
      "gross_profit": null,
      "operating_income": null,
      "net_income": null,
      "opex": null,
      "cogs": null,
      "rd": null,
      "sga": null,
      "fcf": null,
      "ocf": null,
      "capex": null,
      "gross_margin": null,
      "op_margin": null,
      "fcf_margin": null
    },
    {
      "date": "2018-12-31T00:00:00",
      "quarter_label": "2018-12 (Q4)",
      "revenue": 12465000,
      "gross_profit": null,
      "operating_income": null,
      "net_income": null,
      "opex": null,
      "cogs": null,
      "rd": null,
      "sga": null,
      "fcf": null,
      "ocf": null,
      "capex": null,
      "gross_margin": null,
      "op_margin": null,
      "fcf_margin": null
    },
    {
      "date": "2019-03-31T00:00:00",
      "quarter_label": "2019-03 (Q1)",
      "revenue": 12296000,
      "gross_profit": null,
      "operating_income": null,
      "net_income": null,
      "opex": null,
      "cogs": null,
      "rd": null,
      "sga": null,
      "fcf": null,
      "ocf": null,
      "capex": null,
      "gross_margin": null,
      "op_margin": null,
      "fcf_margin": null,
      "rev_growth_yoy": 0.41219708280693695
    },
    {
      "date": "2019-06-30T00:00:00",
      "quarter_label": "2019-06 (Q2)",
      "revenue": 12669000,
      "gross_profit": null,
      "operating_income": null,
      "net_income": null,
      "opex": null,
      "cogs": null,
      "rd": null,
      "sga": null,
      "fcf": null,
      "ocf": null,
      "capex": null,
      "gross_margin": null,
      "op_margin": null,
      "fcf_margin": null,
      "rev_growth_yoy": 0.18512628624883068,
      "rev_growth_yoy_accel": -0.22707079655810627
    },
    {
      "date": "2019-09-30T00:00:00",
      "quarter_label": "2019-09 (Q3)",
      "revenue": 13098000,
      "gross_profit": null,
      "operating_income": null,
      "net_income": null,
      "opex": null,
      "cogs": null,
      "rd": null,
      "sga": null,
      "fcf": null,
      "ocf": null,
      "capex": null,
      "gross_margin": null,
      "op_margin": null,
      "fcf_margin": null,
      "rev_growth_yoy": 0.11339680380822849,
      "rev_growth_yoy_accel": -0.07172948244060219
    },
    {
      "date": "2019-12-31T00:00:00",
      "quarter_label": "2019-12 (Q4)",
      "revenue": 12968000,
      "gross_profit": null,
      "operating_income": null,
      "net_income": null,
      "opex": null,
      "cogs": null,
      "rd": null,
      "sga": null,
      "fcf": null,
      "ocf": null,
      "capex": null,
      "gross_margin": null,
      "op_margin": null,
      "fcf_margin": null,
      "rev_growth_yoy": 0.0403529883674288,
      "rev_growth_yoy_accel": -0.07304381544079969
    },
    {
      "date": "2020-03-31T00:00:00",
      "quarter_label": "2020-03 (Q1)",
      "revenue": 12329000,
      "gross_profit": null,
      "operating_income": null,
      "net_income": null,
      "opex": null,
      "cogs": null,
      "rd": null,
      "sga": null,
      "fcf": null,
      "ocf": null,
      "capex": null,
      "gross_margin": null,
      "op_margin": null,
      "fcf_margin": null,
      "rev_growth_yoy": 0.0026837996096291477,
      "rev_growth_yoy_accel": -0.037669188757799656
    },
    {
      "date": "2020-06-30T00:00:00",
      "quarter_label": "2020-06 (Q2)",
      "revenue": 11727000,
      "gross_profit": null,
      "operating_income": null,
      "net_income": null,
      "opex": null,
      "cogs": null,
      "rd": null,
      "sga": null,
      "fcf": null,
      "ocf": null,
      "capex": null,
      "gross_margin": null,
      "op_margin": null,
      "fcf_margin": null,
      "rev_growth_yoy": -0.07435472412976557,
      "rev_growth_yoy_accel": -0.07703852373939472
    },
    {
      "date": "2020-09-30T00:00:00",
      "quarter_label": "2020-09 (Q3)",
      "revenue": 11656000,
      "gross_profit": null,
      "operating_income": null,
      "net_income": null,
      "opex": null,
      "cogs": null,
      "rd": null,
      "sga": null,
      "fcf": null,
      "ocf": null,
      "capex": null,
      "gross_margin": null,
      "op_margin": null,
      "fcf_margin": null,
      "rev_growth_yoy": -0.11009314399144908,
      "rev_growth_yoy_accel": -0.03573841986168351
    },
    {
      "date": "2020-12-31T00:00:00",
      "quarter_label": "2020-12 (Q4)",
      "revenue": 11755000,
      "gross_profit": null,
      "operating_income": null,
      "net_income": 3079000,
      "opex": null,
      "cogs": null,
      "rd": null,
      "sga": null,
      "fcf": 4741000,
      "ocf": 4879000,
      "capex": -138000,
      "gross_margin": null,
      "op_margin": null,
      "fcf_margin": 0.40331773713313485,
      "rev_growth_yoy": -0.09353793954349167,
      "rev_growth_yoy_accel": 0.01655520444795741
    },
    {
      "date": "2021-03-31T00:00:00",
      "quarter_label": "2021-03 (Q1)",
      "revenue": 10988000,
      "gross_profit": null,
      "operating_income": null,
      "net_income": 2845000,
      "opex": null,
      "cogs": null,
      "rd": null,
      "sga": null,
      "fcf": 4270000,
      "ocf": 4469000,
      "capex": -199000,
      "gross_margin": null,
      "op_margin": null,
      "fcf_margin": 0.38860575172915907,
      "rev_growth_yoy": -0.10876794549436289,
      "rev_growth_yoy_accel": -0.01523000595087122,
      "fcf_margin_change": -0.01471198540397578
    },
    {
      "date": "2021-06-30T00:00:00",
      "quarter_label": "2021-06 (Q2)",
      "revenue": 10820000,
      "gross_profit": null,
      "operating_income": null,
      "net_income": -223000,
      "opex": null,
      "cogs": null,
      "rd": null,
      "sga": null,
      "fcf": -4482000,
      "ocf": -2441000,
      "capex": -2041000,
      "gross_margin": null,
      "op_margin": null,
      "fcf_margin": -0.41423290203327173,
      "rev_growth_yoy": -0.07734288394303744,
      "rev_growth_yoy_accel": 0.03142506155132545,
      "fcf_margin_change": -0.8028386537624308
    }
  ],
  "signals": [
    {
      "quarter": "2020-06 (Q2)",
      "signal": "YoY REVENUE GROWTH DECELERATION",
      "detail": "YoY growth: -7.4% vs prior quarter YoY: +0.3% (decel: -7.7%)",
      "severity": "WARNING"
    },
    {
      "quarter": "2019-12 (Q4)",
      "signal": "YoY REVENUE GROWTH DECELERATION",
      "detail": "YoY growth: +4.0% vs prior quarter YoY: +11.3% (decel: -7.3%)",
      "severity": "WARNING"
    },
    {
      "quarter": "2019-09 (Q3)",
      "signal": "YoY REVENUE GROWTH DECELERATION",
      "detail": "YoY growth: +11.3% vs prior quarter YoY: +18.5% (decel: -7.2%)",
      "severity": "WARNING"
    },
    {
      "quarter": "2019-06 (Q2)",
      "signal": "YoY REVENUE GROWTH DECELERATION",
      "detail": "YoY growth: +18.5% vs prior quarter YoY: +41.2% (decel: -22.7%)",
      "severity": "WARNING"
    }
  ],
  "data_quality": {
    "n_quarters": 14,
    "coverage": {
      "revenue": [
        14,
        14
      ],
      "gross_profit": [
        0,
        14
      ],
      "op_income": [
        0,
        14
      ],
      "fcf": [
        3,
        14
      ]
    },
    "gaps": [],
    "warnings": [
      "gross_profit: no data",
      "op_income: no data",
      "fcf: 3/14Q"
    ]
  },
  "market_cap": null,
  "source": "SEC EDGAR",
  "last_updated": "2026-02-02T23:05:41.128473",
  "sector": "Financial Services",
  "industry": "Banks - Regional"
}