{
  "ticker": "CBL",
  "name": "CBL & ASSOCIATES PROPERTIES, INC.",
  "quarters": [
    {
      "date": "2020-09-30T00:00:00",
      "quarter_label": "2020-09 (Q3)",
      "revenue": 129897000,
      "gross_profit": null,
      "operating_income": null,
      "net_income": -42878000,
      "opex": 122576000,
      "cogs": null,
      "rd": null,
      "sga": null,
      "fcf": 20822000,
      "ocf": 20822000,
      "capex": null,
      "gross_margin": null,
      "op_margin": null,
      "fcf_margin": 0.1602962347090387
    },
    {
      "date": "2020-12-31T00:00:00",
      "quarter_label": "2020-12 (Q4)",
      "revenue": 154179000,
      "gross_profit": null,
      "operating_income": null,
      "net_income": -59304000,
      "opex": 175501000,
      "cogs": null,
      "rd": null,
      "sga": null,
      "fcf": 74173000,
      "ocf": 74173000,
      "capex": null,
      "gross_margin": null,
      "op_margin": null,
      "fcf_margin": 0.4810836754681247,
      "op_leverage_ratio": 0.4329421923548751,
      "fcf_margin_change": 0.320787440759086
    },
    {
      "date": "2021-03-31T00:00:00",
      "quarter_label": "2021-03 (Q1)",
      "revenue": 133184000,
      "gross_profit": null,
      "operating_income": null,
      "net_income": -26763000,
      "opex": 166182000,
      "cogs": null,
      "rd": null,
      "sga": null,
      "fcf": 62769000,
      "ocf": 62769000,
      "capex": null,
      "gross_margin": null,
      "op_margin": null,
      "fcf_margin": 0.47129535079288803,
      "fcf_margin_change": -0.00978832467523666
    },
    {
      "date": "2021-06-30T00:00:00",
      "quarter_label": "2021-06 (Q2)",
      "revenue": 136561000,
      "gross_profit": null,
      "operating_income": null,
      "net_income": -8882000,
      "opex": 102629000,
      "cogs": null,
      "rd": null,
      "sga": null,
      "fcf": 67728000,
      "ocf": 67728000,
      "capex": null,
      "gross_margin": null,
      "op_margin": null,
      "fcf_margin": 0.4959541889704967,
      "op_leverage_ratio": Infinity,
      "fcf_margin_change": 0.024658838177608666
    },
    {
      "date": "2021-09-30T00:00:00",
      "quarter_label": "2021-09 (Q3)",
      "revenue": 150375000,
      "gross_profit": null,
      "operating_income": null,
      "net_income": -41720000,
      "opex": 170413000,
      "cogs": null,
      "rd": null,
      "sga": null,
      "fcf": 71673000,
      "ocf": 71673000,
      "capex": null,
      "gross_margin": null,
      "op_margin": null,
      "fcf_margin": 0.4766284289276808,
      "rev_growth_yoy": 0.15764798263239335,
      "op_leverage_ratio": 0.1531565825432501,
      "fcf_margin_change": -0.019325760042815887
    },
    {
      "date": "2022-03-31T00:00:00",
      "quarter_label": "2022-03 (Q1)",
      "revenue": 140102000,
      "gross_profit": null,
      "operating_income": null,
      "net_income": -40722000,
      "opex": 135281000,
      "cogs": null,
      "rd": null,
      "sga": null,
      "fcf": 42429000,
      "ocf": 42429000,
      "capex": null,
      "gross_margin": null,
      "op_margin": null,
      "fcf_margin": 0.3028436424890437,
      "rev_growth_yoy": 0.051943176357520424,
      "rev_growth_yoy_accel": -0.10570480627487293,
      "fcf_margin_change": -0.1737847864386371
    },
    {
      "date": "2022-06-30T00:00:00",
      "quarter_label": "2022-06 (Q2)",
      "revenue": 137018000,
      "gross_profit": null,
      "operating_income": null,
      "net_income": -41388000,
      "opex": 129743000,
      "cogs": null,
      "rd": null,
      "sga": null,
      "fcf": 45660000,
      "ocf": 45660000,
      "capex": null,
      "gross_margin": null,
      "op_margin": null,
      "fcf_margin": 0.33324088805850327,
      "rev_growth_yoy": 0.003346489847028068,
      "rev_growth_yoy_accel": -0.04859668651049236,
      "fcf_margin_change": 0.030397245569459552
    },
    {
      "date": "2022-09-30T00:00:00",
      "quarter_label": "2022-09 (Q3)",
      "revenue": 136280000,
      "gross_profit": null,
      "operating_income": null,
      "net_income": -14294000,
      "opex": 124181000,
      "cogs": null,
      "rd": null,
      "sga": null,
      "fcf": 65731000,
      "ocf": 65731000,
      "capex": null,
      "gross_margin": null,
      "op_margin": null,
      "fcf_margin": 0.48232315820369825,
      "rev_growth_yoy": -0.09373233582709892,
      "rev_growth_yoy_accel": -0.09707882567412698,
      "fcf_margin_change": 0.14908227014519498
    },
    {
      "date": "2022-12-31T00:00:00",
      "quarter_label": "2022-12 (Q4)",
      "revenue": 149611000,
      "gross_profit": null,
      "operating_income": null,
      "net_income": 2922000,
      "opex": 126832000,
      "cogs": null,
      "rd": null,
      "sga": null,
      "fcf": 54414000,
      "ocf": 54414000,
      "capex": null,
      "gross_margin": null,
      "op_margin": null,
      "fcf_margin": 0.3637032036414435,
      "op_leverage_ratio": 4.582220971047581,
      "fcf_margin_change": -0.11861995456225477
    },
    {
      "date": "2023-03-31T00:00:00",
      "quarter_label": "2023-03 (Q1)",
      "revenue": 136359000,
      "gross_profit": null,
      "operating_income": null,
      "net_income": 2259000,
      "opex": 123578000,
      "cogs": null,
      "rd": null,
      "sga": null,
      "fcf": 33175000,
      "ocf": 33175000,
      "capex": null,
      "gross_margin": null,
      "op_margin": null,
      "fcf_margin": 0.24329160524791177,
      "rev_growth_yoy": -0.026716249589584733,
      "fcf_margin_change": -0.12041159839353172
    },
    {
      "date": "2023-06-30T00:00:00",
      "quarter_label": "2023-06 (Q2)",
      "revenue": 129867000,
      "gross_profit": null,
      "operating_income": null,
      "net_income": -20788000,
      "opex": 111803000,
      "cogs": null,
      "rd": null,
      "sga": null,
      "fcf": 51061000,
      "ocf": 51061000,
      "capex": null,
      "gross_margin": null,
      "op_margin": null,
      "fcf_margin": 0.39317917561813237,
      "rev_growth_yoy": -0.052190223182355604,
      "rev_growth_yoy_accel": -0.02547397359277087,
      "fcf_margin_change": 0.1498875703702206
    },
    {
      "date": "2023-09-30T00:00:00",
      "quarter_label": "2023-09 (Q3)",
      "revenue": 129351000,
      "gross_profit": null,
      "operating_income": null,
      "net_income": 13262000,
      "opex": 102358000,
      "cogs": null,
      "rd": null,
      "sga": null,
      "fcf": 49919000,
      "ocf": 49919000,
      "capex": null,
      "gross_margin": null,
      "op_margin": null,
      "fcf_margin": 0.38591893375389447,
      "rev_growth_yoy": -0.05084385089521573,
      "rev_growth_yoy_accel": 0.0013463722871398728,
      "fcf_margin_change": -0.007260241864237904
    },
    {
      "date": "2023-12-31T00:00:00",
      "quarter_label": "2023-12 (Q4)",
      "revenue": 139709000,
      "gross_profit": null,
      "operating_income": null,
      "net_income": 11813000,
      "opex": 101882000,
      "cogs": null,
      "rd": null,
      "sga": null,
      "fcf": 49361000,
      "ocf": 49361000,
      "capex": null,
      "gross_margin": null,
      "op_margin": null,
      "fcf_margin": 0.35331295764768195,
      "rev_growth_yoy": -0.06618497303005795,
      "rev_growth_yoy_accel": -0.01534112213484222,
      "op_leverage_ratio": Infinity,
      "fcf_margin_change": -0.03260597610621252
    },
    {
      "date": "2024-03-31T00:00:00",
      "quarter_label": "2024-03 (Q1)",
      "revenue": 129117000,
      "gross_profit": null,
      "operating_income": null,
      "net_income": 50000,
      "opex": 102256000,
      "cogs": null,
      "rd": null,
      "sga": null,
      "fcf": 30738000,
      "ocf": 30738000,
      "capex": null,
      "gross_margin": null,
      "op_margin": null,
      "fcf_margin": 0.23806315202490763,
      "rev_growth_yoy": -0.05310980573339494,
      "rev_growth_yoy_accel": 0.013075167296663012,
      "fcf_margin_change": -0.11524980562277432
    },
    {
      "date": "2024-06-30T00:00:00",
      "quarter_label": "2024-06 (Q2)",
      "revenue": 129665000,
      "gross_profit": null,
      "operating_income": null,
      "net_income": 4744000,
      "opex": 96497000,
      "cogs": null,
      "rd": null,
      "sga": null,
      "fcf": 64226000,
      "ocf": 64226000,
      "capex": null,
      "gross_margin": null,
      "op_margin": null,
      "fcf_margin": 0.4953225619866579,
      "rev_growth_yoy": -0.0015554374860434136,
      "rev_growth_yoy_accel": 0.051554368247351524,
      "fcf_margin_change": 0.2572594099617503
    },
    {
      "date": "2024-09-30T00:00:00",
      "quarter_label": "2024-09 (Q3)",
      "revenue": 125089000,
      "gross_profit": null,
      "operating_income": null,
      "net_income": 16198000,
      "opex": 93227000,
      "cogs": null,
      "rd": null,
      "sga": null,
      "fcf": 61059000,
      "ocf": 61059000,
      "capex": null,
      "gross_margin": null,
      "op_margin": null,
      "fcf_margin": 0.4881244553877639,
      "rev_growth_yoy": -0.03294910746727896,
      "rev_growth_yoy_accel": -0.03139366998123554,
      "fcf_margin_change": -0.007198106598894027
    },
    {
      "date": "2024-12-31T00:00:00",
      "quarter_label": "2024-12 (Q4)",
      "revenue": 131690000,
      "gross_profit": null,
      "operating_income": null,
      "net_income": 37978000,
      "opex": 92152000,
      "cogs": null,
      "rd": null,
      "sga": null,
      "fcf": 46200000,
      "ocf": 46200000,
      "capex": null,
      "gross_margin": null,
      "op_margin": null,
      "fcf_margin": 0.3508239046244969,
      "rev_growth_yoy": -0.05739787701579712,
      "rev_growth_yoy_accel": -0.024448769548518164,
      "op_leverage_ratio": Infinity,
      "fcf_margin_change": -0.13730055076326697
    },
    {
      "date": "2025-03-31T00:00:00",
      "quarter_label": "2025-03 (Q1)",
      "revenue": 141768000,
      "gross_profit": null,
      "operating_income": null,
      "net_income": 8789000,
      "opex": 121323000,
      "cogs": null,
      "rd": null,
      "sga": null,
      "fcf": 31679000,
      "ocf": 31679000,
      "capex": null,
      "gross_margin": null,
      "op_margin": null,
      "fcf_margin": 0.2234566333728345,
      "rev_growth_yoy": 0.09798090104323985,
      "rev_growth_yoy_accel": 0.15537877805903696,
      "op_leverage_ratio": 0.24175474359754862,
      "fcf_margin_change": -0.12736727125166242
    },
    {
      "date": "2025-06-30T00:00:00",
      "quarter_label": "2025-06 (Q2)",
      "revenue": 140905000,
      "gross_profit": null,
      "operating_income": null,
      "net_income": 2759000,
      "opex": 105359000,
      "cogs": null,
      "rd": null,
      "sga": null,
      "fcf": 68268000,
      "ocf": 68268000,
      "capex": null,
      "gross_margin": null,
      "op_margin": null,
      "fcf_margin": 0.484496646676839,
      "rev_growth_yoy": 0.08668491882929087,
      "rev_growth_yoy_accel": -0.01129598221394898,
      "fcf_margin_change": 0.2610400133040045
    },
    {
      "date": "2025-09-30T00:00:00",
      "quarter_label": "2025-09 (Q3)",
      "revenue": 139280000,
      "gross_profit": null,
      "operating_income": null,
      "net_income": 75428000,
      "opex": 109415000,
      "cogs": null,
      "rd": null,
      "sga": null,
      "fcf": 69573000,
      "ocf": 69573000,
      "capex": null,
      "gross_margin": null,
      "op_margin": null,
      "fcf_margin": 0.49951895462377943,
      "rev_growth_yoy": 0.11344722557539032,
      "rev_growth_yoy_accel": 0.026762306746099446,
      "fcf_margin_change": 0.015022307946940427
    }
  ],
  "signals": [
    {
      "quarter": "2025-06 (Q2)",
      "signal": "FCF MARGIN EXPANSION",
      "detail": "FCF margin: +22.3% -> +48.4% (+26.1%)",
      "severity": "MEDIUM"
    },
    {
      "quarter": "2025-03 (Q1)",
      "signal": "YoY REVENUE GROWTH ACCELERATION",
      "detail": "YoY growth: +9.8% vs prior quarter YoY: -5.7% (accel: +15.5%)",
      "severity": "HIGH"
    },
    {
      "quarter": "2024-06 (Q2)",
      "signal": "FCF MARGIN EXPANSION",
      "detail": "FCF margin: +23.8% -> +49.5% (+25.7%)",
      "severity": "MEDIUM"
    },
    {
      "quarter": "2024-06 (Q2)",
      "signal": "YoY REVENUE GROWTH ACCELERATION",
      "detail": "YoY growth: -0.2% vs prior quarter YoY: -5.3% (accel: +5.2%)",
      "severity": "MEDIUM"
    },
    {
      "quarter": "2023-06 (Q2)",
      "signal": "FCF MARGIN EXPANSION",
      "detail": "FCF margin: +24.3% -> +39.3% (+15.0%)",
      "severity": "MEDIUM"
    },
    {
      "quarter": "2022-12 (Q4)",
      "signal": "OPERATING LEVERAGE",
      "detail": "Rev growth +9.8% vs OpEx growth +2.1% (leverage: 4.6x)",
      "severity": "MEDIUM"
    },
    {
      "quarter": "2022-09 (Q3)",
      "signal": "FCF MARGIN EXPANSION",
      "detail": "FCF margin: +33.3% -> +48.2% (+14.9%)",
      "severity": "MEDIUM"
    },
    {
      "quarter": "2022-09 (Q3)",
      "signal": "YoY REVENUE GROWTH DECELERATION",
      "detail": "YoY growth: -9.4% vs prior quarter YoY: +0.3% (decel: -9.7%)",
      "severity": "WARNING"
    },
    {
      "quarter": "2022-03 (Q1)",
      "signal": "YoY REVENUE GROWTH DECELERATION",
      "detail": "YoY growth: +5.2% vs prior quarter YoY: +15.8% (decel: -10.6%)",
      "severity": "WARNING"
    },
    {
      "quarter": "2020-12 (Q4)",
      "signal": "FCF MARGIN EXPANSION",
      "detail": "FCF margin: +16.0% -> +48.1% (+32.1%)",
      "severity": "MEDIUM"
    }
  ],
  "data_quality": {
    "n_quarters": 20,
    "coverage": {
      "revenue": [
        20,
        20
      ],
      "gross_profit": [
        0,
        20
      ],
      "op_income": [
        0,
        20
      ],
      "fcf": [
        20,
        20
      ]
    },
    "gaps": [
      [
        "2021-09 (Q3)",
        "2022-03 (Q1)",
        182
      ]
    ],
    "warnings": [
      "gross_profit: no data",
      "op_income: no data",
      "gap: 1Q missing between 2021-09 (Q3) and 2022-03 (Q1)"
    ]
  },
  "market_cap": null,
  "source": "SEC EDGAR",
  "last_updated": "2026-02-02T21:58:38.108565",
  "sector": "Real Estate",
  "industry": "REIT - Retail"
}