{
  "ticker": "CBLL",
  "name": "CeriBell, Inc.",
  "quarters": [
    {
      "date": "2023-09-30T00:00:00",
      "quarter_label": "2023-09 (Q3)",
      "revenue": 11611000,
      "gross_profit": 9726000,
      "operating_income": -7164000,
      "net_income": -7054000,
      "opex": 16890000,
      "cogs": 1885000,
      "rd": 2308000,
      "sga": null,
      "fcf": null,
      "ocf": null,
      "capex": null,
      "gross_margin": 0.8376539488416157,
      "op_margin": -0.617001119627939,
      "fcf_margin": null
    },
    {
      "date": "2023-12-31T00:00:00",
      "quarter_label": "2023-12 (Q4)",
      "revenue": 13131000,
      "gross_profit": 11116000,
      "operating_income": -8381000,
      "net_income": -8274000,
      "opex": 19497000,
      "cogs": 2015000,
      "rd": 2688000,
      "sga": null,
      "fcf": -7152000,
      "ocf": -6675000,
      "capex": -477000,
      "gross_margin": 0.8465463407204326,
      "op_margin": -0.6382606046759577,
      "fcf_margin": -0.5446652958647475,
      "op_leverage_ratio": 0.8481303045929126
    },
    {
      "date": "2024-03-31T00:00:00",
      "quarter_label": "2024-03 (Q1)",
      "revenue": 14400000,
      "gross_profit": 12342000,
      "operating_income": -8453000,
      "net_income": -8521000,
      "opex": 20795000,
      "cogs": 2058000,
      "rd": 2984000,
      "sga": null,
      "fcf": -9645000,
      "ocf": -9550000,
      "capex": -95000,
      "gross_margin": 0.8570833333333333,
      "op_margin": -0.5870138888888888,
      "fcf_margin": -0.6697916666666667,
      "op_leverage_ratio": 1.4516332925331428,
      "fcf_margin_change": -0.12512637080191913
    },
    {
      "date": "2024-06-30T00:00:00",
      "quarter_label": "2024-06 (Q2)",
      "revenue": 15315000,
      "gross_profit": 13159000,
      "operating_income": -8435000,
      "net_income": -8941000,
      "opex": 21594000,
      "cogs": 2156000,
      "rd": 3270000,
      "sga": null,
      "fcf": -7297000,
      "ocf": -6976000,
      "capex": -321000,
      "gross_margin": 0.8592229840026118,
      "op_margin": -0.5507672216780933,
      "fcf_margin": -0.4764609859614757,
      "op_leverage_ratio": 1.6537533896537338,
      "fcf_margin_change": 0.193330680705191
    },
    {
      "date": "2024-09-30T00:00:00",
      "quarter_label": "2024-09 (Q3)",
      "revenue": 17195000,
      "gross_profit": 15011000,
      "operating_income": -9937000,
      "net_income": -10417000,
      "opex": 24948000,
      "cogs": 2184000,
      "rd": 3395000,
      "sga": null,
      "fcf": -9109000,
      "ocf": -8542000,
      "capex": -567000,
      "gross_margin": 0.872986333236406,
      "op_margin": -0.5779005524861879,
      "fcf_margin": -0.5297470194824077,
      "incr_op_margin_yoy": -0.4965974212034384,
      "rev_growth_yoy": 0.48092326242356387,
      "op_leverage_ratio": 0.7903344027071335,
      "fcf_margin_change": -0.053286033520931975
    },
    {
      "date": "2024-12-31T00:00:00",
      "quarter_label": "2024-12 (Q4)",
      "revenue": 18534000,
      "gross_profit": 16238000,
      "operating_income": -12884000,
      "net_income": -12576000,
      "opex": 29122000,
      "cogs": 2296000,
      "rd": 3913000,
      "sga": null,
      "fcf": -10332000,
      "ocf": -9975000,
      "capex": -357000,
      "gross_margin": 0.8761195640444588,
      "op_margin": -0.6951548505449444,
      "fcf_margin": -0.5574619617999352,
      "incr_op_margin_yoy": -0.8334258745141588,
      "rev_growth_yoy": 0.41146904272332646,
      "rev_growth_yoy_accel": -0.06945421970023741,
      "op_leverage_ratio": 0.46543783899917424,
      "fcf_margin_change": -0.02771494231752758
    },
    {
      "date": "2025-03-31T00:00:00",
      "quarter_label": "2025-03 (Q1)",
      "revenue": 20491000,
      "gross_profit": 18007000,
      "operating_income": -14207000,
      "net_income": -12777000,
      "opex": 32214000,
      "cogs": 2484000,
      "rd": 4246000,
      "sga": null,
      "fcf": -11551000,
      "ocf": -11403000,
      "capex": -148000,
      "gross_margin": 0.8787760480210824,
      "op_margin": -0.6933287784881167,
      "fcf_margin": -0.5637108974671807,
      "incr_op_margin_yoy": -0.9446724675751108,
      "rev_growth_yoy": 0.4229861111111111,
      "rev_growth_yoy_accel": 0.011517068387784657,
      "op_leverage_ratio": 0.994496775340059,
      "fcf_margin_change": -0.006248935667245492
    },
    {
      "date": "2025-06-30T00:00:00",
      "quarter_label": "2025-06 (Q2)",
      "revenue": 21199000,
      "gross_profit": 18682000,
      "operating_income": -14952000,
      "net_income": -13643000,
      "opex": 33634000,
      "cogs": 2517000,
      "rd": 4852000,
      "sga": null,
      "fcf": -7604000,
      "ocf": -7533000,
      "capex": -71000,
      "gross_margin": 0.8812679843388839,
      "op_margin": -0.7053162885041747,
      "fcf_margin": -0.3586961649134393,
      "incr_op_margin_yoy": -1.1075798776342625,
      "rev_growth_yoy": 0.3841984982043748,
      "rev_growth_yoy_accel": -0.038787612906736324,
      "op_leverage_ratio": 0.7838381811045867,
      "fcf_margin_change": 0.20501473255374142
    },
    {
      "date": "2025-09-30T00:00:00",
      "quarter_label": "2025-09 (Q3)",
      "revenue": 22589000,
      "gross_profit": 19942000,
      "operating_income": -14647000,
      "net_income": -13465000,
      "opex": 34589000,
      "cogs": 2647000,
      "rd": 4983000,
      "sga": null,
      "fcf": -11467000,
      "ocf": -11098000,
      "capex": -369000,
      "gross_margin": 0.8828190712293594,
      "op_margin": -0.6484129443534463,
      "fcf_margin": -0.5076364602240029,
      "incr_op_margin_yoy": -0.8731924360400445,
      "rev_growth_yoy": 0.31369584181448096,
      "rev_growth_yoy_accel": -0.07050265638989384,
      "op_leverage_ratio": 2.309269255761101,
      "fcf_margin_change": -0.14894029531056358
    }
  ],
  "signals": [
    {
      "quarter": "2025-09 (Q3)",
      "signal": "OPERATING LEVERAGE",
      "detail": "Rev growth +6.6% vs OpEx growth +2.8% (leverage: 2.3x)",
      "severity": "MEDIUM"
    },
    {
      "quarter": "2025-09 (Q3)",
      "signal": "YoY REVENUE GROWTH DECELERATION",
      "detail": "YoY growth: +31.4% vs prior quarter YoY: +38.4% (decel: -7.1%)",
      "severity": "WARNING"
    },
    {
      "quarter": "2025-06 (Q2)",
      "signal": "FCF MARGIN EXPANSION",
      "detail": "FCF margin: -56.4% -> -35.9% (+20.5%)",
      "severity": "MEDIUM"
    },
    {
      "quarter": "2024-12 (Q4)",
      "signal": "YoY REVENUE GROWTH DECELERATION",
      "detail": "YoY growth: +41.1% vs prior quarter YoY: +48.1% (decel: -6.9%)",
      "severity": "WARNING"
    },
    {
      "quarter": "2024-06 (Q2)",
      "signal": "FCF MARGIN EXPANSION",
      "detail": "FCF margin: -67.0% -> -47.6% (+19.3%)",
      "severity": "MEDIUM"
    },
    {
      "quarter": "2024-06 (Q2)",
      "signal": "OPERATING LEVERAGE",
      "detail": "Rev growth +6.4% vs OpEx growth +3.8% (leverage: 1.7x)",
      "severity": "MEDIUM"
    }
  ],
  "data_quality": {
    "n_quarters": 9,
    "coverage": {
      "revenue": [
        9,
        9
      ],
      "gross_profit": [
        9,
        9
      ],
      "op_income": [
        9,
        9
      ],
      "fcf": [
        8,
        9
      ]
    },
    "gaps": [],
    "warnings": []
  },
  "market_cap": null,
  "source": "SEC EDGAR",
  "last_updated": "2026-02-02T22:08:13.572377",
  "sector": "Healthcare",
  "industry": "Medical Devices"
}