{
  "ticker": "CBRE",
  "name": "CBRE GROUP, INC.",
  "sector": "Real Estate",
  "industry": "Real Estate Services",
  "quarters": [
    {
      "date": "2021-03-31T00:00:00",
      "quarter_label": "2021-03 (Q1)",
      "revenue": 5938879000,
      "gross_profit": 1219333000,
      "operating_income": 269084000,
      "net_income": 266202000,
      "opex": 950249000,
      "cogs": 4719546000,
      "rd": null,
      "sga": null,
      "fcf": -223045000,
      "ocf": -193448000,
      "capex": -29597000,
      "gross_margin": 0.2053136627299529,
      "op_margin": 0.045308887417979046,
      "fcf_margin": -0.037556751029950264
    },
    {
      "date": "2021-06-30T00:00:00",
      "quarter_label": "2021-06 (Q2)",
      "revenue": 6458613000,
      "gross_profit": 1441854000,
      "operating_income": 366482000,
      "net_income": 442637000,
      "opex": 1075372000,
      "cogs": 5016759000,
      "rd": null,
      "sga": null,
      "fcf": 374219000,
      "ocf": 420566000,
      "capex": -46347000,
      "gross_margin": 0.22324514566827275,
      "op_margin": 0.05674314283887268,
      "fcf_margin": 0.057941078061187444,
      "op_leverage_ratio": 0.6646253837583291,
      "fcf_margin_change": 0.09549782909113771
    },
    {
      "date": "2021-09-30T00:00:00",
      "quarter_label": "2021-09 (Q3)",
      "revenue": 6798327000,
      "gross_profit": 1539380000,
      "operating_income": 409665000,
      "net_income": 435743000,
      "opex": 1129715000,
      "cogs": 5258947000,
      "rd": null,
      "sga": null,
      "fcf": 927538000,
      "ocf": 973003000,
      "capex": -45465000,
      "gross_margin": 0.22643512146444264,
      "op_margin": 0.06025967859445419,
      "fcf_margin": 0.13643621438039094,
      "op_leverage_ratio": 1.0408527572858843,
      "fcf_margin_change": 0.07849513631920349
    },
    {
      "date": "2021-12-31T00:00:00",
      "quarter_label": "2021-12 (Q4)",
      "revenue": 8550217000,
      "gross_profit": 1965962000,
      "operating_income": 592236000,
      "net_income": 691992000,
      "opex": 1373726000,
      "cogs": 6584255000,
      "rd": null,
      "sga": null,
      "fcf": 1075437000,
      "ocf": 1163879000,
      "capex": -88442000,
      "gross_margin": 0.2299312403416194,
      "op_margin": 0.06926561045175812,
      "fcf_margin": 0.12577891297963548,
      "op_leverage_ratio": 1.193065462661536,
      "fcf_margin_change": -0.010657301400755465
    },
    {
      "date": "2022-03-31T00:00:00",
      "quarter_label": "2022-03 (Q1)",
      "revenue": 7332933000,
      "gross_profit": 1580739000,
      "operating_income": 376952000,
      "net_income": 392297000,
      "opex": 1203787000,
      "cogs": 5752194000,
      "rd": null,
      "sga": null,
      "fcf": -435563000,
      "ocf": -393507000,
      "capex": -42056000,
      "gross_margin": 0.2155670861850231,
      "op_margin": 0.05140535171942796,
      "fcf_margin": -0.05939819714703516,
      "incr_op_margin_yoy": 0.07737720346557594,
      "rev_growth_yoy": 0.23473352462644886,
      "fcf_margin_change": -0.18517711012667065
    },
    {
      "date": "2022-06-30T00:00:00",
      "quarter_label": "2022-06 (Q2)",
      "revenue": 7771278000,
      "gross_profit": 1717294000,
      "operating_income": 516937000,
      "net_income": 487322000,
      "opex": 1200357000,
      "cogs": 6053984000,
      "rd": null,
      "sga": null,
      "fcf": 399757000,
      "ocf": 454423000,
      "capex": -54666000,
      "gross_margin": 0.22097961236234245,
      "op_margin": 0.06651891748049678,
      "fcf_margin": 0.05144031650907354,
      "incr_op_margin_yoy": 0.11461797183592158,
      "rev_growth_yoy": 0.20324255378050984,
      "rev_growth_yoy_accel": -0.03149097084593902,
      "op_leverage_ratio": null,
      "fcf_margin_change": 0.1108385136561087
    },
    {
      "date": "2022-09-30T00:00:00",
      "quarter_label": "2022-09 (Q3)",
      "revenue": 7529546000,
      "gross_profit": 1595056000,
      "operating_income": 374350000,
      "net_income": 446639000,
      "opex": 1220706000,
      "cogs": 5934490000,
      "rd": null,
      "sga": null,
      "fcf": 689619000,
      "ocf": 753893000,
      "capex": -64274000,
      "gross_margin": 0.21183959829716162,
      "op_margin": 0.04971747300567657,
      "fcf_margin": 0.09158839058822404,
      "incr_op_margin_yoy": -0.04829606451692311,
      "rev_growth_yoy": 0.10755866847828885,
      "rev_growth_yoy_accel": -0.095683885302221,
      "fcf_margin_change": 0.040148074079150504
    },
    {
      "date": "2022-12-31T00:00:00",
      "quarter_label": "2022-12 (Q4)",
      "revenue": 8194489000,
      "gross_profit": 1695669000,
      "operating_income": 243676000,
      "net_income": 81112000,
      "opex": 1451993000,
      "cogs": 6498820000,
      "rd": null,
      "sga": null,
      "fcf": 715047000,
      "ocf": 814191000,
      "capex": -99144000,
      "gross_margin": 0.20692797317807127,
      "op_margin": 0.029736570517087765,
      "fcf_margin": 0.08725949842632041,
      "incr_op_margin_yoy": 0.9798497728601628,
      "rev_growth_yoy": -0.041604558106536946,
      "rev_growth_yoy_accel": -0.14916322658482578,
      "op_leverage_ratio": 0.4660961158979793,
      "fcf_margin_change": -0.00432889216190363
    },
    {
      "date": "2023-03-31T00:00:00",
      "quarter_label": "2023-03 (Q1)",
      "revenue": 7411114000,
      "gross_profit": 1404701000,
      "operating_income": 37365000,
      "net_income": 116892000,
      "opex": 1367336000,
      "cogs": 6006413000,
      "rd": null,
      "sga": null,
      "fcf": -805284000,
      "ocf": -745000000,
      "capex": -60284000,
      "gross_margin": 0.1895397911838895,
      "op_margin": 0.0050417521576378395,
      "fcf_margin": -0.10865896813893296,
      "incr_op_margin_yoy": -4.343600107442985,
      "rev_growth_yoy": 0.010661627482482111,
      "rev_growth_yoy_accel": 0.052266185589019055,
      "fcf_margin_change": -0.19591846656525336
    },
    {
      "date": "2023-06-30T00:00:00",
      "quarter_label": "2023-06 (Q2)",
      "revenue": 7719863000,
      "gross_profit": 1540367000,
      "operating_income": 306429000,
      "net_income": 201403000,
      "opex": 1233938000,
      "cogs": 6179496000,
      "rd": null,
      "sga": null,
      "fcf": -85728000,
      "ocf": -11000000,
      "capex": -74728000,
      "gross_margin": 0.19953294507946578,
      "op_margin": 0.039693580054464696,
      "fcf_margin": -0.01110486028055161,
      "incr_op_margin_yoy": 4.094291549158806,
      "rev_growth_yoy": -0.006616028920854459,
      "rev_growth_yoy_accel": -0.01727765640333657,
      "op_leverage_ratio": null,
      "fcf_margin_change": 0.09755410785838134
    },
    {
      "date": "2023-09-30T00:00:00",
      "quarter_label": "2023-09 (Q3)",
      "revenue": 7868046000,
      "gross_profit": 1471222000,
      "operating_income": 269435000,
      "net_income": 190553000,
      "opex": 1201787000,
      "cogs": 6396824000,
      "rd": null,
      "sga": null,
      "fcf": 383000000,
      "ocf": 383000000,
      "capex": null,
      "gross_margin": 0.18698695965936143,
      "op_margin": 0.03424420751988486,
      "fcf_margin": 0.048677905543511056,
      "incr_op_margin_yoy": -0.30994091580502214,
      "rev_growth_yoy": 0.04495622976471623,
      "rev_growth_yoy_accel": 0.051572258685570686,
      "op_leverage_ratio": null,
      "fcf_margin_change": 0.05978276582406267
    },
    {
      "date": "2023-12-31T00:00:00",
      "quarter_label": "2023-12 (Q4)",
      "revenue": 8949975000,
      "gross_profit": 1857708000,
      "operating_income": 503766000,
      "net_income": 477151000,
      "opex": 1353942000,
      "cogs": 7092267000,
      "rd": null,
      "sga": null,
      "fcf": 853000000,
      "ocf": 853000000,
      "capex": null,
      "gross_margin": 0.20756571945731692,
      "op_margin": 0.056286861136483624,
      "fcf_margin": 0.09530752879197986,
      "incr_op_margin_yoy": 0.34426845765507236,
      "rev_growth_yoy": 0.09219440040739575,
      "rev_growth_yoy_accel": 0.047238170642679524,
      "op_leverage_ratio": 1.0861083308436248,
      "fcf_margin_change": 0.0466296232484688
    },
    {
      "date": "2024-03-31T00:00:00",
      "quarter_label": "2024-03 (Q1)",
      "revenue": 7935000000,
      "gross_profit": 1460000000,
      "operating_income": 204000000,
      "net_income": 126000000,
      "opex": 1256000000,
      "cogs": 6475000000,
      "rd": null,
      "sga": null,
      "fcf": -492000000,
      "ocf": -492000000,
      "capex": null,
      "gross_margin": 0.18399495904221802,
      "op_margin": 0.02570888468809074,
      "fcf_margin": -0.06200378071833648,
      "incr_op_margin_yoy": 0.3180749246973578,
      "rev_growth_yoy": 0.07068923781229111,
      "rev_growth_yoy_accel": -0.02150516259510464,
      "fcf_margin_change": -0.15731130951031636
    },
    {
      "date": "2024-06-30T00:00:00",
      "quarter_label": "2024-06 (Q2)",
      "revenue": 8391000000,
      "gross_profit": 1598000000,
      "operating_income": 246000000,
      "net_income": 130000000,
      "opex": 1352000000,
      "cogs": 6793000000,
      "rd": null,
      "sga": null,
      "fcf": 287000000,
      "ocf": 287000000,
      "capex": null,
      "gross_margin": 0.1904421403885115,
      "op_margin": 0.02931712549159814,
      "fcf_margin": 0.034203313073531166,
      "incr_op_margin_yoy": -0.09003973853326519,
      "rev_growth_yoy": 0.08693638734262513,
      "rev_growth_yoy_accel": 0.016247149530334015,
      "op_leverage_ratio": 0.7518588531821047,
      "fcf_margin_change": 0.09620709379186765
    },
    {
      "date": "2024-09-30T00:00:00",
      "quarter_label": "2024-09 (Q3)",
      "revenue": 9036000000,
      "gross_profit": 1784000000,
      "operating_income": 368000000,
      "net_income": 225000000,
      "opex": 1416000000,
      "cogs": 7252000000,
      "rd": null,
      "sga": null,
      "fcf": 573000000,
      "ocf": 573000000,
      "capex": null,
      "gross_margin": 0.19743249225320939,
      "op_margin": 0.04072598494909252,
      "fcf_margin": 0.06341301460823373,
      "incr_op_margin_yoy": 0.08439116609044535,
      "rev_growth_yoy": 0.14844270102132093,
      "rev_growth_yoy_accel": 0.0615063136786958,
      "op_leverage_ratio": 1.6238380407579551,
      "fcf_margin_change": 0.029209701534702565
    },
    {
      "date": "2024-12-31T00:00:00",
      "quarter_label": "2024-12 (Q4)",
      "revenue": 10404000000,
      "gross_profit": 2114000000,
      "operating_income": 594000000,
      "net_income": 487000000,
      "opex": 1520000000,
      "cogs": 8290000000,
      "rd": null,
      "sga": null,
      "fcf": 1340000000,
      "ocf": 1340000000,
      "capex": null,
      "gross_margin": 0.2031910803537101,
      "op_margin": 0.05709342560553633,
      "fcf_margin": 0.12879661668589004,
      "incr_op_margin_yoy": 0.062058080156806104,
      "rev_growth_yoy": 0.1624613476573957,
      "rev_growth_yoy_accel": 0.014018646636074772,
      "op_leverage_ratio": 2.0612932883849218,
      "fcf_margin_change": 0.06538360207765631
    },
    {
      "date": "2025-03-31T00:00:00",
      "quarter_label": "2025-03 (Q1)",
      "revenue": 8910000000,
      "gross_profit": 1645000000,
      "operating_income": 276000000,
      "net_income": 163000000,
      "opex": 1369000000,
      "cogs": 7265000000,
      "rd": null,
      "sga": null,
      "fcf": -546000000,
      "ocf": -546000000,
      "capex": null,
      "gross_margin": 0.18462401795735128,
      "op_margin": 0.030976430976430977,
      "fcf_margin": -0.06127946127946128,
      "incr_op_margin_yoy": 0.07384615384615385,
      "rev_growth_yoy": 0.12287334593572778,
      "rev_growth_yoy_accel": -0.03958800172166792,
      "fcf_margin_change": -0.1900760779653513
    },
    {
      "date": "2025-06-30T00:00:00",
      "quarter_label": "2025-06 (Q2)",
      "revenue": 9754000000,
      "gross_profit": 1812000000,
      "operating_income": 374000000,
      "net_income": 215000000,
      "opex": 1438000000,
      "cogs": 7942000000,
      "rd": null,
      "sga": null,
      "fcf": 57000000,
      "ocf": 57000000,
      "capex": null,
      "gross_margin": 0.1857699405372155,
      "op_margin": 0.038343243797416444,
      "fcf_margin": 0.00584375640762764,
      "incr_op_margin_yoy": 0.09391049156272928,
      "rev_growth_yoy": 0.16243594327255392,
      "rev_growth_yoy_accel": 0.03956259733682614,
      "op_leverage_ratio": 1.879399469737634,
      "fcf_margin_change": 0.06712321768708893
    },
    {
      "date": "2025-09-30T00:00:00",
      "quarter_label": "2025-09 (Q3)",
      "revenue": 10258000000,
      "gross_profit": 1954000000,
      "operating_income": 481000000,
      "net_income": 363000000,
      "opex": 1473000000,
      "cogs": 8304000000,
      "rd": null,
      "sga": null,
      "fcf": 827000000,
      "ocf": 827000000,
      "capex": null,
      "gross_margin": 0.19048547475141353,
      "op_margin": 0.04689023201403782,
      "fcf_margin": 0.0806200038993956,
      "incr_op_margin_yoy": 0.09247135842880523,
      "rev_growth_yoy": 0.13523683045595397,
      "rev_growth_yoy_accel": -0.027199112816599952,
      "op_leverage_ratio": 2.122944433053106,
      "fcf_margin_change": 0.07477624749176795
    },
    {
      "date": "2025-12-31T00:00:00",
      "quarter_label": "2025-12 (Q4)",
      "revenue": 11629000000,
      "gross_profit": 2156000000,
      "operating_income": 622000000,
      "net_income": 416000000,
      "opex": 1534000000,
      "cogs": 9473000000,
      "rd": null,
      "sga": null,
      "fcf": 1221000000,
      "ocf": 1221000000,
      "capex": null,
      "gross_margin": 0.1853985725341818,
      "op_margin": 0.053486972224610886,
      "fcf_margin": 0.1049961303637458,
      "incr_op_margin_yoy": 0.022857142857142857,
      "rev_growth_yoy": 0.11774317570165321,
      "rev_growth_yoy_accel": -0.017493654754300758,
      "op_leverage_ratio": 3.227361931031838,
      "fcf_margin_change": 0.02437612646435021
    }
  ],
  "signals": [
    {
      "quarter": "2025-12 (Q4)",
      "signal": "OPERATING LEVERAGE",
      "detail": "Rev growth +13.4% vs OpEx growth +4.1% (leverage: 3.2x)",
      "severity": "MEDIUM"
    },
    {
      "quarter": "2025-09 (Q3)",
      "signal": "FCF MARGIN EXPANSION",
      "detail": "FCF margin: +0.6% -> +8.1% (+7.5%)",
      "severity": "MEDIUM"
    },
    {
      "quarter": "2025-09 (Q3)",
      "signal": "OPERATING LEVERAGE",
      "detail": "Rev growth +5.2% vs OpEx growth +2.4% (leverage: 2.1x)",
      "severity": "MEDIUM"
    },
    {
      "quarter": "2025-06 (Q2)",
      "signal": "FCF TURNED POSITIVE",
      "detail": "FCF margin: -6.1% -> +0.6%",
      "severity": "HIGH"
    },
    {
      "quarter": "2025-06 (Q2)",
      "signal": "OPERATING LEVERAGE",
      "detail": "Rev growth +9.5% vs OpEx growth +5.0% (leverage: 1.9x)",
      "severity": "MEDIUM"
    },
    {
      "quarter": "2024-12 (Q4)",
      "signal": "FCF MARGIN EXPANSION",
      "detail": "FCF margin: +6.3% -> +12.9% (+6.5%)",
      "severity": "MEDIUM"
    },
    {
      "quarter": "2024-12 (Q4)",
      "signal": "OPERATING LEVERAGE",
      "detail": "Rev growth +15.1% vs OpEx growth +7.3% (leverage: 2.1x)",
      "severity": "MEDIUM"
    },
    {
      "quarter": "2024-09 (Q3)",
      "signal": "OPERATING LEVERAGE",
      "detail": "Rev growth +7.7% vs OpEx growth +4.7% (leverage: 1.6x)",
      "severity": "MEDIUM"
    },
    {
      "quarter": "2024-09 (Q3)",
      "signal": "YoY REVENUE GROWTH ACCELERATION",
      "detail": "YoY growth: +14.8% vs prior quarter YoY: +8.7% (accel: +6.2%)",
      "severity": "MEDIUM"
    },
    {
      "quarter": "2024-06 (Q2)",
      "signal": "FCF TURNED POSITIVE",
      "detail": "FCF margin: -6.2% -> +3.4%",
      "severity": "HIGH"
    },
    {
      "quarter": "2024-03 (Q1)",
      "signal": "INCREMENTAL MARGIN (YoY)",
      "detail": "YoY Incr OPM: +31.8% vs year-ago OPM: +0.5%",
      "severity": "HIGH"
    },
    {
      "quarter": "2023-12 (Q4)",
      "signal": "GROSS MARGIN INFLECTION",
      "detail": "GM: +20.0% -> +18.7% -> +20.8% (reversal +2.1%)",
      "severity": "MEDIUM"
    },
    {
      "quarter": "2023-12 (Q4)",
      "signal": "INCREMENTAL MARGIN (YoY)",
      "detail": "YoY Incr OPM: +34.4% vs year-ago OPM: +3.0%",
      "severity": "HIGH"
    },
    {
      "quarter": "2023-09 (Q3)",
      "signal": "FCF TURNED POSITIVE",
      "detail": "FCF margin: -1.1% -> +4.9%",
      "severity": "HIGH"
    },
    {
      "quarter": "2023-09 (Q3)",
      "signal": "YoY REVENUE GROWTH ACCELERATION",
      "detail": "YoY growth: +4.5% vs prior quarter YoY: -0.7% (accel: +5.2%)",
      "severity": "MEDIUM"
    },
    {
      "quarter": "2023-06 (Q2)",
      "signal": "FCF MARGIN EXPANSION",
      "detail": "FCF margin: -10.9% -> -1.1% (+9.8%)",
      "severity": "MEDIUM"
    },
    {
      "quarter": "2023-06 (Q2)",
      "signal": "INCREMENTAL MARGIN (YoY)",
      "detail": "YoY Incr OPM: +409.4% vs year-ago OPM: +6.7%",
      "severity": "HIGH"
    },
    {
      "quarter": "2023-03 (Q1)",
      "signal": "YoY REVENUE GROWTH ACCELERATION",
      "detail": "YoY growth: +1.1% vs prior quarter YoY: -4.2% (accel: +5.2%)",
      "severity": "MEDIUM"
    },
    {
      "quarter": "2022-12 (Q4)",
      "signal": "YoY REVENUE GROWTH DECELERATION",
      "detail": "YoY growth: -4.2% vs prior quarter YoY: +10.8% (decel: -14.9%)",
      "severity": "WARNING"
    },
    {
      "quarter": "2022-12 (Q4)",
      "signal": "INCREMENTAL MARGIN (YoY)",
      "detail": "YoY Incr OPM: +98.0% vs year-ago OPM: +6.9%",
      "severity": "HIGH"
    },
    {
      "quarter": "2022-09 (Q3)",
      "signal": "YoY REVENUE GROWTH DECELERATION",
      "detail": "YoY growth: +10.8% vs prior quarter YoY: +20.3% (decel: -9.6%)",
      "severity": "WARNING"
    },
    {
      "quarter": "2022-06 (Q2)",
      "signal": "FCF TURNED POSITIVE",
      "detail": "FCF margin: -5.9% -> +5.1%",
      "severity": "HIGH"
    },
    {
      "quarter": "2021-09 (Q3)",
      "signal": "FCF MARGIN EXPANSION",
      "detail": "FCF margin: +5.8% -> +13.6% (+7.8%)",
      "severity": "MEDIUM"
    },
    {
      "quarter": "2021-06 (Q2)",
      "signal": "FCF TURNED POSITIVE",
      "detail": "FCF margin: -3.8% -> +5.8%",
      "severity": "HIGH"
    }
  ],
  "data_quality": {
    "n_quarters": 20,
    "coverage": {
      "revenue": [
        20,
        20
      ],
      "gross_profit": [
        20,
        20
      ],
      "op_income": [
        20,
        20
      ],
      "fcf": [
        20,
        20
      ]
    },
    "gaps": [],
    "warnings": []
  },
  "market_cap": null,
  "source": "SEC EDGAR",
  "last_updated": "2026-02-24T10:53:15.017332"
}