{
  "ticker": "CBU",
  "name": "COMMUNITY FINANCIAL SYSTEM, INC.",
  "quarters": [
    {
      "date": "2022-03-31T00:00:00",
      "quarter_label": "2022-03 (Q1)",
      "revenue": 300000,
      "gross_profit": null,
      "operating_income": null,
      "net_income": 47055000,
      "opex": 100000,
      "cogs": null,
      "rd": null,
      "sga": null,
      "fcf": 49356000,
      "ocf": 51938000,
      "capex": -2582000,
      "gross_margin": null,
      "op_margin": null,
      "fcf_margin": 164.52
    },
    {
      "date": "2022-06-30T00:00:00",
      "quarter_label": "2022-06 (Q2)",
      "revenue": 300000,
      "gross_profit": null,
      "operating_income": null,
      "net_income": 39805000,
      "opex": 100000,
      "cogs": null,
      "rd": null,
      "sga": null,
      "fcf": 44097000,
      "ocf": 46977000,
      "capex": -2880000,
      "gross_margin": null,
      "op_margin": null,
      "fcf_margin": 146.99,
      "fcf_margin_change": -17.53
    },
    {
      "date": "2022-09-30T00:00:00",
      "quarter_label": "2022-09 (Q3)",
      "revenue": 200000,
      "gross_profit": null,
      "operating_income": null,
      "net_income": 48691000,
      "opex": 100000,
      "cogs": null,
      "rd": null,
      "sga": null,
      "fcf": 39569000,
      "ocf": 44121000,
      "capex": -4552000,
      "gross_margin": null,
      "op_margin": null,
      "fcf_margin": 197.845,
      "fcf_margin_change": 50.85499999999999
    },
    {
      "date": "2022-12-31T00:00:00",
      "quarter_label": "2022-12 (Q4)",
      "revenue": 678555000,
      "gross_profit": null,
      "operating_income": null,
      "net_income": 52530000,
      "opex": null,
      "cogs": null,
      "rd": null,
      "sga": null,
      "fcf": 68656000,
      "ocf": 71564000,
      "capex": -2908000,
      "gross_margin": null,
      "op_margin": null,
      "fcf_margin": 0.10117971277199343,
      "fcf_margin_change": -197.743820287228
    },
    {
      "date": "2024-03-31T00:00:00",
      "quarter_label": "2024-03 (Q1)",
      "revenue": 177275000,
      "gross_profit": null,
      "operating_income": null,
      "net_income": 40872000,
      "opex": null,
      "cogs": null,
      "rd": null,
      "sga": null,
      "fcf": 77334000,
      "ocf": 79893000,
      "capex": -2559000,
      "gross_margin": null,
      "op_margin": null,
      "fcf_margin": 0.4362374841348188,
      "fcf_margin_change": 0.33505777136282533
    },
    {
      "date": "2024-06-30T00:00:00",
      "quarter_label": "2024-06 (Q2)",
      "revenue": 183799000,
      "gross_profit": null,
      "operating_income": null,
      "net_income": 47915000,
      "opex": null,
      "cogs": null,
      "rd": null,
      "sga": null,
      "fcf": 33777000,
      "ocf": 39787000,
      "capex": -6010000,
      "gross_margin": null,
      "op_margin": null,
      "fcf_margin": 0.18377140245594373,
      "fcf_margin_change": -0.2524660816788751
    },
    {
      "date": "2024-09-30T00:00:00",
      "quarter_label": "2024-09 (Q3)",
      "revenue": 188942000,
      "gross_profit": null,
      "operating_income": null,
      "net_income": 43901000,
      "opex": null,
      "cogs": null,
      "rd": null,
      "sga": null,
      "fcf": 51926000,
      "ocf": 56858000,
      "capex": -4932000,
      "gross_margin": null,
      "op_margin": null,
      "fcf_margin": 0.27482507859554783,
      "fcf_margin_change": 0.0910536761396041
    },
    {
      "date": "2024-12-31T00:00:00",
      "quarter_label": "2024-12 (Q4)",
      "revenue": 196287000,
      "gross_profit": null,
      "operating_income": null,
      "net_income": 49793000,
      "opex": null,
      "cogs": null,
      "rd": null,
      "sga": null,
      "fcf": 58536000,
      "ocf": 65738000,
      "capex": -7202000,
      "gross_margin": null,
      "op_margin": null,
      "fcf_margin": 0.2982163872289046,
      "fcf_margin_change": 0.023391308633356755
    },
    {
      "date": "2025-03-31T00:00:00",
      "quarter_label": "2025-03 (Q1)",
      "revenue": 196248000,
      "gross_profit": null,
      "operating_income": null,
      "net_income": 49614000,
      "opex": null,
      "cogs": null,
      "rd": null,
      "sga": null,
      "fcf": 51954000,
      "ocf": 62509000,
      "capex": -10555000,
      "gross_margin": null,
      "op_margin": null,
      "fcf_margin": 0.2647364559129265,
      "rev_growth_yoy": 0.10702580736144408,
      "fcf_margin_change": -0.033479931315978095
    },
    {
      "date": "2025-06-30T00:00:00",
      "quarter_label": "2025-06 (Q2)",
      "revenue": 199256000,
      "gross_profit": null,
      "operating_income": null,
      "net_income": 51331000,
      "opex": null,
      "cogs": null,
      "rd": null,
      "sga": null,
      "fcf": 36385000,
      "ocf": 53688000,
      "capex": -17303000,
      "gross_margin": null,
      "op_margin": null,
      "fcf_margin": 0.1826042879511784,
      "rev_growth_yoy": 0.0840973019439714,
      "rev_growth_yoy_accel": -0.022928505417472683,
      "fcf_margin_change": -0.0821321679617481
    },
    {
      "date": "2025-09-30T00:00:00",
      "quarter_label": "2025-09 (Q3)",
      "revenue": 207052000,
      "gross_profit": null,
      "operating_income": null,
      "net_income": 55088000,
      "opex": null,
      "cogs": null,
      "rd": null,
      "sga": null,
      "fcf": 83425000,
      "ocf": 101087000,
      "capex": -17662000,
      "gross_margin": null,
      "op_margin": null,
      "fcf_margin": 0.40291810752854357,
      "rev_growth_yoy": 0.09584951995850578,
      "rev_growth_yoy_accel": 0.011752218014534382,
      "fcf_margin_change": 0.22031381957736518
    }
  ],
  "signals": [
    {
      "quarter": "2025-09 (Q3)",
      "signal": "FCF MARGIN EXPANSION",
      "detail": "FCF margin: +18.3% -> +40.3% (+22.0%)",
      "severity": "MEDIUM"
    },
    {
      "quarter": "2024-09 (Q3)",
      "signal": "FCF MARGIN EXPANSION",
      "detail": "FCF margin: +18.4% -> +27.5% (+9.1%)",
      "severity": "MEDIUM"
    },
    {
      "quarter": "2024-03 (Q1)",
      "signal": "FCF MARGIN EXPANSION",
      "detail": "FCF margin: +10.1% -> +43.6% (+33.5%)",
      "severity": "MEDIUM"
    },
    {
      "quarter": "2022-09 (Q3)",
      "signal": "FCF MARGIN EXPANSION",
      "detail": "FCF margin: +14699.0% -> +19784.5% (+5085.5%)",
      "severity": "MEDIUM"
    }
  ],
  "data_quality": {
    "n_quarters": 11,
    "coverage": {
      "revenue": [
        11,
        11
      ],
      "gross_profit": [
        0,
        11
      ],
      "op_income": [
        0,
        11
      ],
      "fcf": [
        11,
        11
      ]
    },
    "gaps": [
      [
        "2022-12 (Q4)",
        "2024-03 (Q1)",
        456
      ]
    ],
    "warnings": [
      "gross_profit: no data",
      "op_income: no data",
      "gap: 4Q missing between 2022-12 (Q4) and 2024-03 (Q1)"
    ]
  },
  "market_cap": null,
  "source": "SEC EDGAR",
  "last_updated": "2026-02-02T21:20:01.087440"
}