{
  "ticker": "CC",
  "name": "The Chemours Company",
  "quarters": [
    {
      "date": "2020-12-31T00:00:00",
      "quarter_label": "2020-12 (Q4)",
      "revenue": 1338000000,
      "gross_profit": 313000000,
      "operating_income": null,
      "net_income": 19000000,
      "opex": 249000000,
      "cogs": 1025000000,
      "rd": 26000000,
      "sga": 180000000,
      "fcf": 300000000,
      "ocf": 353000000,
      "capex": -53000000,
      "gross_margin": 0.23393124065769805,
      "op_margin": null,
      "fcf_margin": 0.2242152466367713
    },
    {
      "date": "2021-03-31T00:00:00",
      "quarter_label": "2021-03 (Q1)",
      "revenue": 1436000000,
      "gross_profit": 297000000,
      "operating_income": null,
      "net_income": 96000000,
      "opex": 158000000,
      "cogs": 1139000000,
      "rd": 24000000,
      "sga": 139000000,
      "fcf": -21000000,
      "ocf": 39000000,
      "capex": -60000000,
      "gross_margin": 0.20682451253481896,
      "op_margin": null,
      "fcf_margin": -0.014623955431754874,
      "op_leverage_ratio": Infinity,
      "fcf_margin_change": -0.23883920206852619
    },
    {
      "date": "2021-06-30T00:00:00",
      "quarter_label": "2021-06 (Q2)",
      "revenue": 1655000000,
      "gross_profit": 264000000,
      "operating_income": null,
      "net_income": 66000000,
      "opex": 204000000,
      "cogs": 1391000000,
      "rd": 27000000,
      "sga": 172000000,
      "fcf": 189000000,
      "ocf": 256000000,
      "capex": -67000000,
      "gross_margin": 0.1595166163141994,
      "op_margin": null,
      "fcf_margin": 0.11419939577039274,
      "op_leverage_ratio": 0.5238282669250333,
      "fcf_margin_change": 0.1288233512021476
    },
    {
      "date": "2021-09-30T00:00:00",
      "quarter_label": "2021-09 (Q3)",
      "revenue": 1680000000,
      "gross_profit": 427000000,
      "operating_income": null,
      "net_income": 214000000,
      "opex": 154000000,
      "cogs": 1253000000,
      "rd": 27000000,
      "sga": 124000000,
      "fcf": 244000000,
      "ocf": 311000000,
      "capex": -67000000,
      "gross_margin": 0.25416666666666665,
      "op_margin": null,
      "fcf_margin": 0.14523809523809525,
      "op_leverage_ratio": Infinity,
      "fcf_margin_change": 0.031038699467702505
    },
    {
      "date": "2021-12-31T00:00:00",
      "quarter_label": "2021-12 (Q4)",
      "revenue": 1575000000,
      "gross_profit": 393000000,
      "operating_income": null,
      "net_income": 233000000,
      "opex": 190000000,
      "cogs": 1182000000,
      "rd": 29000000,
      "sga": 159000000,
      "fcf": 125000000,
      "ocf": 208000000,
      "capex": -83000000,
      "gross_margin": 0.24952380952380954,
      "op_margin": null,
      "fcf_margin": 0.07936507936507936,
      "rev_growth_yoy": 0.17713004484304934,
      "fcf_margin_change": -0.06587301587301589
    },
    {
      "date": "2022-03-31T00:00:00",
      "quarter_label": "2022-03 (Q1)",
      "revenue": 1764000000,
      "gross_profit": 486000000,
      "operating_income": null,
      "net_income": 234000000,
      "opex": 182000000,
      "cogs": 1278000000,
      "rd": 30000000,
      "sga": 141000000,
      "fcf": -104000000,
      "ocf": 2000000,
      "capex": -106000000,
      "gross_margin": 0.2755102040816326,
      "op_margin": null,
      "fcf_margin": -0.05895691609977324,
      "rev_growth_yoy": 0.22841225626740946,
      "rev_growth_yoy_accel": 0.051282211424360125,
      "op_leverage_ratio": Infinity,
      "fcf_margin_change": -0.1383219954648526
    },
    {
      "date": "2022-06-30T00:00:00",
      "quarter_label": "2022-06 (Q2)",
      "revenue": 1915000000,
      "gross_profit": 497000000,
      "operating_income": null,
      "net_income": 201000000,
      "opex": 280000000,
      "cogs": 1418000000,
      "rd": 25000000,
      "sga": 254000000,
      "fcf": 229000000,
      "ocf": 291000000,
      "capex": -62000000,
      "gross_margin": 0.2595300261096606,
      "op_margin": null,
      "fcf_margin": 0.1195822454308094,
      "rev_growth_yoy": 0.15709969788519637,
      "rev_growth_yoy_accel": -0.07131255838221309,
      "op_leverage_ratio": 0.1589731130547457,
      "fcf_margin_change": 0.17853916153058264
    },
    {
      "date": "2022-09-30T00:00:00",
      "quarter_label": "2022-09 (Q3)",
      "revenue": 1777000000,
      "gross_profit": 432000000,
      "operating_income": null,
      "net_income": 240000000,
      "opex": 171000000,
      "cogs": 1345000000,
      "rd": 32000000,
      "sga": 140000000,
      "fcf": 229000000,
      "ocf": 301000000,
      "capex": -72000000,
      "gross_margin": 0.24310635903207653,
      "op_margin": null,
      "fcf_margin": 0.1288688801350591,
      "rev_growth_yoy": 0.05773809523809524,
      "rev_growth_yoy_accel": -0.09936160264710113,
      "fcf_margin_change": 0.009286634704249688
    },
    {
      "date": "2022-12-31T00:00:00",
      "quarter_label": "2022-12 (Q4)",
      "revenue": 1338000000,
      "gross_profit": 202000000,
      "operating_income": null,
      "net_income": -97000000,
      "opex": 211000000,
      "cogs": 1137000000,
      "rd": 30000000,
      "sga": 175000000,
      "fcf": 94000000,
      "ocf": 161000000,
      "capex": -67000000,
      "gross_margin": 0.15097159940209268,
      "op_margin": null,
      "fcf_margin": 0.07025411061285501,
      "rev_growth_yoy": -0.15047619047619049,
      "rev_growth_yoy_accel": -0.20821428571428574,
      "fcf_margin_change": -0.05861476952220408
    },
    {
      "date": "2023-03-31T00:00:00",
      "quarter_label": "2023-03 (Q1)",
      "revenue": 1536000000,
      "gross_profit": 368000000,
      "operating_income": null,
      "net_income": 145000000,
      "opex": 166000000,
      "cogs": 1168000000,
      "rd": 26000000,
      "sga": 124000000,
      "fcf": -215000000,
      "ocf": -124000000,
      "capex": -91000000,
      "gross_margin": 0.23958333333333334,
      "op_margin": null,
      "fcf_margin": -0.13997395833333334,
      "rev_growth_yoy": -0.1292517006802721,
      "rev_growth_yoy_accel": 0.021224489795918372,
      "op_leverage_ratio": Infinity,
      "fcf_margin_change": -0.21022806894618834
    },
    {
      "date": "2023-06-30T00:00:00",
      "quarter_label": "2023-06 (Q2)",
      "revenue": 1643000000,
      "gross_profit": 410000000,
      "operating_income": null,
      "net_income": -376000000,
      "opex": 806000000,
      "cogs": 1233000000,
      "rd": 28000000,
      "sga": 779000000,
      "fcf": 9000000,
      "ocf": 67000000,
      "capex": -58000000,
      "gross_margin": 0.24954351795496044,
      "op_margin": null,
      "fcf_margin": 0.005477784540474742,
      "rev_growth_yoy": -0.14203655352480418,
      "rev_growth_yoy_accel": -0.012784852844532069,
      "op_leverage_ratio": 0.01806844075520833,
      "fcf_margin_change": 0.14545174287380808
    },
    {
      "date": "2023-09-30T00:00:00",
      "quarter_label": "2023-09 (Q3)",
      "revenue": 1487000000,
      "gross_profit": 281000000,
      "operating_income": null,
      "net_income": 20000000,
      "opex": 317000000,
      "cogs": 1206000000,
      "rd": 28000000,
      "sga": 165000000,
      "fcf": 45000000,
      "ocf": 131000000,
      "capex": -86000000,
      "gross_margin": 0.18897108271687962,
      "op_margin": null,
      "fcf_margin": 0.03026227303295225,
      "rev_growth_yoy": -0.16319639842431063,
      "rev_growth_yoy_accel": -0.021159844899506453,
      "fcf_margin_change": 0.02478448849247751
    },
    {
      "date": "2023-12-31T00:00:00",
      "quarter_label": "2023-12 (Q4)",
      "revenue": 1361000000,
      "gross_profit": 247000000,
      "operating_income": null,
      "net_income": -18000000,
      "opex": 263000000,
      "cogs": 1106000000,
      "rd": 26000000,
      "sga": 223000000,
      "fcf": 347000000,
      "ocf": 482000000,
      "capex": -135000000,
      "gross_margin": 0.18148420279206465,
      "op_margin": null,
      "fcf_margin": 0.25495958853783984,
      "rev_growth_yoy": 0.0171898355754858,
      "rev_growth_yoy_accel": 0.18038623399979642,
      "fcf_margin_change": 0.22469731550488758
    },
    {
      "date": "2024-03-31T00:00:00",
      "quarter_label": "2024-03 (Q1)",
      "revenue": 1350000000,
      "gross_profit": 286000000,
      "operating_income": null,
      "net_income": 52000000,
      "opex": 174000000,
      "cogs": 1064000000,
      "rd": 28000000,
      "sga": 142000000,
      "fcf": -392000000,
      "ocf": -290000000,
      "capex": -102000000,
      "gross_margin": 0.21185185185185185,
      "op_margin": null,
      "fcf_margin": -0.2903703703703704,
      "rev_growth_yoy": -0.12109375,
      "rev_growth_yoy_accel": -0.1382835855754858,
      "fcf_margin_change": -0.5453299589082102
    },
    {
      "date": "2024-06-30T00:00:00",
      "quarter_label": "2024-06 (Q2)",
      "revenue": 1538000000,
      "gross_profit": 306000000,
      "operating_income": null,
      "net_income": 70000000,
      "opex": 168000000,
      "cogs": 1232000000,
      "rd": 26000000,
      "sga": 139000000,
      "fcf": -693000000,
      "ocf": -620000000,
      "capex": -73000000,
      "gross_margin": 0.19895968790637192,
      "op_margin": null,
      "fcf_margin": -0.4505851755526658,
      "rev_growth_yoy": -0.06390748630553865,
      "rev_growth_yoy_accel": 0.05718626369446135,
      "op_leverage_ratio": Infinity,
      "fcf_margin_change": -0.16021480518229542
    },
    {
      "date": "2024-09-30T00:00:00",
      "quarter_label": "2024-09 (Q3)",
      "revenue": 1501000000,
      "gross_profit": 286000000,
      "operating_income": null,
      "net_income": -27000000,
      "opex": 265000000,
      "cogs": 1215000000,
      "rd": 29000000,
      "sga": 135000000,
      "fcf": 63000000,
      "ocf": 139000000,
      "capex": -76000000,
      "gross_margin": 0.1905396402398401,
      "op_margin": null,
      "fcf_margin": 0.04197201865423051,
      "rev_growth_yoy": 0.00941492938802959,
      "rev_growth_yoy_accel": 0.07332241569356823,
      "fcf_margin_change": 0.4925571942068963
    },
    {
      "date": "2024-12-31T00:00:00",
      "quarter_label": "2024-12 (Q4)",
      "revenue": 1359000000,
      "gross_profit": 273000000,
      "operating_income": null,
      "net_income": -8000000,
      "opex": 203000000,
      "cogs": 1086000000,
      "rd": 26000000,
      "sga": 169000000,
      "fcf": 29000000,
      "ocf": 138000000,
      "capex": -109000000,
      "gross_margin": 0.20088300220750552,
      "op_margin": null,
      "fcf_margin": 0.021339220014716703,
      "rev_growth_yoy": -0.0014695077149155032,
      "rev_growth_yoy_accel": -0.010884437102945094,
      "fcf_margin_change": -0.020632798639513807
    },
    {
      "date": "2025-03-31T00:00:00",
      "quarter_label": "2025-03 (Q1)",
      "revenue": 1368000000,
      "gross_profit": 236000000,
      "operating_income": null,
      "net_income": -4000000,
      "opex": 183000000,
      "cogs": 1132000000,
      "rd": 27000000,
      "sga": 123000000,
      "fcf": -196000000,
      "ocf": -112000000,
      "capex": -84000000,
      "gross_margin": 0.17251461988304093,
      "op_margin": null,
      "fcf_margin": -0.14327485380116958,
      "rev_growth_yoy": 0.013333333333333334,
      "rev_growth_yoy_accel": 0.014802841048248838,
      "fcf_margin_change": -0.16461407381588627
    },
    {
      "date": "2025-06-30T00:00:00",
      "quarter_label": "2025-06 (Q2)",
      "revenue": 1615000000,
      "gross_profit": 278000000,
      "operating_income": null,
      "net_income": -381000000,
      "opex": 483000000,
      "cogs": 1337000000,
      "rd": 28000000,
      "sga": 437000000,
      "fcf": 50000000,
      "ocf": 93000000,
      "capex": -43000000,
      "gross_margin": 0.1721362229102167,
      "op_margin": null,
      "fcf_margin": 0.030959752321981424,
      "rev_growth_yoy": 0.05006501950585176,
      "rev_growth_yoy_accel": 0.03673168617251842,
      "op_leverage_ratio": 0.11013888888888888,
      "fcf_margin_change": 0.174234606123151
    },
    {
      "date": "2025-09-30T00:00:00",
      "quarter_label": "2025-09 (Q3)",
      "revenue": 1495000000,
      "gross_profit": 233000000,
      "operating_income": null,
      "net_income": 60000000,
      "opex": 139000000,
      "cogs": 1262000000,
      "rd": 26000000,
      "sga": 109000000,
      "fcf": 105000000,
      "ocf": 146000000,
      "capex": -41000000,
      "gross_margin": 0.15585284280936454,
      "op_margin": null,
      "fcf_margin": 0.07023411371237458,
      "rev_growth_yoy": -0.003997335109926716,
      "rev_growth_yoy_accel": -0.05406235461577848,
      "fcf_margin_change": 0.039274361390393156
    }
  ],
  "signals": [
    {
      "quarter": "2025-09 (Q3)",
      "signal": "YoY REVENUE GROWTH DECELERATION",
      "detail": "YoY growth: -0.4% vs prior quarter YoY: +5.0% (decel: -5.4%)",
      "severity": "WARNING"
    },
    {
      "quarter": "2025-06 (Q2)",
      "signal": "FCF TURNED POSITIVE",
      "detail": "FCF margin: -14.3% -> +3.1%",
      "severity": "HIGH"
    },
    {
      "quarter": "2024-09 (Q3)",
      "signal": "FCF TURNED POSITIVE",
      "detail": "FCF margin: -45.1% -> +4.2%",
      "severity": "HIGH"
    },
    {
      "quarter": "2024-09 (Q3)",
      "signal": "YoY REVENUE GROWTH ACCELERATION",
      "detail": "YoY growth: +0.9% vs prior quarter YoY: -6.4% (accel: +7.3%)",
      "severity": "MEDIUM"
    },
    {
      "quarter": "2024-06 (Q2)",
      "signal": "YoY REVENUE GROWTH ACCELERATION",
      "detail": "YoY growth: -6.4% vs prior quarter YoY: -12.1% (accel: +5.7%)",
      "severity": "MEDIUM"
    },
    {
      "quarter": "2024-03 (Q1)",
      "signal": "GROSS MARGIN INFLECTION",
      "detail": "GM: +18.9% -> +18.1% -> +21.2% (reversal +3.0%)",
      "severity": "MEDIUM"
    },
    {
      "quarter": "2024-03 (Q1)",
      "signal": "YoY REVENUE GROWTH DECELERATION",
      "detail": "YoY growth: -12.1% vs prior quarter YoY: +1.7% (decel: -13.8%)",
      "severity": "WARNING"
    },
    {
      "quarter": "2023-12 (Q4)",
      "signal": "FCF MARGIN EXPANSION",
      "detail": "FCF margin: +3.0% -> +25.5% (+22.5%)",
      "severity": "MEDIUM"
    },
    {
      "quarter": "2023-12 (Q4)",
      "signal": "YoY REVENUE GROWTH ACCELERATION",
      "detail": "YoY growth: +1.7% vs prior quarter YoY: -16.3% (accel: +18.0%)",
      "severity": "HIGH"
    },
    {
      "quarter": "2023-06 (Q2)",
      "signal": "FCF TURNED POSITIVE",
      "detail": "FCF margin: -14.0% -> +0.5%",
      "severity": "HIGH"
    },
    {
      "quarter": "2023-03 (Q1)",
      "signal": "GROSS MARGIN INFLECTION",
      "detail": "GM: +24.3% -> +15.1% -> +24.0% (reversal +8.9%)",
      "severity": "HIGH"
    },
    {
      "quarter": "2022-12 (Q4)",
      "signal": "YoY REVENUE GROWTH DECELERATION",
      "detail": "YoY growth: -15.0% vs prior quarter YoY: +5.8% (decel: -20.8%)",
      "severity": "WARNING"
    },
    {
      "quarter": "2022-09 (Q3)",
      "signal": "YoY REVENUE GROWTH DECELERATION",
      "detail": "YoY growth: +5.8% vs prior quarter YoY: +15.7% (decel: -9.9%)",
      "severity": "WARNING"
    },
    {
      "quarter": "2022-06 (Q2)",
      "signal": "FCF TURNED POSITIVE",
      "detail": "FCF margin: -5.9% -> +12.0%",
      "severity": "HIGH"
    },
    {
      "quarter": "2022-06 (Q2)",
      "signal": "YoY REVENUE GROWTH DECELERATION",
      "detail": "YoY growth: +15.7% vs prior quarter YoY: +22.8% (decel: -7.1%)",
      "severity": "WARNING"
    },
    {
      "quarter": "2022-03 (Q1)",
      "signal": "GROSS MARGIN INFLECTION",
      "detail": "GM: +25.4% -> +25.0% -> +27.6% (reversal +2.6%)",
      "severity": "MEDIUM"
    },
    {
      "quarter": "2022-03 (Q1)",
      "signal": "YoY REVENUE GROWTH ACCELERATION",
      "detail": "YoY growth: +22.8% vs prior quarter YoY: +17.7% (accel: +5.1%)",
      "severity": "MEDIUM"
    },
    {
      "quarter": "2021-09 (Q3)",
      "signal": "GROSS MARGIN INFLECTION",
      "detail": "GM: +20.7% -> +16.0% -> +25.4% (reversal +9.5%)",
      "severity": "HIGH"
    },
    {
      "quarter": "2021-06 (Q2)",
      "signal": "FCF TURNED POSITIVE",
      "detail": "FCF margin: -1.5% -> +11.4%",
      "severity": "HIGH"
    }
  ],
  "data_quality": {
    "n_quarters": 20,
    "coverage": {
      "revenue": [
        20,
        20
      ],
      "gross_profit": [
        20,
        20
      ],
      "op_income": [
        0,
        20
      ],
      "fcf": [
        20,
        20
      ]
    },
    "gaps": [],
    "warnings": [
      "op_income: no data"
    ]
  },
  "market_cap": null,
  "source": "SEC EDGAR",
  "last_updated": "2026-02-02T21:30:59.704326"
}