{
  "ticker": "CCCC",
  "name": "C4 THERAPEUTICS, INC.",
  "quarters": [
    {
      "date": "2021-06-30T00:00:00",
      "quarter_label": "2021-06 (Q2)",
      "revenue": 9781000,
      "gross_profit": null,
      "operating_income": -22116000,
      "net_income": -22580000,
      "opex": 31897000,
      "cogs": null,
      "rd": 23286000,
      "sga": null,
      "fcf": -18749000,
      "ocf": -18002000,
      "capex": -747000,
      "gross_margin": null,
      "op_margin": -2.2611184950414067,
      "fcf_margin": -1.9168796646559656
    },
    {
      "date": "2021-09-30T00:00:00",
      "quarter_label": "2021-09 (Q3)",
      "revenue": 8500000,
      "gross_profit": null,
      "operating_income": -24254000,
      "net_income": -24683000,
      "opex": 32754000,
      "cogs": null,
      "rd": 24302000,
      "sga": null,
      "fcf": -18358000,
      "ocf": -18358000,
      "capex": null,
      "gross_margin": null,
      "op_margin": -2.8534117647058825,
      "fcf_margin": -2.159764705882353,
      "fcf_margin_change": -0.24288504122638743
    },
    {
      "date": "2021-12-31T00:00:00",
      "quarter_label": "2021-12 (Q4)",
      "revenue": 20078000,
      "gross_profit": null,
      "operating_income": -15255000,
      "net_income": -15658000,
      "opex": 35333000,
      "cogs": null,
      "rd": 26551000,
      "sga": null,
      "fcf": -25780000,
      "ocf": -25671000,
      "capex": -109000,
      "gross_margin": null,
      "op_margin": -0.759786831357705,
      "fcf_margin": -1.283992429524853,
      "op_leverage_ratio": 17.299263827749012,
      "fcf_margin_change": 0.8757722763575
    },
    {
      "date": "2022-03-31T00:00:00",
      "quarter_label": "2022-03 (Q1)",
      "revenue": 7654000,
      "gross_profit": null,
      "operating_income": -31369000,
      "net_income": -31620000,
      "opex": 39023000,
      "cogs": null,
      "rd": 26203000,
      "sga": null,
      "fcf": -26768000,
      "ocf": -26596000,
      "capex": -172000,
      "gross_margin": null,
      "op_margin": -4.098379932061667,
      "fcf_margin": -3.497256336556049,
      "fcf_margin_change": -2.213263907031196
    },
    {
      "date": "2022-06-30T00:00:00",
      "quarter_label": "2022-06 (Q2)",
      "revenue": 13834000,
      "gross_profit": null,
      "operating_income": -27384000,
      "net_income": -27412000,
      "opex": 41218000,
      "cogs": null,
      "rd": 31323000,
      "sga": null,
      "fcf": -22724000,
      "ocf": -22195000,
      "capex": -529000,
      "gross_margin": null,
      "op_margin": -1.9794708688737892,
      "fcf_margin": -1.6426196327887812,
      "incr_op_margin_yoy": -1.2997779422649889,
      "rev_growth_yoy": 0.4143748083018096,
      "op_leverage_ratio": 14.354436437421915,
      "fcf_margin_change": 1.8546367037672677
    },
    {
      "date": "2022-09-30T00:00:00",
      "quarter_label": "2022-09 (Q3)",
      "revenue": 6754000,
      "gross_profit": null,
      "operating_income": -32488000,
      "net_income": -31958000,
      "opex": 39242000,
      "cogs": null,
      "rd": 29663000,
      "sga": null,
      "fcf": -31325000,
      "ocf": -28020000,
      "capex": -3305000,
      "gross_margin": null,
      "op_margin": -4.810186556114895,
      "fcf_margin": -4.63799230085875,
      "incr_op_margin_yoy": 4.715922107674685,
      "rev_growth_yoy": -0.20541176470588235,
      "rev_growth_yoy_accel": -0.6197865730076919,
      "fcf_margin_change": -2.995372668069969
    },
    {
      "date": "2022-12-31T00:00:00",
      "quarter_label": "2022-12 (Q4)",
      "revenue": 2854000,
      "gross_profit": null,
      "operating_income": -38293000,
      "net_income": -37185000,
      "opex": 41147000,
      "cogs": null,
      "rd": 30652000,
      "sga": null,
      "fcf": -30618000,
      "ocf": -29128000,
      "capex": -1490000,
      "gross_margin": null,
      "op_margin": -13.41730903994394,
      "fcf_margin": -10.728100911002102,
      "incr_op_margin_yoy": 1.337552252670692,
      "rev_growth_yoy": -0.8578543679649367,
      "rev_growth_yoy_accel": -0.6524426032590545,
      "fcf_margin_change": -6.090108610143352
    },
    {
      "date": "2023-03-31T00:00:00",
      "quarter_label": "2023-03 (Q1)",
      "revenue": 3759000,
      "gross_profit": null,
      "operating_income": -36228000,
      "net_income": -34780000,
      "opex": 39987000,
      "cogs": null,
      "rd": 29042000,
      "sga": null,
      "fcf": -33714000,
      "ocf": -33125000,
      "capex": -589000,
      "gross_margin": null,
      "op_margin": -9.637669592976856,
      "fcf_margin": -8.968874700718276,
      "incr_op_margin_yoy": 1.2474967907573813,
      "rev_growth_yoy": -0.5088842435327933,
      "rev_growth_yoy_accel": 0.3489701244321435,
      "op_leverage_ratio": Infinity,
      "fcf_margin_change": 1.7592262102838259
    },
    {
      "date": "2023-06-30T00:00:00",
      "quarter_label": "2023-06 (Q2)",
      "revenue": 2664000,
      "gross_profit": null,
      "operating_income": -37568000,
      "net_income": -35922000,
      "opex": 40232000,
      "cogs": null,
      "rd": 29926000,
      "sga": null,
      "fcf": -19359000,
      "ocf": -18997000,
      "capex": -362000,
      "gross_margin": null,
      "op_margin": -14.102102102102101,
      "fcf_margin": -7.266891891891892,
      "incr_op_margin_yoy": 0.911727842435094,
      "rev_growth_yoy": -0.8074309671823044,
      "rev_growth_yoy_accel": -0.2985467236495112,
      "fcf_margin_change": 1.7019828088263838
    },
    {
      "date": "2023-09-30T00:00:00",
      "quarter_label": "2023-09 (Q3)",
      "revenue": 11072000,
      "gross_profit": null,
      "operating_income": -27808000,
      "net_income": -27037000,
      "opex": 38880000,
      "cogs": null,
      "rd": 28347000,
      "sga": null,
      "fcf": -31307000,
      "ocf": -30707000,
      "capex": -600000,
      "gross_margin": null,
      "op_margin": -2.5115606936416186,
      "fcf_margin": -2.827583092485549,
      "incr_op_margin_yoy": 1.0838351088466882,
      "rev_growth_yoy": 0.6393248445365709,
      "rev_growth_yoy_accel": 1.4467558117188752,
      "op_leverage_ratio": Infinity,
      "fcf_margin_change": 4.4393087994063425
    },
    {
      "date": "2023-12-31T00:00:00",
      "quarter_label": "2023-12 (Q4)",
      "revenue": 3261000,
      "gross_profit": null,
      "operating_income": -37427000,
      "net_income": -34754000,
      "opex": 40688000,
      "cogs": null,
      "rd": 30391000,
      "sga": null,
      "fcf": -24166000,
      "ocf": -24009000,
      "capex": -157000,
      "gross_margin": null,
      "op_margin": -11.477154247163448,
      "fcf_margin": -7.410610242256976,
      "rev_growth_yoy": 0.14260686755430974,
      "rev_growth_yoy_accel": -0.49671797698226117,
      "fcf_margin_change": -4.583027149771427
    },
    {
      "date": "2024-03-31T00:00:00",
      "quarter_label": "2024-03 (Q1)",
      "revenue": 3039000,
      "gross_profit": null,
      "operating_income": -32219000,
      "net_income": -28361000,
      "opex": 35258000,
      "cogs": null,
      "rd": 22533000,
      "sga": null,
      "fcf": -18118000,
      "ocf": -18118000,
      "capex": null,
      "gross_margin": null,
      "op_margin": -10.60184271141823,
      "fcf_margin": -5.961829549193814,
      "rev_growth_yoy": -0.19154030327214686,
      "rev_growth_yoy_accel": -0.3341471708264566,
      "fcf_margin_change": 1.4487806930631626
    },
    {
      "date": "2024-06-30T00:00:00",
      "quarter_label": "2024-06 (Q2)",
      "revenue": 12006000,
      "gross_profit": null,
      "operating_income": -21442000,
      "net_income": -17716000,
      "opex": 33448000,
      "cogs": null,
      "rd": 23753000,
      "sga": null,
      "fcf": -5171000,
      "ocf": -4974000,
      "capex": -197000,
      "gross_margin": null,
      "op_margin": -1.7859403631517574,
      "fcf_margin": -0.43070131600866235,
      "incr_op_margin_yoy": 1.726182830229073,
      "rev_growth_yoy": 3.5067567567567566,
      "rev_growth_yoy_accel": 3.6982970600289033,
      "op_leverage_ratio": Infinity,
      "fcf_margin_change": 5.531128233185152
    },
    {
      "date": "2024-09-30T00:00:00",
      "quarter_label": "2024-09 (Q3)",
      "revenue": 15362000,
      "gross_profit": null,
      "operating_income": -28244000,
      "net_income": -24666000,
      "opex": 43606000,
      "cogs": null,
      "rd": 31838000,
      "sga": null,
      "fcf": -24120000,
      "ocf": -24133000,
      "capex": 13000,
      "gross_margin": null,
      "op_margin": -1.8385626871501106,
      "fcf_margin": -1.5701080588465044,
      "incr_op_margin_yoy": -0.10163170163170163,
      "rev_growth_yoy": 0.38746387283236994,
      "rev_growth_yoy_accel": -3.1192928839243868,
      "op_leverage_ratio": 0.9204189662076488,
      "fcf_margin_change": -1.139406742837842
    },
    {
      "date": "2024-12-31T00:00:00",
      "quarter_label": "2024-12 (Q4)",
      "revenue": 5177000,
      "gross_profit": null,
      "operating_income": -37709000,
      "net_income": -34573000,
      "opex": 42886000,
      "cogs": null,
      "rd": 32513000,
      "sga": null,
      "fcf": -17928000,
      "ocf": -17932000,
      "capex": 4000,
      "gross_margin": null,
      "op_margin": -7.283948232567123,
      "fcf_margin": -3.4630094649410856,
      "incr_op_margin_yoy": -0.14718162839248433,
      "rev_growth_yoy": 0.5875498313400798,
      "rev_growth_yoy_accel": 0.20008595850770983,
      "fcf_margin_change": -1.8929014060945812
    },
    {
      "date": "2025-03-31T00:00:00",
      "quarter_label": "2025-03 (Q1)",
      "revenue": 7238000,
      "gross_profit": null,
      "operating_income": -29164000,
      "net_income": -26322000,
      "opex": 36402000,
      "cogs": null,
      "rd": 27072000,
      "sga": null,
      "fcf": -33285000,
      "ocf": -33285000,
      "capex": null,
      "gross_margin": null,
      "op_margin": -4.029289859077093,
      "fcf_margin": -4.598646034816247,
      "incr_op_margin_yoy": 0.7275541795665634,
      "rev_growth_yoy": 1.3817045080618624,
      "rev_growth_yoy_accel": 0.7941546767217826,
      "op_leverage_ratio": Infinity,
      "fcf_margin_change": -1.1356365698751616
    },
    {
      "date": "2025-06-30T00:00:00",
      "quarter_label": "2025-06 (Q2)",
      "revenue": 6463000,
      "gross_profit": null,
      "operating_income": -28501000,
      "net_income": -26020000,
      "opex": 34964000,
      "cogs": null,
      "rd": 26197000,
      "sga": null,
      "fcf": -12057000,
      "ocf": -12057000,
      "capex": null,
      "gross_margin": null,
      "op_margin": -4.409871576667182,
      "fcf_margin": -1.865542317809067,
      "incr_op_margin_yoy": 1.2734981057189247,
      "rev_growth_yoy": -0.4616858237547893,
      "rev_growth_yoy_accel": -1.8433903318166518,
      "fcf_margin_change": 2.73310371700718
    },
    {
      "date": "2025-09-30T00:00:00",
      "quarter_label": "2025-09 (Q3)",
      "revenue": 11230000,
      "gross_profit": null,
      "operating_income": -34412000,
      "net_income": -32166000,
      "opex": 45642000,
      "cogs": null,
      "rd": 25989000,
      "sga": null,
      "fcf": -31618000,
      "ocf": -31207000,
      "capex": -411000,
      "gross_margin": null,
      "op_margin": -3.064292074799644,
      "fcf_margin": -2.8154942119323243,
      "incr_op_margin_yoy": 1.4927395934172314,
      "rev_growth_yoy": -0.26897539382892854,
      "rev_growth_yoy_accel": 0.19271042992586074,
      "op_leverage_ratio": 2.4151393337677893,
      "fcf_margin_change": -0.9499518941232572
    }
  ],
  "signals": [
    {
      "quarter": "2025-09 (Q3)",
      "signal": "OPERATING LEVERAGE",
      "detail": "Rev growth +73.8% vs OpEx growth +30.5% (leverage: 2.4x)",
      "severity": "MEDIUM"
    },
    {
      "quarter": "2025-09 (Q3)",
      "signal": "YoY REVENUE GROWTH ACCELERATION",
      "detail": "YoY growth: -26.9% vs prior quarter YoY: -46.2% (accel: +19.3%)",
      "severity": "HIGH"
    },
    {
      "quarter": "2025-06 (Q2)",
      "signal": "FCF MARGIN EXPANSION",
      "detail": "FCF margin: -459.9% -> -186.6% (+273.3%)",
      "severity": "MEDIUM"
    },
    {
      "quarter": "2025-06 (Q2)",
      "signal": "YoY REVENUE GROWTH DECELERATION",
      "detail": "YoY growth: -46.2% vs prior quarter YoY: +138.2% (decel: -184.3%)",
      "severity": "WARNING"
    },
    {
      "quarter": "2025-03 (Q1)",
      "signal": "YoY REVENUE GROWTH ACCELERATION",
      "detail": "YoY growth: +138.2% vs prior quarter YoY: +58.8% (accel: +79.4%)",
      "severity": "HIGH"
    },
    {
      "quarter": "2024-12 (Q4)",
      "signal": "YoY REVENUE GROWTH ACCELERATION",
      "detail": "YoY growth: +58.8% vs prior quarter YoY: +38.7% (accel: +20.0%)",
      "severity": "HIGH"
    },
    {
      "quarter": "2024-09 (Q3)",
      "signal": "YoY REVENUE GROWTH DECELERATION",
      "detail": "YoY growth: +38.7% vs prior quarter YoY: +350.7% (decel: -311.9%)",
      "severity": "WARNING"
    },
    {
      "quarter": "2024-06 (Q2)",
      "signal": "FCF MARGIN EXPANSION",
      "detail": "FCF margin: -596.2% -> -43.1% (+553.1%)",
      "severity": "MEDIUM"
    },
    {
      "quarter": "2024-06 (Q2)",
      "signal": "YoY REVENUE GROWTH ACCELERATION",
      "detail": "YoY growth: +350.7% vs prior quarter YoY: -19.2% (accel: +369.8%)",
      "severity": "HIGH"
    },
    {
      "quarter": "2024-03 (Q1)",
      "signal": "FCF MARGIN EXPANSION",
      "detail": "FCF margin: -741.1% -> -596.2% (+144.9%)",
      "severity": "MEDIUM"
    },
    {
      "quarter": "2024-03 (Q1)",
      "signal": "YoY REVENUE GROWTH DECELERATION",
      "detail": "YoY growth: -19.2% vs prior quarter YoY: +14.3% (decel: -33.4%)",
      "severity": "WARNING"
    },
    {
      "quarter": "2023-12 (Q4)",
      "signal": "YoY REVENUE GROWTH DECELERATION",
      "detail": "YoY growth: +14.3% vs prior quarter YoY: +63.9% (decel: -49.7%)",
      "severity": "WARNING"
    },
    {
      "quarter": "2023-09 (Q3)",
      "signal": "FCF MARGIN EXPANSION",
      "detail": "FCF margin: -726.7% -> -282.8% (+443.9%)",
      "severity": "MEDIUM"
    },
    {
      "quarter": "2023-09 (Q3)",
      "signal": "YoY REVENUE GROWTH ACCELERATION",
      "detail": "YoY growth: +63.9% vs prior quarter YoY: -80.7% (accel: +144.7%)",
      "severity": "HIGH"
    },
    {
      "quarter": "2023-06 (Q2)",
      "signal": "FCF MARGIN EXPANSION",
      "detail": "FCF margin: -896.9% -> -726.7% (+170.2%)",
      "severity": "MEDIUM"
    },
    {
      "quarter": "2023-06 (Q2)",
      "signal": "YoY REVENUE GROWTH DECELERATION",
      "detail": "YoY growth: -80.7% vs prior quarter YoY: -50.9% (decel: -29.9%)",
      "severity": "WARNING"
    },
    {
      "quarter": "2023-03 (Q1)",
      "signal": "FCF MARGIN EXPANSION",
      "detail": "FCF margin: -1072.8% -> -896.9% (+175.9%)",
      "severity": "MEDIUM"
    },
    {
      "quarter": "2023-03 (Q1)",
      "signal": "YoY REVENUE GROWTH ACCELERATION",
      "detail": "YoY growth: -50.9% vs prior quarter YoY: -85.8% (accel: +34.9%)",
      "severity": "HIGH"
    },
    {
      "quarter": "2022-12 (Q4)",
      "signal": "YoY REVENUE GROWTH DECELERATION",
      "detail": "YoY growth: -85.8% vs prior quarter YoY: -20.5% (decel: -65.2%)",
      "severity": "WARNING"
    },
    {
      "quarter": "2022-09 (Q3)",
      "signal": "YoY REVENUE GROWTH DECELERATION",
      "detail": "YoY growth: -20.5% vs prior quarter YoY: +41.4% (decel: -62.0%)",
      "severity": "WARNING"
    },
    {
      "quarter": "2022-06 (Q2)",
      "signal": "FCF MARGIN EXPANSION",
      "detail": "FCF margin: -349.7% -> -164.3% (+185.5%)",
      "severity": "MEDIUM"
    },
    {
      "quarter": "2022-06 (Q2)",
      "signal": "OPERATING LEVERAGE",
      "detail": "Rev growth +80.7% vs OpEx growth +5.6% (leverage: 14.4x)",
      "severity": "MEDIUM"
    },
    {
      "quarter": "2021-12 (Q4)",
      "signal": "FCF MARGIN EXPANSION",
      "detail": "FCF margin: -216.0% -> -128.4% (+87.6%)",
      "severity": "MEDIUM"
    },
    {
      "quarter": "2021-12 (Q4)",
      "signal": "OPERATING LEVERAGE",
      "detail": "Rev growth +136.2% vs OpEx growth +7.9% (leverage: 17.3x)",
      "severity": "MEDIUM"
    }
  ],
  "data_quality": {
    "n_quarters": 18,
    "coverage": {
      "revenue": [
        18,
        18
      ],
      "gross_profit": [
        0,
        18
      ],
      "op_income": [
        18,
        18
      ],
      "fcf": [
        18,
        18
      ]
    },
    "gaps": [],
    "warnings": [
      "gross_profit: no data"
    ]
  },
  "market_cap": null,
  "source": "SEC EDGAR",
  "last_updated": "2026-02-02T23:00:10.047450",
  "sector": "Healthcare",
  "industry": "Biotechnology"
}