{
  "ticker": "CCLD",
  "name": "CARECLOUD, INC.",
  "quarters": [
    {
      "date": "2020-12-31T00:00:00",
      "quarter_label": "2020-12 (Q4)",
      "revenue": 32037425,
      "gross_profit": null,
      "operating_income": 411743,
      "net_income": 154870,
      "opex": 31625682,
      "cogs": null,
      "rd": 2464986,
      "sga": null,
      "fcf": 2141000,
      "ocf": 3441000,
      "capex": -1300000,
      "gross_margin": null,
      "op_margin": 0.012851938006877894,
      "fcf_margin": 0.06682809245749308
    },
    {
      "date": "2021-03-31T00:00:00",
      "quarter_label": "2021-03 (Q1)",
      "revenue": 29768000,
      "gross_profit": null,
      "operating_income": -1681000,
      "net_income": -1964000,
      "opex": 31449000,
      "cogs": null,
      "rd": 2026000,
      "sga": null,
      "fcf": 263000,
      "ocf": 958000,
      "capex": -695000,
      "gross_margin": null,
      "op_margin": -0.05647003493684494,
      "fcf_margin": 0.008834990593926364,
      "fcf_margin_change": -0.05799310186356671
    },
    {
      "date": "2021-06-30T00:00:00",
      "quarter_label": "2021-06 (Q2)",
      "revenue": 34065000,
      "gross_profit": null,
      "operating_income": -106000,
      "net_income": -227000,
      "opex": 34171000,
      "cogs": null,
      "rd": 1813000,
      "sga": null,
      "fcf": 334000,
      "ocf": 1123000,
      "capex": -789000,
      "gross_margin": null,
      "op_margin": -0.003111698223983561,
      "fcf_margin": 0.009804784969910465,
      "op_leverage_ratio": 1.6677633137853132,
      "fcf_margin_change": 0.000969794375984101
    },
    {
      "date": "2021-09-30T00:00:00",
      "quarter_label": "2021-09 (Q3)",
      "revenue": 38304000,
      "gross_profit": null,
      "operating_income": 1425000,
      "net_income": 1505000,
      "opex": 36879000,
      "cogs": null,
      "rd": 488000,
      "sga": null,
      "fcf": 4621000,
      "ocf": 5129000,
      "capex": -508000,
      "gross_margin": null,
      "op_margin": 0.03720238095238095,
      "fcf_margin": 0.12064014202172096,
      "op_leverage_ratio": 1.5702328245094042,
      "fcf_margin_change": 0.1108353570518105
    },
    {
      "date": "2021-12-31T00:00:00",
      "quarter_label": "2021-12 (Q4)",
      "revenue": 37462000,
      "gross_profit": null,
      "operating_income": 3891000,
      "net_income": 3522000,
      "opex": 33571000,
      "cogs": null,
      "rd": 80000,
      "sga": null,
      "fcf": 5188000,
      "ocf": 6124000,
      "capex": -936000,
      "gross_margin": null,
      "op_margin": 0.10386525012012172,
      "fcf_margin": 0.1384870001601623,
      "incr_op_margin_yoy": 0.6413879428342313,
      "rev_growth_yoy": 0.1693199437844958,
      "fcf_margin_change": 0.017846858138441335
    },
    {
      "date": "2022-03-31T00:00:00",
      "quarter_label": "2022-03 (Q1)",
      "revenue": 35341000,
      "gross_profit": null,
      "operating_income": 1216000,
      "net_income": 1140000,
      "opex": 34125000,
      "cogs": null,
      "rd": 985000,
      "sga": null,
      "fcf": 2543000,
      "ocf": 3087000,
      "capex": -544000,
      "gross_margin": null,
      "op_margin": 0.03440762853343143,
      "fcf_margin": 0.07195608500042444,
      "incr_op_margin_yoy": 0.5198277408935941,
      "rev_growth_yoy": 0.18721445847890353,
      "rev_growth_yoy_accel": 0.017894514694407726,
      "fcf_margin_change": -0.06653091515973786
    },
    {
      "date": "2022-06-30T00:00:00",
      "quarter_label": "2022-06 (Q2)",
      "revenue": 37228000,
      "gross_profit": null,
      "operating_income": 2754000,
      "net_income": 2737000,
      "opex": 34474000,
      "cogs": null,
      "rd": 1098000,
      "sga": null,
      "fcf": 4610000,
      "ocf": 5039000,
      "capex": -429000,
      "gross_margin": null,
      "op_margin": 0.07397657677017298,
      "fcf_margin": 0.12383152465885892,
      "incr_op_margin_yoy": 0.9042048687954474,
      "rev_growth_yoy": 0.09285190077792456,
      "rev_growth_yoy_accel": -0.09436255770097897,
      "op_leverage_ratio": 5.220838982686002,
      "fcf_margin_change": 0.05187543965843448
    },
    {
      "date": "2022-09-30T00:00:00",
      "quarter_label": "2022-09 (Q3)",
      "revenue": 33723000,
      "gross_profit": null,
      "operating_income": 1688000,
      "net_income": 1056000,
      "opex": 32035000,
      "cogs": null,
      "rd": 1168000,
      "sga": null,
      "fcf": 5794000,
      "ocf": 6977000,
      "capex": -1183000,
      "gross_margin": null,
      "op_margin": 0.050054858701776235,
      "fcf_margin": 0.17181152329270824,
      "incr_op_margin_yoy": -0.05741104562322637,
      "rev_growth_yoy": -0.11959586466165413,
      "rev_growth_yoy_accel": -0.2124477654395787,
      "fcf_margin_change": 0.047979998633849316
    },
    {
      "date": "2022-12-31T00:00:00",
      "quarter_label": "2022-12 (Q4)",
      "revenue": 32534000,
      "gross_profit": null,
      "operating_income": 952000,
      "net_income": 499000,
      "opex": 31582000,
      "cogs": null,
      "rd": 1150000,
      "sga": null,
      "fcf": 5616000,
      "ocf": 6048000,
      "capex": -432000,
      "gross_margin": null,
      "op_margin": 0.029261695457060307,
      "fcf_margin": 0.17261941353660787,
      "incr_op_margin_yoy": 0.596387987012987,
      "rev_growth_yoy": -0.13154663392237467,
      "rev_growth_yoy_accel": -0.011950769260720542,
      "fcf_margin_change": 0.0008078902438996283
    },
    {
      "date": "2023-03-31T00:00:00",
      "quarter_label": "2023-03 (Q1)",
      "revenue": 30001000,
      "gross_profit": null,
      "operating_income": -223000,
      "net_income": -401000,
      "opex": 30224000,
      "cogs": null,
      "rd": 1078000,
      "sga": null,
      "fcf": 188000,
      "ocf": 1023000,
      "capex": -835000,
      "gross_margin": null,
      "op_margin": -0.007433085563814539,
      "fcf_margin": 0.006266457784740508,
      "incr_op_margin_yoy": 0.2694756554307116,
      "rev_growth_yoy": -0.15109928977674655,
      "rev_growth_yoy_accel": -0.01955265585437188,
      "fcf_margin_change": -0.16635295575186737
    },
    {
      "date": "2023-06-30T00:00:00",
      "quarter_label": "2023-06 (Q2)",
      "revenue": 29362000,
      "gross_profit": null,
      "operating_income": -1289000,
      "net_income": -1832000,
      "opex": 30651000,
      "cogs": null,
      "rd": 1185000,
      "sga": null,
      "fcf": 5599000,
      "ocf": 6385000,
      "capex": -786000,
      "gross_margin": null,
      "op_margin": -0.04390027927252912,
      "fcf_margin": 0.19068864518765752,
      "incr_op_margin_yoy": 0.5139842359521993,
      "rev_growth_yoy": -0.2112925754808209,
      "rev_growth_yoy_accel": -0.06019328570407434,
      "fcf_margin_change": 0.18442218740291702
    },
    {
      "date": "2023-09-30T00:00:00",
      "quarter_label": "2023-09 (Q3)",
      "revenue": 29280000,
      "gross_profit": null,
      "operating_income": -1970000,
      "net_income": -2749000,
      "opex": 31250000,
      "cogs": null,
      "rd": 1260000,
      "sga": null,
      "fcf": 3247000,
      "ocf": 4313000,
      "capex": -1066000,
      "gross_margin": null,
      "op_margin": -0.06728142076502733,
      "fcf_margin": 0.1108948087431694,
      "incr_op_margin_yoy": 0.8233175782129192,
      "rev_growth_yoy": -0.13174984431990036,
      "rev_growth_yoy_accel": 0.07954273116092053,
      "fcf_margin_change": -0.07979383644448812
    },
    {
      "date": "2023-12-31T00:00:00",
      "quarter_label": "2023-12 (Q4)",
      "revenue": 28416000,
      "gross_profit": null,
      "operating_income": -43633000,
      "net_income": -43692000,
      "opex": 72049000,
      "cogs": null,
      "rd": 1213000,
      "sga": null,
      "fcf": 3364000,
      "ocf": 3740000,
      "capex": -376000,
      "gross_margin": null,
      "op_margin": -1.5355081644144144,
      "fcf_margin": 0.11838400900900901,
      "incr_op_margin_yoy": 10.826857697911608,
      "rev_growth_yoy": -0.1265752750968218,
      "rev_growth_yoy_accel": 0.005174569223078573,
      "fcf_margin_change": 0.007489200265839616
    },
    {
      "date": "2024-03-31T00:00:00",
      "quarter_label": "2024-03 (Q1)",
      "revenue": 25962000,
      "gross_profit": null,
      "operating_income": 129000,
      "net_income": -241000,
      "opex": 25833000,
      "cogs": null,
      "rd": 913000,
      "sga": null,
      "fcf": 3768000,
      "ocf": 4066000,
      "capex": -298000,
      "gross_margin": null,
      "op_margin": 0.004968800554656806,
      "fcf_margin": 0.1451351975964872,
      "incr_op_margin_yoy": -0.08715028472394157,
      "rev_growth_yoy": -0.13462884570514316,
      "rev_growth_yoy_accel": -0.008053570608321375,
      "fcf_margin_change": 0.026751188587478172
    },
    {
      "date": "2024-06-30T00:00:00",
      "quarter_label": "2024-06 (Q2)",
      "revenue": 28090000,
      "gross_profit": null,
      "operating_income": 2271000,
      "net_income": 1674000,
      "opex": 25819000,
      "cogs": null,
      "rd": 1055000,
      "sga": null,
      "fcf": 4152000,
      "ocf": 4279000,
      "capex": -127000,
      "gross_margin": null,
      "op_margin": 0.08084727661089355,
      "fcf_margin": 0.14781060875756497,
      "incr_op_margin_yoy": -2.79874213836478,
      "rev_growth_yoy": -0.04332129963898917,
      "rev_growth_yoy_accel": 0.09130754606615399,
      "op_leverage_ratio": Infinity,
      "fcf_margin_change": 0.0026754111610777787
    },
    {
      "date": "2024-09-30T00:00:00",
      "quarter_label": "2024-09 (Q3)",
      "revenue": 28546000,
      "gross_profit": null,
      "operating_income": 3265000,
      "net_income": 3122000,
      "opex": 25281000,
      "cogs": null,
      "rd": 800000,
      "sga": null,
      "fcf": 6734000,
      "ocf": 7068000,
      "capex": -334000,
      "gross_margin": null,
      "op_margin": 0.11437679534785959,
      "fcf_margin": 0.23589995095635116,
      "rev_growth_yoy": -0.02506830601092896,
      "rev_growth_yoy_accel": 0.018252993628060207,
      "op_leverage_ratio": Infinity,
      "fcf_margin_change": 0.0880893421987862
    },
    {
      "date": "2024-12-31T00:00:00",
      "quarter_label": "2024-12 (Q4)",
      "revenue": 28239000,
      "gross_profit": null,
      "operating_income": 3456000,
      "net_income": 3296000,
      "opex": 24783000,
      "cogs": null,
      "rd": 1013000,
      "sga": null,
      "fcf": 4291000,
      "ocf": 5229000,
      "capex": -938000,
      "gross_margin": null,
      "op_margin": 0.12238393710825454,
      "fcf_margin": 0.15195297283898154,
      "rev_growth_yoy": -0.006228885135135135,
      "rev_growth_yoy_accel": 0.018839420875793825,
      "fcf_margin_change": -0.08394697811736962
    },
    {
      "date": "2025-03-31T00:00:00",
      "quarter_label": "2025-03 (Q1)",
      "revenue": 27632000,
      "gross_profit": null,
      "operating_income": 2019000,
      "net_income": 1948000,
      "opex": 25613000,
      "cogs": null,
      "rd": 1235000,
      "sga": null,
      "fcf": 4489000,
      "ocf": 5113000,
      "capex": -624000,
      "gross_margin": null,
      "op_margin": 0.07306745801968732,
      "fcf_margin": 0.16245657209033004,
      "incr_op_margin_yoy": 1.1317365269461077,
      "rev_growth_yoy": 0.06432478237423928,
      "rev_growth_yoy_accel": 0.0705536675093744,
      "fcf_margin_change": 0.0105035992513485
    },
    {
      "date": "2025-06-30T00:00:00",
      "quarter_label": "2025-06 (Q2)",
      "revenue": 27377000,
      "gross_profit": null,
      "operating_income": 2996000,
      "net_income": 2902000,
      "opex": 24381000,
      "cogs": null,
      "rd": 1020000,
      "sga": null,
      "fcf": 6246000,
      "ocf": 7408000,
      "capex": -1162000,
      "gross_margin": null,
      "op_margin": 0.10943492712861161,
      "fcf_margin": 0.2281477152354166,
      "rev_growth_yoy": -0.025382698469206124,
      "rev_growth_yoy_accel": -0.0897074808434454,
      "fcf_margin_change": 0.06569114314508656
    },
    {
      "date": "2025-09-30T00:00:00",
      "quarter_label": "2025-09 (Q3)",
      "revenue": 31067000,
      "gross_profit": null,
      "operating_income": 3210000,
      "net_income": 3060000,
      "opex": 27857000,
      "cogs": null,
      "rd": 1584000,
      "sga": null,
      "fcf": 6496000,
      "ocf": 7365000,
      "capex": -869000,
      "gross_margin": null,
      "op_margin": 0.10332507161940323,
      "fcf_margin": 0.20909646892200728,
      "incr_op_margin_yoy": -0.0218167393891313,
      "rev_growth_yoy": 0.08831359910320186,
      "rev_growth_yoy_accel": 0.11369629757240798,
      "op_leverage_ratio": 0.9453927269549549,
      "fcf_margin_change": -0.01905124631340932
    }
  ],
  "signals": [
    {
      "quarter": "2025-09 (Q3)",
      "signal": "YoY REVENUE GROWTH ACCELERATION",
      "detail": "YoY growth: +8.8% vs prior quarter YoY: -2.5% (accel: +11.4%)",
      "severity": "MEDIUM"
    },
    {
      "quarter": "2025-06 (Q2)",
      "signal": "FCF MARGIN EXPANSION",
      "detail": "FCF margin: +16.2% -> +22.8% (+6.6%)",
      "severity": "MEDIUM"
    },
    {
      "quarter": "2025-06 (Q2)",
      "signal": "YoY REVENUE GROWTH DECELERATION",
      "detail": "YoY growth: -2.5% vs prior quarter YoY: +6.4% (decel: -9.0%)",
      "severity": "WARNING"
    },
    {
      "quarter": "2025-03 (Q1)",
      "signal": "YoY REVENUE GROWTH ACCELERATION",
      "detail": "YoY growth: +6.4% vs prior quarter YoY: -0.6% (accel: +7.1%)",
      "severity": "MEDIUM"
    },
    {
      "quarter": "2025-03 (Q1)",
      "signal": "INCREMENTAL MARGIN (YoY)",
      "detail": "YoY Incr OPM: +113.2% vs year-ago OPM: +0.5%",
      "severity": "HIGH"
    },
    {
      "quarter": "2024-12 (Q4)",
      "signal": "OP MARGIN TURNED POSITIVE (YoY)",
      "detail": "Op margin: -153.6% (year-ago) -> +12.2%",
      "severity": "HIGH"
    },
    {
      "quarter": "2024-09 (Q3)",
      "signal": "FCF MARGIN EXPANSION",
      "detail": "FCF margin: +14.8% -> +23.6% (+8.8%)",
      "severity": "MEDIUM"
    },
    {
      "quarter": "2024-09 (Q3)",
      "signal": "OP MARGIN TURNED POSITIVE (YoY)",
      "detail": "Op margin: -6.7% (year-ago) -> +11.4%",
      "severity": "HIGH"
    },
    {
      "quarter": "2024-06 (Q2)",
      "signal": "YoY REVENUE GROWTH ACCELERATION",
      "detail": "YoY growth: -4.3% vs prior quarter YoY: -13.5% (accel: +9.1%)",
      "severity": "MEDIUM"
    },
    {
      "quarter": "2024-06 (Q2)",
      "signal": "OP MARGIN TURNED POSITIVE (YoY)",
      "detail": "Op margin: -4.4% (year-ago) -> +8.1%",
      "severity": "HIGH"
    },
    {
      "quarter": "2024-03 (Q1)",
      "signal": "OP MARGIN TURNED POSITIVE (YoY)",
      "detail": "Op margin: -0.7% (year-ago) -> +0.5%",
      "severity": "HIGH"
    },
    {
      "quarter": "2024-03 (Q1)",
      "signal": "OP MARGIN TURNED POSITIVE (QoQ)",
      "detail": "Op margin: -153.6% -> +0.5%",
      "severity": "HIGH"
    },
    {
      "quarter": "2023-09 (Q3)",
      "signal": "YoY REVENUE GROWTH ACCELERATION",
      "detail": "YoY growth: -13.2% vs prior quarter YoY: -21.1% (accel: +8.0%)",
      "severity": "MEDIUM"
    },
    {
      "quarter": "2023-06 (Q2)",
      "signal": "FCF MARGIN EXPANSION",
      "detail": "FCF margin: +0.6% -> +19.1% (+18.4%)",
      "severity": "MEDIUM"
    },
    {
      "quarter": "2023-06 (Q2)",
      "signal": "YoY REVENUE GROWTH DECELERATION",
      "detail": "YoY growth: -21.1% vs prior quarter YoY: -15.1% (decel: -6.0%)",
      "severity": "WARNING"
    },
    {
      "quarter": "2022-12 (Q4)",
      "signal": "INCREMENTAL MARGIN (YoY)",
      "detail": "YoY Incr OPM: +59.6% vs year-ago OPM: +10.4%",
      "severity": "HIGH"
    },
    {
      "quarter": "2022-09 (Q3)",
      "signal": "YoY REVENUE GROWTH DECELERATION",
      "detail": "YoY growth: -12.0% vs prior quarter YoY: +9.3% (decel: -21.2%)",
      "severity": "WARNING"
    },
    {
      "quarter": "2022-06 (Q2)",
      "signal": "FCF MARGIN EXPANSION",
      "detail": "FCF margin: +7.2% -> +12.4% (+5.2%)",
      "severity": "MEDIUM"
    },
    {
      "quarter": "2022-06 (Q2)",
      "signal": "OPERATING LEVERAGE",
      "detail": "Rev growth +5.3% vs OpEx growth +1.0% (leverage: 5.2x)",
      "severity": "MEDIUM"
    },
    {
      "quarter": "2022-06 (Q2)",
      "signal": "YoY REVENUE GROWTH DECELERATION",
      "detail": "YoY growth: +9.3% vs prior quarter YoY: +18.7% (decel: -9.4%)",
      "severity": "WARNING"
    },
    {
      "quarter": "2022-06 (Q2)",
      "signal": "OP MARGIN TURNED POSITIVE (YoY)",
      "detail": "Op margin: -0.3% (year-ago) -> +7.4%",
      "severity": "HIGH"
    },
    {
      "quarter": "2022-03 (Q1)",
      "signal": "OP MARGIN TURNED POSITIVE (YoY)",
      "detail": "Op margin: -5.6% (year-ago) -> +3.4%",
      "severity": "HIGH"
    },
    {
      "quarter": "2021-12 (Q4)",
      "signal": "INCREMENTAL MARGIN (YoY)",
      "detail": "YoY Incr OPM: +64.1% vs year-ago OPM: +1.3%",
      "severity": "HIGH"
    },
    {
      "quarter": "2021-09 (Q3)",
      "signal": "FCF MARGIN EXPANSION",
      "detail": "FCF margin: +1.0% -> +12.1% (+11.1%)",
      "severity": "MEDIUM"
    },
    {
      "quarter": "2021-09 (Q3)",
      "signal": "OPERATING LEVERAGE",
      "detail": "Rev growth +12.4% vs OpEx growth +7.9% (leverage: 1.6x)",
      "severity": "MEDIUM"
    },
    {
      "quarter": "2021-09 (Q3)",
      "signal": "OP MARGIN TURNED POSITIVE (QoQ)",
      "detail": "Op margin: -0.3% -> +3.7%",
      "severity": "HIGH"
    },
    {
      "quarter": "2021-06 (Q2)",
      "signal": "OPERATING LEVERAGE",
      "detail": "Rev growth +14.4% vs OpEx growth +8.7% (leverage: 1.7x)",
      "severity": "MEDIUM"
    }
  ],
  "data_quality": {
    "n_quarters": 20,
    "coverage": {
      "revenue": [
        20,
        20
      ],
      "gross_profit": [
        0,
        20
      ],
      "op_income": [
        20,
        20
      ],
      "fcf": [
        20,
        20
      ]
    },
    "gaps": [],
    "warnings": [
      "gross_profit: no data"
    ]
  },
  "market_cap": null,
  "source": "SEC EDGAR",
  "last_updated": "2026-02-02T23:15:57.604499",
  "sector": "Healthcare",
  "industry": "Health Information Services"
}