{
  "ticker": "CCO",
  "name": "CLEAR CHANNEL OUTDOOR HOLDINGS, INC.",
  "quarters": [
    {
      "date": "2020-12-31T00:00:00",
      "quarter_label": "2020-12 (Q4)",
      "revenue": 541388000,
      "gross_profit": null,
      "operating_income": 16504000,
      "net_income": -32113000,
      "opex": null,
      "cogs": null,
      "rd": null,
      "sga": 112047000,
      "fcf": -53287000,
      "ocf": -22374000,
      "capex": -30913000,
      "gross_margin": null,
      "op_margin": 0.030484606234345794,
      "fcf_margin": -0.09842663671895202
    },
    {
      "date": "2021-03-31T00:00:00",
      "quarter_label": "2021-03 (Q1)",
      "revenue": 370908000,
      "gross_profit": null,
      "operating_income": -224913000,
      "net_income": -332353000,
      "opex": null,
      "cogs": null,
      "rd": null,
      "sga": 97570000,
      "fcf": -142259000,
      "ocf": -124341000,
      "capex": -17918000,
      "gross_margin": null,
      "op_margin": -0.6063848717202109,
      "fcf_margin": -0.3835425496349499,
      "fcf_margin_change": -0.28511591291599786
    },
    {
      "date": "2021-06-30T00:00:00",
      "quarter_label": "2021-06 (Q2)",
      "revenue": 531082000,
      "gross_profit": null,
      "operating_income": 13438000,
      "net_income": -124580000,
      "opex": null,
      "cogs": null,
      "rd": null,
      "sga": 112865000,
      "fcf": -139751000,
      "ocf": -107903000,
      "capex": -31848000,
      "gross_margin": null,
      "op_margin": 0.02530306054432272,
      "fcf_margin": -0.2631439212776935,
      "fcf_margin_change": 0.1203986283572564
    },
    {
      "date": "2021-09-30T00:00:00",
      "quarter_label": "2021-09 (Q3)",
      "revenue": 596416000,
      "gross_profit": null,
      "operating_income": 48567000,
      "net_income": -40831000,
      "opex": null,
      "cogs": null,
      "rd": null,
      "sga": 118158000,
      "fcf": 45299000,
      "ocf": 77971000,
      "capex": -32672000,
      "gross_margin": null,
      "op_margin": 0.08143141699753192,
      "fcf_margin": 0.07595202006653075,
      "fcf_margin_change": 0.3390959413442242
    },
    {
      "date": "2021-12-31T00:00:00",
      "quarter_label": "2021-12 (Q4)",
      "revenue": 742712000,
      "gross_profit": null,
      "operating_income": 146712000,
      "net_income": 63949000,
      "opex": null,
      "cogs": null,
      "rd": null,
      "sga": 130804000,
      "fcf": -44790000,
      "ocf": 20778000,
      "capex": -65568000,
      "gross_margin": null,
      "op_margin": 0.19753551847822576,
      "fcf_margin": -0.060306013636510516,
      "incr_op_margin_yoy": 0.6467584590014107,
      "rev_growth_yoy": 0.3718663878770863,
      "fcf_margin_change": -0.13625803370304126
    },
    {
      "date": "2022-03-31T00:00:00",
      "quarter_label": "2022-03 (Q1)",
      "revenue": 525688000,
      "gross_profit": null,
      "operating_income": -3612000,
      "net_income": -89868000,
      "opex": null,
      "cogs": null,
      "rd": null,
      "sga": 108957000,
      "fcf": 13656000,
      "ocf": 49465000,
      "capex": -35809000,
      "gross_margin": null,
      "op_margin": -0.0068709957236992285,
      "fcf_margin": 0.02597738582581303,
      "incr_op_margin_yoy": 1.4297777490631864,
      "rev_growth_yoy": 0.4173002469615107,
      "rev_growth_yoy_accel": 0.04543385908442438,
      "fcf_margin_change": 0.08628339946232355
    },
    {
      "date": "2022-06-30T00:00:00",
      "quarter_label": "2022-06 (Q2)",
      "revenue": 643380000,
      "gross_profit": null,
      "operating_income": 70931000,
      "net_income": -65664000,
      "opex": null,
      "cogs": null,
      "rd": null,
      "sga": 118294000,
      "fcf": -75525000,
      "ocf": -30226000,
      "capex": -45299000,
      "gross_margin": null,
      "op_margin": 0.11024744319064939,
      "fcf_margin": -0.11738785787559451,
      "incr_op_margin_yoy": 0.5119681561559423,
      "rev_growth_yoy": 0.21145133896460433,
      "rev_growth_yoy_accel": -0.20584890799690636,
      "fcf_margin_change": -0.14336524370140755
    },
    {
      "date": "2022-09-30T00:00:00",
      "quarter_label": "2022-09 (Q3)",
      "revenue": 602907000,
      "gross_profit": null,
      "operating_income": 60997000,
      "net_income": -39757000,
      "opex": null,
      "cogs": null,
      "rd": null,
      "sga": 118453000,
      "fcf": 51439000,
      "ocf": 94749000,
      "capex": -43310000,
      "gross_margin": null,
      "op_margin": 0.10117149079377084,
      "fcf_margin": 0.08531829950556222,
      "incr_op_margin_yoy": 1.914959174241257,
      "rev_growth_yoy": 0.010883343169868012,
      "rev_growth_yoy_accel": -0.20056799579473633,
      "fcf_margin_change": 0.20270615738115672
    },
    {
      "date": "2022-12-31T00:00:00",
      "quarter_label": "2022-12 (Q4)",
      "revenue": 562247000,
      "gross_profit": null,
      "operating_income": 102241000,
      "net_income": 98685000,
      "opex": null,
      "cogs": null,
      "rd": null,
      "sga": 93900000,
      "fcf": -34257000,
      "ocf": 26004000,
      "capex": -60261000,
      "gross_margin": null,
      "op_margin": 0.18184356697323417,
      "fcf_margin": -0.060928737725590355,
      "incr_op_margin_yoy": 0.24642451444878508,
      "rev_growth_yoy": -0.24298112862051507,
      "rev_growth_yoy_accel": -0.2538644717903831,
      "fcf_margin_change": -0.14624703723115257
    },
    {
      "date": "2023-03-31T00:00:00",
      "quarter_label": "2023-03 (Q1)",
      "revenue": 545435000,
      "gross_profit": null,
      "operating_income": 66161000,
      "net_income": -34912000,
      "opex": null,
      "cogs": null,
      "rd": null,
      "sga": 118196000,
      "fcf": -27519000,
      "ocf": 10908000,
      "capex": -38427000,
      "gross_margin": null,
      "op_margin": 0.1212995132325575,
      "fcf_margin": -0.05045330791020011,
      "incr_op_margin_yoy": 3.533346837494303,
      "rev_growth_yoy": 0.037564106466192876,
      "rev_growth_yoy_accel": 0.2805452350867079,
      "fcf_margin_change": 0.010475429815390243
    },
    {
      "date": "2023-06-30T00:00:00",
      "quarter_label": "2023-06 (Q2)",
      "revenue": 637239000,
      "gross_profit": null,
      "operating_income": 54586000,
      "net_income": -37297000,
      "opex": null,
      "cogs": null,
      "rd": null,
      "sga": 113183000,
      "fcf": -101998000,
      "ocf": -65294000,
      "capex": -36704000,
      "gross_margin": null,
      "op_margin": 0.08566016831989254,
      "fcf_margin": -0.1600623941723592,
      "incr_op_margin_yoy": 2.6616186288878034,
      "rev_growth_yoy": -0.00954490347850415,
      "rev_growth_yoy_accel": -0.04710900994469702,
      "fcf_margin_change": -0.1096090862621591
    },
    {
      "date": "2023-09-30T00:00:00",
      "quarter_label": "2023-09 (Q3)",
      "revenue": 526786000,
      "gross_profit": null,
      "operating_income": 69517000,
      "net_income": -263490000,
      "opex": null,
      "cogs": null,
      "rd": null,
      "sga": 87083000,
      "fcf": 15430000,
      "ocf": 52864000,
      "capex": -37434000,
      "gross_margin": null,
      "op_margin": 0.1319644030023577,
      "fcf_margin": 0.029290831571074403,
      "incr_op_margin_yoy": -0.11192706349102087,
      "rev_growth_yoy": -0.12625662000938784,
      "rev_growth_yoy_accel": -0.11671171653088369,
      "fcf_margin_change": 0.1893532257434336
    },
    {
      "date": "2023-12-31T00:00:00",
      "quarter_label": "2023-12 (Q4)",
      "revenue": 632114000,
      "gross_profit": null,
      "operating_income": 124320000,
      "net_income": 24777000,
      "opex": null,
      "cogs": null,
      "rd": null,
      "sga": 105351000,
      "fcf": -21253000,
      "ocf": 32776000,
      "capex": -54029000,
      "gross_margin": null,
      "op_margin": 0.1966733848641226,
      "fcf_margin": -0.03362209981111002,
      "incr_op_margin_yoy": 0.3160147136702592,
      "rev_growth_yoy": 0.12426389113681353,
      "rev_growth_yoy_accel": 0.2505205111462014,
      "fcf_margin_change": -0.06291293138218443
    },
    {
      "date": "2024-03-31T00:00:00",
      "quarter_label": "2024-03 (Q1)",
      "revenue": 481752000,
      "gross_profit": null,
      "operating_income": 32392000,
      "net_income": -89667000,
      "opex": null,
      "cogs": null,
      "rd": null,
      "sga": 92668000,
      "fcf": -61022000,
      "ocf": -34818000,
      "capex": -26204000,
      "gross_margin": null,
      "op_margin": 0.0672379149437885,
      "fcf_margin": -0.12666683272721235,
      "incr_op_margin_yoy": 0.530267104250742,
      "rev_growth_yoy": -0.11675635043589062,
      "rev_growth_yoy_accel": -0.24102024157270416,
      "fcf_margin_change": -0.09304473291610232
    },
    {
      "date": "2024-06-30T00:00:00",
      "quarter_label": "2024-06 (Q2)",
      "revenue": 558541000,
      "gross_profit": null,
      "operating_income": 56737000,
      "net_income": -39170000,
      "opex": null,
      "cogs": null,
      "rd": null,
      "sga": 98897000,
      "fcf": 5222000,
      "ocf": 30846000,
      "capex": -25624000,
      "gross_margin": null,
      "op_margin": 0.10158072549732249,
      "fcf_margin": 0.009349358417734778,
      "incr_op_margin_yoy": -0.027332333731479835,
      "rev_growth_yoy": -0.12349840483711763,
      "rev_growth_yoy_accel": -0.006742054401227007,
      "fcf_margin_change": 0.13601619114494712
    },
    {
      "date": "2024-09-30T00:00:00",
      "quarter_label": "2024-09 (Q3)",
      "revenue": 558988000,
      "gross_profit": null,
      "operating_income": 72328000,
      "net_income": -32540000,
      "opex": null,
      "cogs": null,
      "rd": null,
      "sga": 99845000,
      "fcf": 20980000,
      "ocf": 54452000,
      "capex": -33472000,
      "gross_margin": null,
      "op_margin": 0.12939097082584958,
      "fcf_margin": 0.03753211160168018,
      "incr_op_margin_yoy": 0.08729271473821502,
      "rev_growth_yoy": 0.06112918718416966,
      "rev_growth_yoy_accel": 0.18462759202128728,
      "fcf_margin_change": 0.0281827531839454
    },
    {
      "date": "2024-12-31T00:00:00",
      "quarter_label": "2024-12 (Q4)",
      "revenue": 426719000,
      "gross_profit": null,
      "operating_income": 100132000,
      "net_income": -17877000,
      "opex": null,
      "cogs": null,
      "rd": null,
      "sga": 65727000,
      "fcf": -27829000,
      "ocf": 29266000,
      "capex": -57095000,
      "gross_margin": null,
      "op_margin": 0.23465559302491804,
      "fcf_margin": -0.06521621957306799,
      "incr_op_margin_yoy": 0.11776333406363348,
      "rev_growth_yoy": -0.3249334771892412,
      "rev_growth_yoy_accel": -0.38606266437341086,
      "fcf_margin_change": -0.10274833117474816
    },
    {
      "date": "2025-03-31T00:00:00",
      "quarter_label": "2025-03 (Q1)",
      "revenue": 334180000,
      "gross_profit": null,
      "operating_income": 44990000,
      "net_income": 62509000,
      "opex": null,
      "cogs": null,
      "rd": null,
      "sga": 63662000,
      "fcf": -10601000,
      "ocf": 14925000,
      "capex": -25526000,
      "gross_margin": null,
      "op_margin": 0.13462804476629361,
      "fcf_margin": -0.03172242504039739,
      "incr_op_margin_yoy": -0.08536849808906839,
      "rev_growth_yoy": -0.3063235855793022,
      "rev_growth_yoy_accel": 0.018609891609938978,
      "fcf_margin_change": 0.033493794532670595
    },
    {
      "date": "2025-06-30T00:00:00",
      "quarter_label": "2025-06 (Q2)",
      "revenue": 402808000,
      "gross_profit": null,
      "operating_income": 77424000,
      "net_income": 9520000,
      "opex": null,
      "cogs": null,
      "rd": null,
      "sga": 65711000,
      "fcf": -29153000,
      "ocf": -12599000,
      "capex": -16554000,
      "gross_margin": null,
      "op_margin": 0.1922106810192449,
      "fcf_margin": -0.07237443149093364,
      "incr_op_margin_yoy": -0.13283632884488195,
      "rev_growth_yoy": -0.2788210713269035,
      "rev_growth_yoy_accel": 0.027502514252398746,
      "fcf_margin_change": -0.04065200645053625
    },
    {
      "date": "2025-09-30T00:00:00",
      "quarter_label": "2025-09 (Q3)",
      "revenue": 405637000,
      "gross_profit": null,
      "operating_income": 80717000,
      "net_income": -60094000,
      "opex": null,
      "cogs": null,
      "rd": null,
      "sga": 66228000,
      "fcf": 41406000,
      "ocf": 56224000,
      "capex": -14818000,
      "gross_margin": null,
      "op_margin": 0.19898825797449443,
      "fcf_margin": 0.10207648710546621,
      "incr_op_margin_yoy": -0.0547045666477558,
      "rev_growth_yoy": -0.2743368372845213,
      "rev_growth_yoy_accel": 0.004484234042382185,
      "fcf_margin_change": 0.17445091859639986
    }
  ],
  "signals": [
    {
      "quarter": "2025-09 (Q3)",
      "signal": "FCF TURNED POSITIVE",
      "detail": "FCF margin: -7.2% -> +10.2%",
      "severity": "HIGH"
    },
    {
      "quarter": "2024-12 (Q4)",
      "signal": "YoY REVENUE GROWTH DECELERATION",
      "detail": "YoY growth: -32.5% vs prior quarter YoY: +6.1% (decel: -38.6%)",
      "severity": "WARNING"
    },
    {
      "quarter": "2024-09 (Q3)",
      "signal": "YoY REVENUE GROWTH ACCELERATION",
      "detail": "YoY growth: +6.1% vs prior quarter YoY: -12.3% (accel: +18.5%)",
      "severity": "HIGH"
    },
    {
      "quarter": "2024-06 (Q2)",
      "signal": "FCF TURNED POSITIVE",
      "detail": "FCF margin: -12.7% -> +0.9%",
      "severity": "HIGH"
    },
    {
      "quarter": "2024-03 (Q1)",
      "signal": "YoY REVENUE GROWTH DECELERATION",
      "detail": "YoY growth: -11.7% vs prior quarter YoY: +12.4% (decel: -24.1%)",
      "severity": "WARNING"
    },
    {
      "quarter": "2024-03 (Q1)",
      "signal": "INCREMENTAL MARGIN (YoY)",
      "detail": "YoY Incr OPM: +53.0% vs year-ago OPM: +12.1%",
      "severity": "HIGH"
    },
    {
      "quarter": "2023-12 (Q4)",
      "signal": "YoY REVENUE GROWTH ACCELERATION",
      "detail": "YoY growth: +12.4% vs prior quarter YoY: -12.6% (accel: +25.1%)",
      "severity": "HIGH"
    },
    {
      "quarter": "2023-12 (Q4)",
      "signal": "INCREMENTAL MARGIN (YoY)",
      "detail": "YoY Incr OPM: +31.6% vs year-ago OPM: +18.2%",
      "severity": "MEDIUM"
    },
    {
      "quarter": "2023-09 (Q3)",
      "signal": "FCF TURNED POSITIVE",
      "detail": "FCF margin: -16.0% -> +2.9%",
      "severity": "HIGH"
    },
    {
      "quarter": "2023-09 (Q3)",
      "signal": "YoY REVENUE GROWTH DECELERATION",
      "detail": "YoY growth: -12.6% vs prior quarter YoY: -1.0% (decel: -11.7%)",
      "severity": "WARNING"
    },
    {
      "quarter": "2023-06 (Q2)",
      "signal": "INCREMENTAL MARGIN (YoY)",
      "detail": "YoY Incr OPM: +266.2% vs year-ago OPM: +11.0%",
      "severity": "HIGH"
    },
    {
      "quarter": "2023-03 (Q1)",
      "signal": "YoY REVENUE GROWTH ACCELERATION",
      "detail": "YoY growth: +3.8% vs prior quarter YoY: -24.3% (accel: +28.1%)",
      "severity": "HIGH"
    },
    {
      "quarter": "2023-03 (Q1)",
      "signal": "OP MARGIN TURNED POSITIVE (YoY)",
      "detail": "Op margin: -0.7% (year-ago) -> +12.1%",
      "severity": "HIGH"
    },
    {
      "quarter": "2022-12 (Q4)",
      "signal": "YoY REVENUE GROWTH DECELERATION",
      "detail": "YoY growth: -24.3% vs prior quarter YoY: +1.1% (decel: -25.4%)",
      "severity": "WARNING"
    },
    {
      "quarter": "2022-09 (Q3)",
      "signal": "FCF TURNED POSITIVE",
      "detail": "FCF margin: -11.7% -> +8.5%",
      "severity": "HIGH"
    },
    {
      "quarter": "2022-09 (Q3)",
      "signal": "YoY REVENUE GROWTH DECELERATION",
      "detail": "YoY growth: +1.1% vs prior quarter YoY: +21.1% (decel: -20.1%)",
      "severity": "WARNING"
    },
    {
      "quarter": "2022-09 (Q3)",
      "signal": "INCREMENTAL MARGIN (YoY)",
      "detail": "YoY Incr OPM: +191.5% vs year-ago OPM: +8.1%",
      "severity": "HIGH"
    },
    {
      "quarter": "2022-06 (Q2)",
      "signal": "YoY REVENUE GROWTH DECELERATION",
      "detail": "YoY growth: +21.1% vs prior quarter YoY: +41.7% (decel: -20.6%)",
      "severity": "WARNING"
    },
    {
      "quarter": "2022-06 (Q2)",
      "signal": "INCREMENTAL MARGIN (YoY)",
      "detail": "YoY Incr OPM: +51.2% vs year-ago OPM: +2.5%",
      "severity": "HIGH"
    },
    {
      "quarter": "2022-06 (Q2)",
      "signal": "OP MARGIN TURNED POSITIVE (QoQ)",
      "detail": "Op margin: -0.7% -> +11.0%",
      "severity": "HIGH"
    },
    {
      "quarter": "2022-03 (Q1)",
      "signal": "FCF TURNED POSITIVE",
      "detail": "FCF margin: -6.0% -> +2.6%",
      "severity": "HIGH"
    },
    {
      "quarter": "2021-12 (Q4)",
      "signal": "INCREMENTAL MARGIN (YoY)",
      "detail": "YoY Incr OPM: +64.7% vs year-ago OPM: +3.0%",
      "severity": "HIGH"
    },
    {
      "quarter": "2021-09 (Q3)",
      "signal": "FCF TURNED POSITIVE",
      "detail": "FCF margin: -26.3% -> +7.6%",
      "severity": "HIGH"
    },
    {
      "quarter": "2021-06 (Q2)",
      "signal": "FCF MARGIN EXPANSION",
      "detail": "FCF margin: -38.4% -> -26.3% (+12.0%)",
      "severity": "MEDIUM"
    },
    {
      "quarter": "2021-06 (Q2)",
      "signal": "OP MARGIN TURNED POSITIVE (QoQ)",
      "detail": "Op margin: -60.6% -> +2.5%",
      "severity": "HIGH"
    }
  ],
  "data_quality": {
    "n_quarters": 20,
    "coverage": {
      "revenue": [
        20,
        20
      ],
      "gross_profit": [
        0,
        20
      ],
      "op_income": [
        20,
        20
      ],
      "fcf": [
        20,
        20
      ]
    },
    "gaps": [],
    "warnings": [
      "gross_profit: no data"
    ]
  },
  "market_cap": null,
  "source": "SEC EDGAR",
  "last_updated": "2026-02-02T22:01:01.974369"
}