{
  "ticker": "CCOI",
  "name": "COGENT COMMUNICATIONS HOLDINGS,\u00a0INC.",
  "sector": "Communication Services",
  "industry": "Telecom Services",
  "quarters": [
    {
      "date": "2021-03-31T00:00:00",
      "quarter_label": "2021-03 (Q1)",
      "revenue": 146777000,
      "gross_profit": 89685000,
      "operating_income": 26291000,
      "net_income": null,
      "opex": 120504000,
      "cogs": 57092000,
      "rd": null,
      "sga": 41442000,
      "fcf": 31662000,
      "ocf": 47106000,
      "capex": -15444000,
      "gross_margin": 0.6110289759294713,
      "op_margin": 0.17912206953405507,
      "fcf_margin": 0.21571499621875362
    },
    {
      "date": "2021-06-30T00:00:00",
      "quarter_label": "2021-06 (Q2)",
      "revenue": 147879000,
      "gross_profit": 91699000,
      "operating_income": 28211000,
      "net_income": null,
      "opex": 119668000,
      "cogs": 56180000,
      "rd": null,
      "sga": 41392000,
      "fcf": 22532000,
      "ocf": 39749000,
      "capex": -17217000,
      "gross_margin": 0.6200948072410551,
      "op_margin": 0.1907708329106905,
      "fcf_margin": 0.15236781422649598,
      "fcf_margin_change": -0.06334718199225764
    },
    {
      "date": "2021-09-30T00:00:00",
      "quarter_label": "2021-09 (Q3)",
      "revenue": 147927000,
      "gross_profit": 91282000,
      "operating_income": 28556000,
      "net_income": null,
      "opex": 119371000,
      "cogs": 56645000,
      "rd": null,
      "sga": 40117000,
      "fcf": 25459000,
      "ocf": 47418000,
      "capex": -21959000,
      "gross_margin": 0.6170746381661225,
      "op_margin": 0.1930411621948664,
      "fcf_margin": 0.1721051599775565,
      "fcf_margin_change": 0.01973734575106051
    },
    {
      "date": "2021-12-31T00:00:00",
      "quarter_label": "2021-12 (Q4)",
      "revenue": 147213000,
      "gross_profit": 90796000,
      "operating_income": 36178000,
      "net_income": null,
      "opex": 118410000,
      "cogs": 56417000,
      "rd": null,
      "sga": 39428000,
      "fcf": 20688000,
      "ocf": 35984000,
      "capex": -15296000,
      "gross_margin": 0.6167661823344406,
      "op_margin": 0.24575275281394984,
      "fcf_margin": 0.14053106722911698,
      "fcf_margin_change": -0.0315740927484395
    },
    {
      "date": "2022-03-31T00:00:00",
      "quarter_label": "2022-03 (Q1)",
      "revenue": 149175000,
      "gross_profit": 91726000,
      "operating_income": 28784000,
      "net_income": null,
      "opex": 120764000,
      "cogs": 57449000,
      "rd": null,
      "sga": 40627000,
      "fcf": 31290000,
      "ocf": 49411000,
      "capex": -18121000,
      "gross_margin": 0.6148885537120832,
      "op_margin": 0.19295458354281883,
      "fcf_margin": 0.2097536450477627,
      "incr_op_margin_yoy": 1.0396163469557964,
      "rev_growth_yoy": 0.016337709586651858,
      "op_leverage_ratio": 0.670401168407395,
      "fcf_margin_change": 0.06922257781864571
    },
    {
      "date": "2022-06-30T00:00:00",
      "quarter_label": "2022-06 (Q2)",
      "revenue": 148450000,
      "gross_profit": 91936000,
      "operating_income": 29566000,
      "net_income": null,
      "opex": 118971000,
      "cogs": 56514000,
      "rd": null,
      "sga": 39386000,
      "fcf": 17115000,
      "ocf": 34403000,
      "capex": -17288000,
      "gross_margin": 0.6193061636914786,
      "op_margin": 0.19916470191983832,
      "fcf_margin": 0.11529134388683059,
      "rev_growth_yoy": 0.003861264953103551,
      "rev_growth_yoy_accel": -0.012476444633548307,
      "fcf_margin_change": -0.09446230116093211
    },
    {
      "date": "2022-09-30T00:00:00",
      "quarter_label": "2022-09 (Q3)",
      "revenue": 150000000,
      "gross_profit": 92780000,
      "operating_income": 28095000,
      "net_income": null,
      "opex": 121235000,
      "cogs": 57220000,
      "rd": null,
      "sga": 39114000,
      "fcf": 29599000,
      "ocf": 53570000,
      "capex": -23971000,
      "gross_margin": 0.6185333333333334,
      "op_margin": 0.1873,
      "fcf_margin": 0.19732666666666668,
      "incr_op_margin_yoy": -0.22238301977809938,
      "rev_growth_yoy": 0.014013668904256829,
      "rev_growth_yoy_accel": 0.010152403951153278,
      "op_leverage_ratio": 0.5486762803385277,
      "fcf_margin_change": 0.08203532277983609
    },
    {
      "date": "2022-12-31T00:00:00",
      "quarter_label": "2022-12 (Q4)",
      "revenue": 151979000,
      "gross_profit": 95008000,
      "operating_income": 27519000,
      "net_income": null,
      "opex": 124670000,
      "cogs": 56971000,
      "rd": null,
      "sga": 43892000,
      "fcf": 16732000,
      "ocf": 36323000,
      "capex": -19591000,
      "gross_margin": 0.6251389994670317,
      "op_margin": 0.18107106902927378,
      "fcf_margin": 0.110094157745478,
      "incr_op_margin_yoy": -1.8168275283256399,
      "rev_growth_yoy": 0.03237485819866452,
      "rev_growth_yoy_accel": 0.018361189294407693,
      "op_leverage_ratio": 0.46564592916060166,
      "fcf_margin_change": -0.08723250892118868
    },
    {
      "date": "2023-03-31T00:00:00",
      "quarter_label": "2023-03 (Q1)",
      "revenue": 153588000,
      "gross_profit": 94950000,
      "operating_income": 24312000,
      "net_income": null,
      "opex": 129276000,
      "cogs": 58638000,
      "rd": null,
      "sga": 45078000,
      "fcf": 12617000,
      "ocf": 35821000,
      "capex": -23204000,
      "gross_margin": 0.6182123603406516,
      "op_margin": 0.15829361668880382,
      "fcf_margin": 0.08214834492278042,
      "incr_op_margin_yoy": -1.0133695898481758,
      "rev_growth_yoy": 0.029582704876822522,
      "rev_growth_yoy_accel": -0.0027921533218419996,
      "op_leverage_ratio": 0.2865566473339552,
      "fcf_margin_change": -0.027945812822697577
    },
    {
      "date": "2023-06-30T00:00:00",
      "quarter_label": "2023-06 (Q2)",
      "revenue": 239806000,
      "gross_profit": 102304000,
      "operating_income": -34604000,
      "net_income": null,
      "opex": 274410000,
      "cogs": 137502000,
      "rd": null,
      "sga": 83658000,
      "fcf": 45205000,
      "ocf": 82654000,
      "capex": -37449000,
      "gross_margin": 0.4266115109713685,
      "op_margin": -0.14429997581378282,
      "fcf_margin": 0.18850654278875426,
      "incr_op_margin_yoy": -0.702416918429003,
      "rev_growth_yoy": 0.6153991242842708,
      "rev_growth_yoy_accel": 0.5858164194074482,
      "op_leverage_ratio": 0.5000223307862025,
      "fcf_margin_change": 0.10635819786597384
    },
    {
      "date": "2023-09-30T00:00:00",
      "quarter_label": "2023-09 (Q3)",
      "revenue": 275429000,
      "gross_profit": 101835000,
      "operating_income": -50558000,
      "net_income": null,
      "opex": 325987000,
      "cogs": 173594000,
      "rd": null,
      "sga": 65308000,
      "fcf": -77802000,
      "ocf": -52432000,
      "capex": -25370000,
      "gross_margin": 0.3697323085078187,
      "op_margin": -0.18356091769566749,
      "fcf_margin": -0.28247570154195817,
      "incr_op_margin_yoy": -0.6270718892760048,
      "rev_growth_yoy": 0.8361933333333333,
      "rev_growth_yoy_accel": 0.22079420904906255,
      "op_leverage_ratio": 0.7903406176864568,
      "fcf_margin_change": -0.47098224433071245
    },
    {
      "date": "2023-12-31T00:00:00",
      "quarter_label": "2023-12 (Q4)",
      "revenue": 272100000,
      "gross_profit": 97602000,
      "operating_income": -68478000,
      "net_income": null,
      "opex": 340578000,
      "cogs": 174498000,
      "rd": null,
      "sga": 81272000,
      "fcf": -92307000,
      "ocf": -48698000,
      "capex": -43609000,
      "gross_margin": 0.3586990077177508,
      "op_margin": -0.251664829106946,
      "fcf_margin": -0.33923925027563395,
      "incr_op_margin_yoy": -0.7991691710858218,
      "rev_growth_yoy": 0.7903789339316616,
      "rev_growth_yoy_accel": -0.04581439940167176,
      "fcf_margin_change": -0.056763548733675784
    },
    {
      "date": "2024-03-31T00:00:00",
      "quarter_label": "2024-03 (Q1)",
      "revenue": 266168000,
      "gross_profit": 97235000,
      "operating_income": -59389000,
      "net_income": null,
      "opex": 325557000,
      "cogs": 168933000,
      "rd": null,
      "sga": 76696000,
      "fcf": -21664000,
      "ocf": 19219000,
      "capex": -40883000,
      "gross_margin": 0.36531438790538306,
      "op_margin": -0.22312599561179405,
      "fcf_margin": -0.08139220342039614,
      "incr_op_margin_yoy": -0.7434801918635637,
      "rev_growth_yoy": 0.7329999739562987,
      "rev_growth_yoy_accel": -0.05737895997536291,
      "fcf_margin_change": 0.2578470468552378
    },
    {
      "date": "2024-06-30T00:00:00",
      "quarter_label": "2024-06 (Q2)",
      "revenue": 260443000,
      "gross_profit": 104276000,
      "operating_income": -47143000,
      "net_income": -32338000,
      "opex": 310918000,
      "cogs": 156167000,
      "rd": null,
      "sga": 68345000,
      "fcf": -70937000,
      "ocf": -22170000,
      "capex": -48767000,
      "gross_margin": 0.40037935363975996,
      "op_margin": -0.18101081618626724,
      "fcf_margin": -0.27237053789120846,
      "incr_op_margin_yoy": -0.6075980035857925,
      "rev_growth_yoy": 0.08605706279242388,
      "rev_growth_yoy_accel": -0.6469429111638748,
      "fcf_margin_change": -0.1909783344708123
    },
    {
      "date": "2024-09-30T00:00:00",
      "quarter_label": "2024-09 (Q3)",
      "revenue": 257202000,
      "gross_profit": 95650000,
      "operating_income": -57829000,
      "net_income": -63112000,
      "opex": 315031000,
      "cogs": 161552000,
      "rd": null,
      "sga": 67664000,
      "fcf": -79470000,
      "ocf": -20226000,
      "capex": -59244000,
      "gross_margin": 0.3718866882839169,
      "op_margin": -0.22483884262175255,
      "fcf_margin": -0.3089789348449857,
      "incr_op_margin_yoy": 0.39891369945684974,
      "rev_growth_yoy": -0.06617676424777347,
      "rev_growth_yoy_accel": -0.15223382704019733,
      "fcf_margin_change": -0.03660839695377721
    },
    {
      "date": "2024-12-31T00:00:00",
      "quarter_label": "2024-12 (Q4)",
      "revenue": 252291000,
      "gross_profit": 97112000,
      "operating_income": -33234000,
      "net_income": -43317000,
      "opex": 285525000,
      "cogs": 155179000,
      "rd": null,
      "sga": 63075000,
      "fcf": -31572000,
      "ocf": 14532000,
      "capex": -46104000,
      "gross_margin": 0.38492058773400556,
      "op_margin": -0.13172883693829746,
      "fcf_margin": -0.125141205988323,
      "incr_op_margin_yoy": -1.7791912766924125,
      "rev_growth_yoy": -0.07280044101433296,
      "rev_growth_yoy_accel": -0.0066236767665594914,
      "fcf_margin_change": 0.18383772885666266
    },
    {
      "date": "2025-03-31T00:00:00",
      "quarter_label": "2025-03 (Q1)",
      "revenue": 247048000,
      "gross_profit": 109609000,
      "operating_income": -40292000,
      "net_income": null,
      "opex": 287340000,
      "cogs": 137439000,
      "rd": null,
      "sga": 73863000,
      "fcf": -21737000,
      "ocf": 36351000,
      "capex": -58088000,
      "gross_margin": 0.4436749133771575,
      "op_margin": -0.16309381172889478,
      "fcf_margin": -0.087986949904472,
      "incr_op_margin_yoy": -0.9987970711297071,
      "rev_growth_yoy": -0.07183433019746926,
      "rev_growth_yoy_accel": 0.0009661108168636939,
      "fcf_margin_change": 0.037154256083851006
    },
    {
      "date": "2025-06-30T00:00:00",
      "quarter_label": "2025-06 (Q2)",
      "revenue": 246247000,
      "gross_profit": 108755000,
      "operating_income": -31459000,
      "net_income": -57807000,
      "opex": 277706000,
      "cogs": 137492000,
      "rd": null,
      "sga": 64924000,
      "fcf": -100238000,
      "ocf": -44038000,
      "capex": -56200000,
      "gross_margin": 0.4416500505589916,
      "op_margin": -0.12775384065592676,
      "fcf_margin": -0.4070628271613461,
      "incr_op_margin_yoy": -1.1048182586644124,
      "rev_growth_yoy": -0.05450712823919245,
      "rev_growth_yoy_accel": 0.017327201958276812,
      "fcf_margin_change": -0.31907587725687414
    },
    {
      "date": "2025-09-30T00:00:00",
      "quarter_label": "2025-09 (Q3)",
      "revenue": 241949000,
      "gross_profit": 110272000,
      "operating_income": -18128000,
      "net_income": -41544000,
      "opex": 262529000,
      "cogs": 131677000,
      "rd": null,
      "sga": 70423000,
      "fcf": -33150000,
      "ocf": 3100000,
      "capex": -36250000,
      "gross_margin": 0.4557654712356736,
      "op_margin": -0.07492488086332244,
      "fcf_margin": -0.13701234557696043,
      "incr_op_margin_yoy": -2.6028322297253,
      "rev_growth_yoy": -0.05930358239827062,
      "rev_growth_yoy_accel": -0.004796454159078166,
      "fcf_margin_change": 0.2700504815843857
    },
    {
      "date": "2025-12-31T00:00:00",
      "quarter_label": "2025-12 (Q4)",
      "revenue": 240524000,
      "gross_profit": 112170000,
      "operating_income": -11194000,
      "net_income": -30781000,
      "opex": 252006000,
      "cogs": 128354000,
      "rd": null,
      "sga": 65227000,
      "fcf": -43023000,
      "ocf": -5992000,
      "capex": -37031000,
      "gross_margin": 0.4663567876802315,
      "op_margin": -0.046540054214963995,
      "fcf_margin": -0.17887196288104307,
      "incr_op_margin_yoy": -1.8730347582221467,
      "rev_growth_yoy": -0.0466405856728936,
      "rev_growth_yoy_accel": 0.012662996725377018,
      "fcf_margin_change": -0.041859617304082636
    }
  ],
  "signals": [
    {
      "quarter": "2025-09 (Q3)",
      "signal": "FCF MARGIN EXPANSION",
      "detail": "FCF margin: -40.7% -> -13.7% (+27.0%)",
      "severity": "MEDIUM"
    },
    {
      "quarter": "2024-12 (Q4)",
      "signal": "FCF MARGIN EXPANSION",
      "detail": "FCF margin: -30.9% -> -12.5% (+18.4%)",
      "severity": "MEDIUM"
    },
    {
      "quarter": "2024-09 (Q3)",
      "signal": "YoY REVENUE GROWTH DECELERATION",
      "detail": "YoY growth: -6.6% vs prior quarter YoY: +8.6% (decel: -15.2%)",
      "severity": "WARNING"
    },
    {
      "quarter": "2024-06 (Q2)",
      "signal": "YoY REVENUE GROWTH DECELERATION",
      "detail": "YoY growth: +8.6% vs prior quarter YoY: +73.3% (decel: -64.7%)",
      "severity": "WARNING"
    },
    {
      "quarter": "2024-03 (Q1)",
      "signal": "FCF MARGIN EXPANSION",
      "detail": "FCF margin: -33.9% -> -8.1% (+25.8%)",
      "severity": "MEDIUM"
    },
    {
      "quarter": "2024-03 (Q1)",
      "signal": "YoY REVENUE GROWTH DECELERATION",
      "detail": "YoY growth: +73.3% vs prior quarter YoY: +79.0% (decel: -5.7%)",
      "severity": "WARNING"
    },
    {
      "quarter": "2023-09 (Q3)",
      "signal": "YoY REVENUE GROWTH ACCELERATION",
      "detail": "YoY growth: +83.6% vs prior quarter YoY: +61.5% (accel: +22.1%)",
      "severity": "HIGH"
    },
    {
      "quarter": "2023-06 (Q2)",
      "signal": "FCF MARGIN EXPANSION",
      "detail": "FCF margin: +8.2% -> +18.9% (+10.6%)",
      "severity": "MEDIUM"
    },
    {
      "quarter": "2023-06 (Q2)",
      "signal": "YoY REVENUE GROWTH ACCELERATION",
      "detail": "YoY growth: +61.5% vs prior quarter YoY: +3.0% (accel: +58.6%)",
      "severity": "HIGH"
    },
    {
      "quarter": "2022-09 (Q3)",
      "signal": "FCF MARGIN EXPANSION",
      "detail": "FCF margin: +11.5% -> +19.7% (+8.2%)",
      "severity": "MEDIUM"
    },
    {
      "quarter": "2022-03 (Q1)",
      "signal": "FCF MARGIN EXPANSION",
      "detail": "FCF margin: +14.1% -> +21.0% (+6.9%)",
      "severity": "MEDIUM"
    },
    {
      "quarter": "2022-03 (Q1)",
      "signal": "INCREMENTAL MARGIN (YoY)",
      "detail": "YoY Incr OPM: +104.0% vs year-ago OPM: +17.9%",
      "severity": "HIGH"
    }
  ],
  "data_quality": {
    "n_quarters": 20,
    "coverage": {
      "revenue": [
        20,
        20
      ],
      "gross_profit": [
        20,
        20
      ],
      "op_income": [
        20,
        20
      ],
      "fcf": [
        20,
        20
      ]
    },
    "gaps": [],
    "warnings": []
  },
  "market_cap": null,
  "source": "SEC EDGAR",
  "last_updated": "2026-02-24T10:12:32.427474"
}