{
  "ticker": "CCRN",
  "name": "Cross Country Healthcare, Inc.",
  "quarters": [
    {
      "date": "2020-12-31T00:00:00",
      "quarter_label": "2020-12 (Q4)",
      "revenue": 215606000,
      "gross_profit": 54392000,
      "operating_income": 5663000,
      "net_income": 4612000,
      "opex": 209943000,
      "cogs": null,
      "rd": null,
      "sga": 44870000,
      "fcf": 973000,
      "ocf": 1929000,
      "capex": -956000,
      "gross_margin": 0.25227498307097207,
      "op_margin": 0.02626550281532054,
      "fcf_margin": 0.0045128614231514895
    },
    {
      "date": "2021-03-31T00:00:00",
      "quarter_label": "2021-03 (Q1)",
      "revenue": 329241000,
      "gross_profit": 71465000,
      "operating_income": 20994000,
      "net_income": 19448000,
      "opex": 308247000,
      "cogs": null,
      "rd": null,
      "sga": 46327000,
      "fcf": -26113000,
      "ocf": -24927000,
      "capex": -1186000,
      "gross_margin": 0.21705984370111864,
      "op_margin": 0.06376484095237227,
      "fcf_margin": -0.07931272229157366,
      "op_leverage_ratio": 1.1255932575234076,
      "fcf_margin_change": -0.08382558371472515
    },
    {
      "date": "2021-06-30T00:00:00",
      "quarter_label": "2021-06 (Q2)",
      "revenue": 331827000,
      "gross_profit": 72590000,
      "operating_income": 15901000,
      "net_income": 11548000,
      "opex": 315926000,
      "cogs": null,
      "rd": null,
      "sga": 50344000,
      "fcf": 13689000,
      "ocf": 15505000,
      "capex": -1816000,
      "gross_margin": 0.21875856997772936,
      "op_margin": 0.047919548439397636,
      "fcf_margin": 0.041253424224068566,
      "fcf_margin_change": 0.12056614651564222
    },
    {
      "date": "2021-09-30T00:00:00",
      "quarter_label": "2021-09 (Q3)",
      "revenue": 374905000,
      "gross_profit": 83794000,
      "operating_income": 26447000,
      "net_income": 23433000,
      "opex": 348458000,
      "cogs": null,
      "rd": null,
      "sga": 52847000,
      "fcf": -4719000,
      "ocf": -2831000,
      "capex": -1888000,
      "gross_margin": 0.22350728851308999,
      "op_margin": 0.0705432042784172,
      "fcf_margin": -0.012587188754484469,
      "op_leverage_ratio": 1.2607193437946522,
      "fcf_margin_change": -0.05384061297855303
    },
    {
      "date": "2021-12-31T00:00:00",
      "quarter_label": "2021-12 (Q4)",
      "revenue": 640679000,
      "gross_profit": 147150000,
      "operating_income": 75962000,
      "net_income": 77573000,
      "opex": 564717000,
      "cogs": null,
      "rd": null,
      "sga": 65774000,
      "fcf": -75645000,
      "ocf": -73365000,
      "capex": -2280000,
      "gross_margin": 0.22967820078385587,
      "op_margin": 0.11856483512023962,
      "fcf_margin": -0.11807004755891796,
      "incr_op_margin_yoy": 0.16538100514499862,
      "rev_growth_yoy": 1.971526766416519,
      "op_leverage_ratio": 1.1422666822010088,
      "fcf_margin_change": -0.10548285880443349
    },
    {
      "date": "2022-03-31T00:00:00",
      "quarter_label": "2022-03 (Q1)",
      "revenue": 788732000,
      "gross_profit": 174794000,
      "operating_income": 90632000,
      "net_income": 61983000,
      "opex": 698100000,
      "cogs": null,
      "rd": null,
      "sga": 76813000,
      "fcf": -31134000,
      "ocf": -29038000,
      "capex": -2096000,
      "gross_margin": 0.22161393223553755,
      "op_margin": 0.11490848602567158,
      "fcf_margin": -0.0394734840224563,
      "incr_op_margin_yoy": 0.15155465504220975,
      "rev_growth_yoy": 1.395606865487591,
      "rev_growth_yoy_accel": -0.575919900928928,
      "op_leverage_ratio": 0.9783789573329672,
      "fcf_margin_change": 0.07859656353646166
    },
    {
      "date": "2022-06-30T00:00:00",
      "quarter_label": "2022-06 (Q2)",
      "revenue": 753561000,
      "gross_profit": 170405000,
      "operating_income": 78837000,
      "net_income": 52894000,
      "opex": 674724000,
      "cogs": null,
      "rd": null,
      "sga": 86009000,
      "fcf": 16389000,
      "ocf": 18141000,
      "capex": -1752000,
      "gross_margin": 0.22613298724323577,
      "op_margin": 0.10461926771688025,
      "fcf_margin": 0.02174873699673948,
      "incr_op_margin_yoy": 0.14923150611522903,
      "rev_growth_yoy": 1.270945402272871,
      "rev_growth_yoy_accel": -0.12466146321472005,
      "fcf_margin_change": 0.06122222101919578
    },
    {
      "date": "2022-09-30T00:00:00",
      "quarter_label": "2022-09 (Q3)",
      "revenue": 636098000,
      "gross_profit": 143545000,
      "operating_income": 52175000,
      "net_income": 34793000,
      "opex": 583923000,
      "cogs": null,
      "rd": null,
      "sga": 80216000,
      "fcf": 137712000,
      "ocf": 140627000,
      "capex": -2915000,
      "gross_margin": 0.22566491326808133,
      "op_margin": 0.08202352467701518,
      "fcf_margin": 0.21649494260318378,
      "incr_op_margin_yoy": 0.09850187409310357,
      "rev_growth_yoy": 0.6966911617609794,
      "rev_growth_yoy_accel": -0.5742542405118916,
      "fcf_margin_change": 0.1947462056064443
    },
    {
      "date": "2022-12-31T00:00:00",
      "quarter_label": "2022-12 (Q4)",
      "revenue": 628218000,
      "gross_profit": 138942000,
      "operating_income": 51464000,
      "net_income": 38791000,
      "opex": 576754000,
      "cogs": null,
      "rd": null,
      "sga": 81171000,
      "fcf": 2297000,
      "ocf": 4320000,
      "capex": -2023000,
      "gross_margin": 0.22116844789547577,
      "op_margin": 0.08192060717776313,
      "fcf_margin": 0.003656374061233521,
      "incr_op_margin_yoy": 1.9659738383757324,
      "rev_growth_yoy": -0.01944967760766312,
      "rev_growth_yoy_accel": -0.7161408393686426,
      "fcf_margin_change": -0.21283856854195027
    },
    {
      "date": "2023-03-31T00:00:00",
      "quarter_label": "2023-03 (Q1)",
      "revenue": 622707000,
      "gross_profit": 139423000,
      "operating_income": 43797000,
      "net_income": 29436000,
      "opex": 578910000,
      "cogs": null,
      "rd": null,
      "sga": 84260000,
      "fcf": 43187000,
      "ocf": 46865000,
      "capex": -3678000,
      "gross_margin": 0.2238982378550426,
      "op_margin": 0.0703332385857233,
      "fcf_margin": 0.06935364465149742,
      "incr_op_margin_yoy": 0.28209606986899566,
      "rev_growth_yoy": -0.21049608739090084,
      "rev_growth_yoy_accel": -0.19104640978323773,
      "fcf_margin_change": 0.0656972705902639
    },
    {
      "date": "2023-06-30T00:00:00",
      "quarter_label": "2023-06 (Q2)",
      "revenue": 540695000,
      "gross_profit": 123139000,
      "operating_income": 35189000,
      "net_income": 21345000,
      "opex": 505506000,
      "cogs": null,
      "rd": null,
      "sga": 78938000,
      "fcf": 115252000,
      "ocf": 119248000,
      "capex": -3996000,
      "gross_margin": 0.2277420727027252,
      "op_margin": 0.0650810530890798,
      "fcf_margin": 0.2131552908756323,
      "incr_op_margin_yoy": 0.2050491858728026,
      "rev_growth_yoy": -0.28248011773433074,
      "rev_growth_yoy_accel": -0.0719840303434299,
      "fcf_margin_change": 0.14380164622413488
    },
    {
      "date": "2023-09-30T00:00:00",
      "quarter_label": "2023-09 (Q3)",
      "revenue": 442291000,
      "gross_profit": 97359000,
      "operating_income": 20303000,
      "net_income": 12812000,
      "opex": 421988000,
      "cogs": null,
      "rd": null,
      "sga": 69627000,
      "fcf": 66886000,
      "ocf": 70311000,
      "capex": -3425000,
      "gross_margin": 0.22012430729994506,
      "op_margin": 0.04590416716596087,
      "fcf_margin": 0.15122622888550752,
      "incr_op_margin_yoy": 0.16445226436609617,
      "rev_growth_yoy": -0.30468103971400634,
      "rev_growth_yoy_accel": -0.022200921979675603,
      "fcf_margin_change": -0.06192906199012477
    },
    {
      "date": "2023-12-31T00:00:00",
      "quarter_label": "2023-12 (Q4)",
      "revenue": 414035000,
      "gross_profit": 90489000,
      "operating_income": 13424000,
      "net_income": 9038000,
      "opex": 400611000,
      "cogs": null,
      "rd": null,
      "sga": 67566000,
      "fcf": 9199000,
      "ocf": 12074000,
      "capex": -2875000,
      "gross_margin": 0.21855398698177692,
      "op_margin": 0.03242237975050419,
      "fcf_margin": 0.022217928436001788,
      "incr_op_margin_yoy": 0.17760513205996742,
      "rev_growth_yoy": -0.34093738160956866,
      "rev_growth_yoy_accel": -0.036256341895562316,
      "fcf_margin_change": -0.12900830044950573
    },
    {
      "date": "2024-03-31T00:00:00",
      "quarter_label": "2024-03 (Q1)",
      "revenue": 379174000,
      "gross_profit": 77297000,
      "operating_income": 2921000,
      "net_income": 2692000,
      "opex": 376253000,
      "cogs": null,
      "rd": null,
      "sga": 63252000,
      "fcf": 3801000,
      "ocf": 6011000,
      "capex": -2210000,
      "gross_margin": 0.2038562770654106,
      "op_margin": 0.007703587271279149,
      "fcf_margin": 0.010024421505693956,
      "incr_op_margin_yoy": 0.1678458360879224,
      "rev_growth_yoy": -0.39108762226857896,
      "rev_growth_yoy_accel": -0.0501502406590103,
      "fcf_margin_change": -0.012193506930307832
    },
    {
      "date": "2024-06-30T00:00:00",
      "quarter_label": "2024-06 (Q2)",
      "revenue": 339771000,
      "gross_profit": 70805000,
      "operating_income": -19206000,
      "net_income": -16050000,
      "opex": 358977000,
      "cogs": null,
      "rd": null,
      "sga": 60258000,
      "fcf": 79552000,
      "ocf": 82401000,
      "capex": -2849000,
      "gross_margin": 0.20839035703459094,
      "op_margin": -0.05652630742470664,
      "fcf_margin": 0.2341341668358983,
      "incr_op_margin_yoy": 0.2707242539467659,
      "rev_growth_yoy": -0.37160321438149047,
      "rev_growth_yoy_accel": 0.019484407887088495,
      "fcf_margin_change": 0.22410974533020434
    },
    {
      "date": "2024-09-30T00:00:00",
      "quarter_label": "2024-09 (Q3)",
      "revenue": 315119000,
      "gross_profit": 64158000,
      "operating_income": 2853000,
      "net_income": 2555000,
      "opex": 312266000,
      "cogs": null,
      "rd": null,
      "sga": 54297000,
      "fcf": 6346000,
      "ocf": 7470000,
      "capex": -1124000,
      "gross_margin": 0.20359927519445034,
      "op_margin": 0.009053722561952787,
      "fcf_margin": 0.020138423897003987,
      "incr_op_margin_yoy": 0.13721573931368541,
      "rev_growth_yoy": -0.2875301554858679,
      "rev_growth_yoy_accel": 0.08407305889562255,
      "fcf_margin_change": -0.2139957429388943
    },
    {
      "date": "2024-12-31T00:00:00",
      "quarter_label": "2024-12 (Q4)",
      "revenue": 309940000,
      "gross_profit": 61992000,
      "operating_income": -3433000,
      "net_income": -3753000,
      "opex": 313373000,
      "cogs": null,
      "rd": null,
      "sga": 55570000,
      "fcf": 21703000,
      "ocf": 24234000,
      "capex": -2531000,
      "gross_margin": 0.20001290572368846,
      "op_margin": -0.011076337355617217,
      "fcf_margin": 0.07002323030263922,
      "incr_op_margin_yoy": 0.1619386137662712,
      "rev_growth_yoy": -0.2514159430965981,
      "rev_growth_yoy_accel": 0.03611421238926982,
      "fcf_margin_change": 0.04988480640563524
    },
    {
      "date": "2025-03-31T00:00:00",
      "quarter_label": "2025-03 (Q1)",
      "revenue": 293408000,
      "gross_profit": null,
      "operating_income": -977000,
      "net_income": -490000,
      "opex": 294385000,
      "cogs": null,
      "rd": null,
      "sga": 52486000,
      "fcf": 3795000,
      "ocf": 5681000,
      "capex": -1886000,
      "gross_margin": null,
      "op_margin": -0.003329834224015705,
      "fcf_margin": 0.012934207656232958,
      "incr_op_margin_yoy": 0.045449245621808174,
      "rev_growth_yoy": -0.2261916692600231,
      "rev_growth_yoy_accel": 0.025224273836574995,
      "fcf_margin_change": -0.057089022646406265
    },
    {
      "date": "2025-06-30T00:00:00",
      "quarter_label": "2025-06 (Q2)",
      "revenue": 274072000,
      "gross_profit": null,
      "operating_income": -5859000,
      "net_income": -6659000,
      "opex": 279931000,
      "cogs": null,
      "rd": null,
      "sga": 50050000,
      "fcf": 2250000,
      "ocf": 4217000,
      "capex": -1967000,
      "gross_margin": null,
      "op_margin": -0.02137759420882104,
      "fcf_margin": 0.008209521585568756,
      "incr_op_margin_yoy": -0.2031537770742325,
      "rev_growth_yoy": -0.19336258833155273,
      "rev_growth_yoy_accel": 0.03282908092847037,
      "fcf_margin_change": -0.004724686070664202
    },
    {
      "date": "2025-09-30T00:00:00",
      "quarter_label": "2025-09 (Q3)",
      "revenue": 250052000,
      "gross_profit": null,
      "operating_income": -5973000,
      "net_income": -4774000,
      "opex": 256025000,
      "cogs": null,
      "rd": null,
      "sga": 46894000,
      "fcf": 17923000,
      "ocf": 20114000,
      "capex": -2191000,
      "gross_margin": null,
      "op_margin": -0.02388703149744853,
      "fcf_margin": 0.07167709116503768,
      "incr_op_margin_yoy": 0.1356447969016552,
      "rev_growth_yoy": -0.2064838997331167,
      "rev_growth_yoy_accel": -0.013121311401563973,
      "fcf_margin_change": 0.06346756957946892
    }
  ],
  "signals": [
    {
      "quarter": "2025-09 (Q3)",
      "signal": "FCF MARGIN EXPANSION",
      "detail": "FCF margin: +0.8% -> +7.2% (+6.3%)",
      "severity": "MEDIUM"
    },
    {
      "quarter": "2024-09 (Q3)",
      "signal": "YoY REVENUE GROWTH ACCELERATION",
      "detail": "YoY growth: -28.8% vs prior quarter YoY: -37.2% (accel: +8.4%)",
      "severity": "MEDIUM"
    },
    {
      "quarter": "2024-09 (Q3)",
      "signal": "OP MARGIN TURNED POSITIVE (QoQ)",
      "detail": "Op margin: -5.7% -> +0.9%",
      "severity": "HIGH"
    },
    {
      "quarter": "2024-06 (Q2)",
      "signal": "FCF MARGIN EXPANSION",
      "detail": "FCF margin: +1.0% -> +23.4% (+22.4%)",
      "severity": "MEDIUM"
    },
    {
      "quarter": "2024-03 (Q1)",
      "signal": "YoY REVENUE GROWTH DECELERATION",
      "detail": "YoY growth: -39.1% vs prior quarter YoY: -34.1% (decel: -5.0%)",
      "severity": "WARNING"
    },
    {
      "quarter": "2023-06 (Q2)",
      "signal": "FCF MARGIN EXPANSION",
      "detail": "FCF margin: +6.9% -> +21.3% (+14.4%)",
      "severity": "MEDIUM"
    },
    {
      "quarter": "2023-06 (Q2)",
      "signal": "YoY REVENUE GROWTH DECELERATION",
      "detail": "YoY growth: -28.2% vs prior quarter YoY: -21.0% (decel: -7.2%)",
      "severity": "WARNING"
    },
    {
      "quarter": "2023-06 (Q2)",
      "signal": "INCREMENTAL MARGIN (YoY)",
      "detail": "YoY Incr OPM: +20.5% vs year-ago OPM: +10.5%",
      "severity": "MEDIUM"
    },
    {
      "quarter": "2023-03 (Q1)",
      "signal": "FCF MARGIN EXPANSION",
      "detail": "FCF margin: +0.4% -> +6.9% (+6.6%)",
      "severity": "MEDIUM"
    },
    {
      "quarter": "2023-03 (Q1)",
      "signal": "YoY REVENUE GROWTH DECELERATION",
      "detail": "YoY growth: -21.0% vs prior quarter YoY: -1.9% (decel: -19.1%)",
      "severity": "WARNING"
    },
    {
      "quarter": "2023-03 (Q1)",
      "signal": "INCREMENTAL MARGIN (YoY)",
      "detail": "YoY Incr OPM: +28.2% vs year-ago OPM: +11.5%",
      "severity": "MEDIUM"
    },
    {
      "quarter": "2022-12 (Q4)",
      "signal": "YoY REVENUE GROWTH DECELERATION",
      "detail": "YoY growth: -1.9% vs prior quarter YoY: +69.7% (decel: -71.6%)",
      "severity": "WARNING"
    },
    {
      "quarter": "2022-12 (Q4)",
      "signal": "INCREMENTAL MARGIN (YoY)",
      "detail": "YoY Incr OPM: +196.6% vs year-ago OPM: +11.9%",
      "severity": "HIGH"
    },
    {
      "quarter": "2022-09 (Q3)",
      "signal": "FCF MARGIN EXPANSION",
      "detail": "FCF margin: +2.2% -> +21.6% (+19.5%)",
      "severity": "MEDIUM"
    },
    {
      "quarter": "2022-09 (Q3)",
      "signal": "YoY REVENUE GROWTH DECELERATION",
      "detail": "YoY growth: +69.7% vs prior quarter YoY: +127.1% (decel: -57.4%)",
      "severity": "WARNING"
    },
    {
      "quarter": "2022-06 (Q2)",
      "signal": "FCF TURNED POSITIVE",
      "detail": "FCF margin: -3.9% -> +2.2%",
      "severity": "HIGH"
    },
    {
      "quarter": "2022-06 (Q2)",
      "signal": "YoY REVENUE GROWTH DECELERATION",
      "detail": "YoY growth: +127.1% vs prior quarter YoY: +139.6% (decel: -12.5%)",
      "severity": "WARNING"
    },
    {
      "quarter": "2022-06 (Q2)",
      "signal": "INCREMENTAL MARGIN (YoY)",
      "detail": "YoY Incr OPM: +14.9% vs year-ago OPM: +4.8%",
      "severity": "MEDIUM"
    },
    {
      "quarter": "2022-03 (Q1)",
      "signal": "FCF MARGIN EXPANSION",
      "detail": "FCF margin: -11.8% -> -3.9% (+7.9%)",
      "severity": "MEDIUM"
    },
    {
      "quarter": "2022-03 (Q1)",
      "signal": "YoY REVENUE GROWTH DECELERATION",
      "detail": "YoY growth: +139.6% vs prior quarter YoY: +197.2% (decel: -57.6%)",
      "severity": "WARNING"
    },
    {
      "quarter": "2021-12 (Q4)",
      "signal": "INCREMENTAL MARGIN (YoY)",
      "detail": "YoY Incr OPM: +16.5% vs year-ago OPM: +2.6%",
      "severity": "MEDIUM"
    },
    {
      "quarter": "2021-06 (Q2)",
      "signal": "FCF TURNED POSITIVE",
      "detail": "FCF margin: -7.9% -> +4.1%",
      "severity": "HIGH"
    }
  ],
  "data_quality": {
    "n_quarters": 20,
    "coverage": {
      "revenue": [
        20,
        20
      ],
      "gross_profit": [
        17,
        20
      ],
      "op_income": [
        20,
        20
      ],
      "fcf": [
        20,
        20
      ]
    },
    "gaps": [],
    "warnings": []
  },
  "market_cap": null,
  "source": "SEC EDGAR",
  "last_updated": "2026-02-02T22:46:13.365670"
}