{
  "ticker": "CCS",
  "name": "Century Communities, Inc.",
  "quarters": [
    {
      "date": "2021-03-31T00:00:00",
      "quarter_label": "2021-03 (Q1)",
      "revenue": 1008569000,
      "gross_profit": null,
      "operating_income": null,
      "net_income": 101652000,
      "opex": null,
      "cogs": null,
      "rd": null,
      "sga": 92151000,
      "fcf": 93207000,
      "ocf": 96120000,
      "capex": -2913000,
      "gross_margin": null,
      "op_margin": null,
      "fcf_margin": 0.09241509505051217
    },
    {
      "date": "2021-06-30T00:00:00",
      "quarter_label": "2021-06 (Q2)",
      "revenue": 1042912000,
      "gross_profit": null,
      "operating_income": null,
      "net_income": 117910000,
      "opex": null,
      "cogs": null,
      "rd": null,
      "sga": 99656000,
      "fcf": 45809000,
      "ocf": 47301000,
      "capex": -1492000,
      "gross_margin": null,
      "op_margin": null,
      "fcf_margin": 0.043924127826700625,
      "fcf_margin_change": -0.04849096722381154
    },
    {
      "date": "2021-09-30T00:00:00",
      "quarter_label": "2021-09 (Q3)",
      "revenue": 958032000,
      "gross_profit": null,
      "operating_income": null,
      "net_income": 113977000,
      "opex": null,
      "cogs": null,
      "rd": null,
      "sga": 90154000,
      "fcf": -62999000,
      "ocf": -60641000,
      "capex": -2358000,
      "gross_margin": null,
      "op_margin": null,
      "fcf_margin": -0.06575876379912153,
      "fcf_margin_change": -0.10968289162582215
    },
    {
      "date": "2021-12-31T00:00:00",
      "quarter_label": "2021-12 (Q4)",
      "revenue": 1206802000,
      "gross_profit": null,
      "operating_income": null,
      "net_income": 164965000,
      "opex": null,
      "cogs": null,
      "rd": null,
      "sga": 107649000,
      "fcf": -286080000,
      "ocf": -283933000,
      "capex": -2147000,
      "gross_margin": null,
      "op_margin": null,
      "fcf_margin": -0.23705628595245948,
      "fcf_margin_change": -0.17129752215333793
    },
    {
      "date": "2022-03-31T00:00:00",
      "quarter_label": "2022-03 (Q1)",
      "revenue": 1016350000,
      "gross_profit": null,
      "operating_income": null,
      "net_income": 142496000,
      "opex": null,
      "cogs": null,
      "rd": null,
      "sga": 101639000,
      "fcf": 103592000,
      "ocf": 109433000,
      "capex": -5841000,
      "gross_margin": null,
      "op_margin": null,
      "fcf_margin": 0.10192551778422787,
      "rev_growth_yoy": 0.0077148910981796985,
      "fcf_margin_change": 0.33898180373668735
    },
    {
      "date": "2022-06-30T00:00:00",
      "quarter_label": "2022-06 (Q2)",
      "revenue": 1166142000,
      "gross_profit": null,
      "operating_income": null,
      "net_income": 158668000,
      "opex": null,
      "cogs": null,
      "rd": null,
      "sga": 109158000,
      "fcf": -215264000,
      "ocf": -212320000,
      "capex": -2944000,
      "gross_margin": null,
      "op_margin": null,
      "fcf_margin": -0.18459501501532402,
      "rev_growth_yoy": 0.11815953790923875,
      "rev_growth_yoy_accel": 0.11044464681105905,
      "fcf_margin_change": -0.2865205327995519
    },
    {
      "date": "2022-09-30T00:00:00",
      "quarter_label": "2022-09 (Q3)",
      "revenue": 1144291000,
      "gross_profit": null,
      "operating_income": null,
      "net_income": 144473000,
      "opex": null,
      "cogs": null,
      "rd": null,
      "sga": 110687000,
      "fcf": 29170000,
      "ocf": 35780000,
      "capex": -6610000,
      "gross_margin": null,
      "op_margin": null,
      "fcf_margin": 0.025491767391336646,
      "rev_growth_yoy": 0.1944183492826962,
      "rev_growth_yoy_accel": 0.07625881137345744,
      "fcf_margin_change": 0.21008678240666068
    },
    {
      "date": "2022-12-31T00:00:00",
      "quarter_label": "2022-12 (Q4)",
      "revenue": 1179134000,
      "gross_profit": null,
      "operating_income": null,
      "net_income": 79489000,
      "opex": null,
      "cogs": null,
      "rd": null,
      "sga": 109258000,
      "fcf": 377443000,
      "ocf": 382454000,
      "capex": -5011000,
      "gross_margin": null,
      "op_margin": null,
      "fcf_margin": 0.32010187137339774,
      "rev_growth_yoy": -0.022926710429714236,
      "rev_growth_yoy_accel": -0.21734505971241042,
      "fcf_margin_change": 0.2946101039820611
    },
    {
      "date": "2023-03-31T00:00:00",
      "quarter_label": "2023-03 (Q1)",
      "revenue": 752990000,
      "gross_profit": null,
      "operating_income": null,
      "net_income": 33311000,
      "opex": null,
      "cogs": null,
      "rd": null,
      "sga": 98313000,
      "fcf": 186514000,
      "ocf": 191334000,
      "capex": -4820000,
      "gross_margin": null,
      "op_margin": null,
      "fcf_margin": 0.24769784459288968,
      "rev_growth_yoy": -0.25912333349731886,
      "rev_growth_yoy_accel": -0.23619662306760464,
      "fcf_margin_change": -0.07240402678050806
    },
    {
      "date": "2023-06-30T00:00:00",
      "quarter_label": "2023-06 (Q2)",
      "revenue": 844191000,
      "gross_profit": null,
      "operating_income": null,
      "net_income": 51445000,
      "opex": null,
      "cogs": null,
      "rd": null,
      "sga": 105120000,
      "fcf": -62582000,
      "ocf": -58559000,
      "capex": -4023000,
      "gross_margin": null,
      "op_margin": null,
      "fcf_margin": -0.07413251266597251,
      "rev_growth_yoy": -0.27608215809052417,
      "rev_growth_yoy_accel": -0.0169588245932053,
      "fcf_margin_change": -0.3218303572588622
    },
    {
      "date": "2023-09-30T00:00:00",
      "quarter_label": "2023-09 (Q3)",
      "revenue": 889423000,
      "gross_profit": null,
      "operating_income": null,
      "net_income": 83150000,
      "opex": null,
      "cogs": null,
      "rd": null,
      "sga": 111918000,
      "fcf": -105489000,
      "ocf": -99767000,
      "capex": -5722000,
      "gross_margin": null,
      "op_margin": null,
      "fcf_margin": -0.11860385890627968,
      "rev_growth_yoy": -0.22273005730185766,
      "rev_growth_yoy_accel": 0.05335210078866651,
      "fcf_margin_change": -0.04447134624030717
    },
    {
      "date": "2023-12-31T00:00:00",
      "quarter_label": "2023-12 (Q4)",
      "revenue": 1205581000,
      "gross_profit": null,
      "operating_income": null,
      "net_income": 91318000,
      "opex": null,
      "cogs": null,
      "rd": null,
      "sga": 131960000,
      "fcf": -20133000,
      "ocf": 8620000,
      "capex": -28753000,
      "gross_margin": null,
      "op_margin": null,
      "fcf_margin": -0.016699831865299802,
      "rev_growth_yoy": 0.022429172596159553,
      "rev_growth_yoy_accel": 0.24515922989801722,
      "fcf_margin_change": 0.10190402704097988
    },
    {
      "date": "2024-03-31T00:00:00",
      "quarter_label": "2024-03 (Q1)",
      "revenue": 948543000,
      "gross_profit": null,
      "operating_income": null,
      "net_income": 64332000,
      "opex": null,
      "cogs": null,
      "rd": null,
      "sga": 114109000,
      "fcf": 15670000,
      "ocf": 21592000,
      "capex": -5922000,
      "gross_margin": null,
      "op_margin": null,
      "fcf_margin": 0.016520073417862977,
      "rev_growth_yoy": 0.2597019880742108,
      "rev_growth_yoy_accel": 0.23727281547805124,
      "fcf_margin_change": 0.03321990528316278
    },
    {
      "date": "2024-06-30T00:00:00",
      "quarter_label": "2024-06 (Q2)",
      "revenue": 1039450000,
      "gross_profit": null,
      "operating_income": null,
      "net_income": 83724000,
      "opex": null,
      "cogs": null,
      "rd": null,
      "sga": 125973000,
      "fcf": -117622000,
      "ocf": -100052000,
      "capex": -17570000,
      "gross_margin": null,
      "op_margin": null,
      "fcf_margin": -0.11315792005387465,
      "rev_growth_yoy": 0.23129718274655853,
      "rev_growth_yoy_accel": -0.02840480532765227,
      "fcf_margin_change": -0.12967799347173764
    },
    {
      "date": "2024-09-30T00:00:00",
      "quarter_label": "2024-09 (Q3)",
      "revenue": 1136866000,
      "gross_profit": null,
      "operating_income": null,
      "net_income": 83020000,
      "opex": null,
      "cogs": null,
      "rd": null,
      "sga": 132972000,
      "fcf": -101887000,
      "ocf": -95523000,
      "capex": -6364000,
      "gross_margin": null,
      "op_margin": null,
      "fcf_margin": -0.08962094037467916,
      "rev_growth_yoy": 0.2782062078448612,
      "rev_growth_yoy_accel": 0.04690902509830269,
      "fcf_margin_change": 0.02353697967919549
    },
    {
      "date": "2024-12-31T00:00:00",
      "quarter_label": "2024-12 (Q4)",
      "revenue": 1273429000,
      "gross_profit": null,
      "operating_income": null,
      "net_income": 102741000,
      "opex": null,
      "cogs": null,
      "rd": null,
      "sga": 143435000,
      "fcf": 290564000,
      "ocf": 299678000,
      "capex": -9114000,
      "gross_margin": null,
      "op_margin": null,
      "fcf_margin": 0.2281744800848732,
      "rev_growth_yoy": 0.056278259196188396,
      "rev_growth_yoy_accel": -0.22192794864867282,
      "fcf_margin_change": 0.31779542045955234
    },
    {
      "date": "2025-03-31T00:00:00",
      "quarter_label": "2025-03 (Q1)",
      "revenue": 903232000,
      "gross_profit": null,
      "operating_income": null,
      "net_income": 39384000,
      "opex": null,
      "cogs": null,
      "rd": null,
      "sga": 120760000,
      "fcf": -39960000,
      "ocf": -36580000,
      "capex": -3380000,
      "gross_margin": null,
      "op_margin": null,
      "fcf_margin": -0.044241125203712886,
      "rev_growth_yoy": -0.04776905211466428,
      "rev_growth_yoy_accel": -0.10404731131085268,
      "fcf_margin_change": -0.2724156052885861
    },
    {
      "date": "2025-06-30T00:00:00",
      "quarter_label": "2025-06 (Q2)",
      "revenue": 1000724000,
      "gross_profit": null,
      "operating_income": null,
      "net_income": 34854000,
      "opex": null,
      "cogs": null,
      "rd": null,
      "sga": 128837000,
      "fcf": -17552000,
      "ocf": -11045000,
      "capex": -6507000,
      "gross_margin": null,
      "op_margin": null,
      "fcf_margin": -0.017539301545680928,
      "rev_growth_yoy": -0.03725624128144692,
      "rev_growth_yoy_accel": 0.01051281083321736,
      "fcf_margin_change": 0.02670182365803196
    },
    {
      "date": "2025-09-30T00:00:00",
      "quarter_label": "2025-09 (Q3)",
      "revenue": 980284000,
      "gross_profit": null,
      "operating_income": null,
      "net_income": 37403000,
      "opex": null,
      "cogs": null,
      "rd": null,
      "sga": 119895000,
      "fcf": -20785000,
      "ocf": -10029000,
      "capex": -10756000,
      "gross_margin": null,
      "op_margin": null,
      "fcf_margin": -0.021203039119275638,
      "rev_growth_yoy": -0.1377312717593806,
      "rev_growth_yoy_accel": -0.10047503047793369,
      "fcf_margin_change": -0.00366373757359471
    },
    {
      "date": "2025-12-31T00:00:00",
      "quarter_label": "2025-12 (Q4)",
      "revenue": 1233576000,
      "gross_profit": null,
      "operating_income": null,
      "net_income": 35956000,
      "opex": null,
      "cogs": null,
      "rd": null,
      "sga": 135402000,
      "fcf": 202611000,
      "ocf": 210735000,
      "capex": -8124000,
      "gross_margin": null,
      "op_margin": null,
      "fcf_margin": 0.16424687250724723,
      "rev_growth_yoy": -0.03129581625673673,
      "rev_growth_yoy_accel": 0.10643545550264387,
      "fcf_margin_change": 0.18544991162652286
    }
  ],
  "signals": [
    {
      "quarter": "2025-12 (Q4)",
      "signal": "FCF TURNED POSITIVE",
      "detail": "FCF margin: -2.1% -> +16.4%",
      "severity": "HIGH"
    },
    {
      "quarter": "2025-12 (Q4)",
      "signal": "YoY REVENUE GROWTH ACCELERATION",
      "detail": "YoY growth: -3.1% vs prior quarter YoY: -13.8% (accel: +10.6%)",
      "severity": "MEDIUM"
    },
    {
      "quarter": "2025-09 (Q3)",
      "signal": "YoY REVENUE GROWTH DECELERATION",
      "detail": "YoY growth: -13.8% vs prior quarter YoY: -3.7% (decel: -10.0%)",
      "severity": "WARNING"
    },
    {
      "quarter": "2025-03 (Q1)",
      "signal": "YoY REVENUE GROWTH DECELERATION",
      "detail": "YoY growth: -4.8% vs prior quarter YoY: +5.6% (decel: -10.4%)",
      "severity": "WARNING"
    },
    {
      "quarter": "2024-12 (Q4)",
      "signal": "FCF TURNED POSITIVE",
      "detail": "FCF margin: -9.0% -> +22.8%",
      "severity": "HIGH"
    },
    {
      "quarter": "2024-12 (Q4)",
      "signal": "YoY REVENUE GROWTH DECELERATION",
      "detail": "YoY growth: +5.6% vs prior quarter YoY: +27.8% (decel: -22.2%)",
      "severity": "WARNING"
    },
    {
      "quarter": "2024-03 (Q1)",
      "signal": "FCF TURNED POSITIVE",
      "detail": "FCF margin: -1.7% -> +1.7%",
      "severity": "HIGH"
    },
    {
      "quarter": "2024-03 (Q1)",
      "signal": "YoY REVENUE GROWTH ACCELERATION",
      "detail": "YoY growth: +26.0% vs prior quarter YoY: +2.2% (accel: +23.7%)",
      "severity": "HIGH"
    },
    {
      "quarter": "2023-12 (Q4)",
      "signal": "FCF MARGIN EXPANSION",
      "detail": "FCF margin: -11.9% -> -1.7% (+10.2%)",
      "severity": "MEDIUM"
    },
    {
      "quarter": "2023-12 (Q4)",
      "signal": "YoY REVENUE GROWTH ACCELERATION",
      "detail": "YoY growth: +2.2% vs prior quarter YoY: -22.3% (accel: +24.5%)",
      "severity": "HIGH"
    },
    {
      "quarter": "2023-09 (Q3)",
      "signal": "YoY REVENUE GROWTH ACCELERATION",
      "detail": "YoY growth: -22.3% vs prior quarter YoY: -27.6% (accel: +5.3%)",
      "severity": "MEDIUM"
    },
    {
      "quarter": "2023-03 (Q1)",
      "signal": "YoY REVENUE GROWTH DECELERATION",
      "detail": "YoY growth: -25.9% vs prior quarter YoY: -2.3% (decel: -23.6%)",
      "severity": "WARNING"
    },
    {
      "quarter": "2022-12 (Q4)",
      "signal": "FCF MARGIN EXPANSION",
      "detail": "FCF margin: +2.5% -> +32.0% (+29.5%)",
      "severity": "MEDIUM"
    },
    {
      "quarter": "2022-12 (Q4)",
      "signal": "YoY REVENUE GROWTH DECELERATION",
      "detail": "YoY growth: -2.3% vs prior quarter YoY: +19.4% (decel: -21.7%)",
      "severity": "WARNING"
    },
    {
      "quarter": "2022-09 (Q3)",
      "signal": "FCF TURNED POSITIVE",
      "detail": "FCF margin: -18.5% -> +2.5%",
      "severity": "HIGH"
    },
    {
      "quarter": "2022-09 (Q3)",
      "signal": "YoY REVENUE GROWTH ACCELERATION",
      "detail": "YoY growth: +19.4% vs prior quarter YoY: +11.8% (accel: +7.6%)",
      "severity": "MEDIUM"
    },
    {
      "quarter": "2022-06 (Q2)",
      "signal": "YoY REVENUE GROWTH ACCELERATION",
      "detail": "YoY growth: +11.8% vs prior quarter YoY: +0.8% (accel: +11.0%)",
      "severity": "MEDIUM"
    },
    {
      "quarter": "2022-03 (Q1)",
      "signal": "FCF TURNED POSITIVE",
      "detail": "FCF margin: -23.7% -> +10.2%",
      "severity": "HIGH"
    }
  ],
  "data_quality": {
    "n_quarters": 20,
    "coverage": {
      "revenue": [
        20,
        20
      ],
      "gross_profit": [
        0,
        20
      ],
      "op_income": [
        0,
        20
      ],
      "fcf": [
        20,
        20
      ]
    },
    "gaps": [],
    "warnings": [
      "gross_profit: no data",
      "op_income: no data"
    ]
  },
  "market_cap": null,
  "source": "SEC EDGAR",
  "last_updated": "2026-02-02T21:39:12.209553",
  "sector": "Real Estate",
  "industry": "Real Estate - Development"
}