{
  "ticker": "CCSI",
  "name": "Consensus Cloud Solutions, Inc.",
  "quarters": [
    {
      "date": "2020-12-31T00:00:00",
      "quarter_label": "2020-12 (Q4)",
      "revenue": -175922000,
      "gross_profit": -113093000,
      "operating_income": 16358000,
      "net_income": 19579000,
      "opex": -129451000,
      "cogs": -62829000,
      "rd": -9338000,
      "sga": null,
      "fcf": 74928000,
      "ocf": 78494000,
      "capex": -3566000,
      "gross_margin": 0.6428587669535363,
      "op_margin": -0.09298439080956333,
      "fcf_margin": -0.42591603096827
    },
    {
      "date": "2021-03-31T00:00:00",
      "quarter_label": "2021-03 (Q1)",
      "revenue": 86620000,
      "gross_profit": 72650000,
      "operating_income": 51691000,
      "net_income": 47362000,
      "opex": 20959000,
      "cogs": 13970000,
      "rd": 1676000,
      "sga": null,
      "fcf": 52454000,
      "ocf": 59926000,
      "capex": -7472000,
      "gross_margin": 0.8387208496882937,
      "op_margin": 0.5967559455091203,
      "fcf_margin": 0.6055645347494805,
      "fcf_margin_change": 1.0314805657177506
    },
    {
      "date": "2021-06-30T00:00:00",
      "quarter_label": "2021-06 (Q2)",
      "revenue": 87842000,
      "gross_profit": 73288000,
      "operating_income": 51691000,
      "net_income": 27517000,
      "opex": 21597000,
      "cogs": 14554000,
      "rd": 1940000,
      "sga": null,
      "fcf": 54689000,
      "ocf": 66691000,
      "capex": -12002000,
      "gross_margin": 0.8343161585574099,
      "op_margin": 0.5884542701668906,
      "fcf_margin": 0.6225837298786457,
      "op_leverage_ratio": 0.463450020230329,
      "fcf_margin_change": 0.017019195129165277
    },
    {
      "date": "2021-09-30T00:00:00",
      "quarter_label": "2021-09 (Q3)",
      "revenue": 182103000,
      "gross_profit": 141396000,
      "operating_income": 57462000,
      "net_income": 27224000,
      "opex": 83934000,
      "cogs": 40707000,
      "rd": 8259000,
      "sga": null,
      "fcf": 60966000,
      "ocf": 69772000,
      "capex": -8806000,
      "gross_margin": 0.7764616727895751,
      "op_margin": 0.31554669610055847,
      "fcf_margin": 0.33478855373058103,
      "op_leverage_ratio": 0.3717725822798458,
      "fcf_margin_change": -0.2877951761480647
    },
    {
      "date": "2021-12-31T00:00:00",
      "quarter_label": "2021-12 (Q4)",
      "revenue": -176227000,
      "gross_profit": -118367000,
      "operating_income": 32146000,
      "net_income": 6899000,
      "opex": -150513000,
      "cogs": -57860000,
      "rd": -14343000,
      "sga": null,
      "fcf": 32568000,
      "ocf": 37286000,
      "capex": -4718000,
      "gross_margin": 0.6716734666084084,
      "op_margin": -0.18241245666101108,
      "fcf_margin": -0.18480709539400886,
      "fcf_margin_change": -0.5195956491245899
    },
    {
      "date": "2022-03-31T00:00:00",
      "quarter_label": "2022-03 (Q1)",
      "revenue": 90925000,
      "gross_profit": 75821000,
      "operating_income": 38849000,
      "net_income": 18706000,
      "opex": 36972000,
      "cogs": 15104000,
      "rd": 2336000,
      "sga": null,
      "fcf": 42993000,
      "ocf": 49908000,
      "capex": -6915000,
      "gross_margin": 0.8338850701127303,
      "op_margin": 0.427264228759967,
      "fcf_margin": 0.47284025295573273,
      "incr_op_margin_yoy": -2.9830429732868757,
      "rev_growth_yoy": 0.04969983837450935,
      "fcf_margin_change": 0.6576473483497416
    },
    {
      "date": "2022-06-30T00:00:00",
      "quarter_label": "2022-06 (Q2)",
      "revenue": 93163000,
      "gross_profit": 77576000,
      "operating_income": 40991000,
      "net_income": 22274000,
      "opex": 36585000,
      "cogs": 15587000,
      "rd": 2741000,
      "sga": null,
      "fcf": -4531000,
      "ocf": 2298000,
      "capex": -6829000,
      "gross_margin": 0.8326910898103325,
      "op_margin": 0.4399922716099739,
      "fcf_margin": -0.04863518778914376,
      "incr_op_margin_yoy": -2.0109002067280586,
      "rev_growth_yoy": 0.060574668154185926,
      "rev_growth_yoy_accel": 0.010874829779676576,
      "op_leverage_ratio": Infinity,
      "fcf_margin_change": -0.5214754407448765
    },
    {
      "date": "2022-09-30T00:00:00",
      "quarter_label": "2022-09 (Q3)",
      "revenue": 95912000,
      "gross_profit": 80493000,
      "operating_income": 35027000,
      "net_income": 17141000,
      "opex": 45466000,
      "cogs": 15419000,
      "rd": 3236000,
      "sga": null,
      "fcf": 29750000,
      "ocf": 37066000,
      "capex": -7316000,
      "gross_margin": 0.8392380515472516,
      "op_margin": 0.36519934940362,
      "fcf_margin": 0.3101801651513888,
      "incr_op_margin_yoy": 0.26029399821327054,
      "rev_growth_yoy": -0.4733090613553868,
      "rev_growth_yoy_accel": -0.5338837295095727,
      "op_leverage_ratio": 0.12155489823587272,
      "fcf_margin_change": 0.3588153529405326
    },
    {
      "date": "2022-12-31T00:00:00",
      "quarter_label": "2022-12 (Q4)",
      "revenue": 82422000,
      "gross_profit": 66582000,
      "operating_income": 37052000,
      "net_income": 14594000,
      "opex": 29530000,
      "cogs": 15840000,
      "rd": 1705000,
      "sga": null,
      "fcf": -15108000,
      "ocf": -6123000,
      "capex": -8985000,
      "gross_margin": 0.8078183009390697,
      "op_margin": 0.4495401713134843,
      "fcf_margin": -0.18330057508917522,
      "incr_op_margin_yoy": 0.01896779032588566,
      "fcf_margin_change": -0.493480740240564
    },
    {
      "date": "2023-03-31T00:00:00",
      "quarter_label": "2023-03 (Q1)",
      "revenue": 91454000,
      "gross_profit": 73946000,
      "operating_income": 33997000,
      "net_income": 15458000,
      "opex": 39949000,
      "cogs": 17508000,
      "rd": 1904000,
      "sga": null,
      "fcf": 29423000,
      "ocf": 37971000,
      "capex": -8548000,
      "gross_margin": 0.8085594943906226,
      "op_margin": 0.37173879764690443,
      "fcf_margin": 0.32172458285039474,
      "rev_growth_yoy": 0.005817981853175694,
      "op_leverage_ratio": 0.31058336373723844,
      "fcf_margin_change": 0.5050251579395699
    },
    {
      "date": "2023-06-30T00:00:00",
      "quarter_label": "2023-06 (Q2)",
      "revenue": 92792000,
      "gross_profit": 75546000,
      "operating_income": 38842000,
      "net_income": 21058000,
      "opex": 36704000,
      "cogs": 17246000,
      "rd": 1765000,
      "sga": null,
      "fcf": 3994000,
      "ocf": 14121000,
      "capex": -10127000,
      "gross_margin": 0.8141434606431589,
      "op_margin": 0.41859212001034574,
      "fcf_margin": 0.04304250366410897,
      "rev_growth_yoy": -0.0039822676384401534,
      "rev_growth_yoy_accel": -0.009800249491615847,
      "op_leverage_ratio": Infinity,
      "fcf_margin_change": -0.27868207918628574
    },
    {
      "date": "2023-09-30T00:00:00",
      "quarter_label": "2023-09 (Q3)",
      "revenue": 90562000,
      "gross_profit": 73709000,
      "operating_income": 38915000,
      "net_income": 24007000,
      "opex": 34794000,
      "cogs": 16853000,
      "rd": 1677000,
      "sga": null,
      "fcf": 49937000,
      "ocf": 59987000,
      "capex": -10050000,
      "gross_margin": 0.813906494997902,
      "op_margin": 0.42970561604204854,
      "fcf_margin": 0.5514122921313576,
      "incr_op_margin_yoy": -0.7267289719626169,
      "rev_growth_yoy": -0.05578029860705647,
      "rev_growth_yoy_accel": -0.051798030968616314,
      "fcf_margin_change": 0.5083697884672486
    },
    {
      "date": "2023-12-31T00:00:00",
      "quarter_label": "2023-12 (Q4)",
      "revenue": 87754000,
      "gross_profit": 71042000,
      "operating_income": 35475000,
      "net_income": 16772000,
      "opex": 35567000,
      "cogs": 16712000,
      "rd": 2381000,
      "sga": null,
      "fcf": -5702000,
      "ocf": 2034000,
      "capex": -7736000,
      "gross_margin": 0.8095585386421131,
      "op_margin": 0.4042550766916608,
      "fcf_margin": -0.0649770950611938,
      "incr_op_margin_yoy": -0.29576144036009,
      "rev_growth_yoy": 0.06469146587076266,
      "rev_growth_yoy_accel": 0.12047176447781913,
      "fcf_margin_change": -0.6163893871925513
    },
    {
      "date": "2024-03-31T00:00:00",
      "quarter_label": "2024-03 (Q1)",
      "revenue": 88146000,
      "gross_profit": 71098000,
      "operating_income": 37667000,
      "net_income": 26370000,
      "opex": 33431000,
      "cogs": 17048000,
      "rd": 1905000,
      "sga": null,
      "fcf": 35766000,
      "ocf": 44689000,
      "capex": -8923000,
      "gross_margin": 0.8065936060626687,
      "op_margin": 0.4273251196877907,
      "fcf_margin": 0.40575862773126403,
      "incr_op_margin_yoy": -1.1094316807738815,
      "rev_growth_yoy": -0.036171189887812455,
      "rev_growth_yoy_accel": -0.10086265575857511,
      "fcf_margin_change": 0.47073572279245784
    },
    {
      "date": "2024-06-30T00:00:00",
      "quarter_label": "2024-06 (Q2)",
      "revenue": 87500000,
      "gross_profit": 70378000,
      "operating_income": 39881000,
      "net_income": 23874000,
      "opex": 30497000,
      "cogs": 17122000,
      "rd": 1643000,
      "sga": null,
      "fcf": 15809000,
      "ocf": 24365000,
      "capex": -8556000,
      "gross_margin": 0.80432,
      "op_margin": 0.45578285714285716,
      "fcf_margin": 0.1806742857142857,
      "incr_op_margin_yoy": -0.19633408919123205,
      "rev_growth_yoy": -0.057030778515389256,
      "rev_growth_yoy_accel": -0.0208595886275768,
      "fcf_margin_change": -0.22508434201697833
    },
    {
      "date": "2024-09-30T00:00:00",
      "quarter_label": "2024-09 (Q3)",
      "revenue": 87753000,
      "gross_profit": 70095000,
      "operating_income": 38425000,
      "net_income": 21120000,
      "opex": 31670000,
      "cogs": 17658000,
      "rd": 2034000,
      "sga": null,
      "fcf": 33586000,
      "ocf": 41567000,
      "capex": -7981000,
      "gross_margin": 0.7987761102184541,
      "op_margin": 0.43787676774583206,
      "fcf_margin": 0.3827333538454526,
      "incr_op_margin_yoy": 0.17443930224279103,
      "rev_growth_yoy": -0.031017424526843487,
      "rev_growth_yoy_accel": 0.02601335398854577,
      "fcf_margin_change": 0.2020590681311669
    },
    {
      "date": "2024-12-31T00:00:00",
      "quarter_label": "2024-12 (Q4)",
      "revenue": 86983000,
      "gross_profit": 69123000,
      "operating_income": 33427000,
      "net_income": 18071000,
      "opex": 35696000,
      "cogs": 17860000,
      "rd": 2101000,
      "sga": null,
      "fcf": 3146000,
      "ocf": 11126000,
      "capex": -7980000,
      "gross_margin": 0.7946725222169849,
      "op_margin": 0.3842934826345378,
      "fcf_margin": 0.036167986848004784,
      "rev_growth_yoy": -0.008785924288351529,
      "rev_growth_yoy_accel": 0.022231500238491957,
      "fcf_margin_change": -0.34656536699744783
    },
    {
      "date": "2025-03-31T00:00:00",
      "quarter_label": "2025-03 (Q1)",
      "revenue": 87138000,
      "gross_profit": 69068000,
      "operating_income": 37497000,
      "net_income": 21152000,
      "opex": 31571000,
      "cogs": 18070000,
      "rd": 1712000,
      "sga": null,
      "fcf": 33747000,
      "ocf": 40943000,
      "capex": -7196000,
      "gross_margin": 0.7926277858110125,
      "op_margin": 0.4303174275287475,
      "fcf_margin": 0.38728224196102734,
      "incr_op_margin_yoy": 0.16865079365079366,
      "rev_growth_yoy": -0.01143557279967327,
      "rev_growth_yoy_accel": -0.002649648511321741,
      "fcf_margin_change": 0.3511142551130226
    },
    {
      "date": "2025-06-30T00:00:00",
      "quarter_label": "2025-06 (Q2)",
      "revenue": 87721000,
      "gross_profit": 70097000,
      "operating_income": 39049000,
      "net_income": 20781000,
      "opex": 31048000,
      "cogs": 17624000,
      "rd": 1744000,
      "sga": null,
      "fcf": 20345000,
      "ocf": 28299000,
      "capex": -7954000,
      "gross_margin": 0.7990902976482256,
      "op_margin": 0.4451499640906966,
      "fcf_margin": 0.2319285005870886,
      "rev_growth_yoy": 0.0025257142857142856,
      "rev_growth_yoy_accel": 0.013961287085387556,
      "fcf_margin_change": -0.15535374137393873
    },
    {
      "date": "2025-09-30T00:00:00",
      "quarter_label": "2025-09 (Q3)",
      "revenue": 87767000,
      "gross_profit": 70247000,
      "operating_income": 37930000,
      "net_income": 22091000,
      "opex": 32317000,
      "cogs": 17520000,
      "rd": 1950000,
      "sga": null,
      "fcf": 44441000,
      "ocf": 51626000,
      "capex": -7185000,
      "gross_margin": 0.8003805530552486,
      "op_margin": 0.4321669875921474,
      "fcf_margin": 0.506352045757517,
      "rev_growth_yoy": 0.00015953870522945085,
      "rev_growth_yoy_accel": -0.002366175580484835,
      "fcf_margin_change": 0.27442354517042844
    }
  ],
  "signals": [
    {
      "quarter": "2025-09 (Q3)",
      "signal": "FCF MARGIN EXPANSION",
      "detail": "FCF margin: +23.2% -> +50.6% (+27.4%)",
      "severity": "MEDIUM"
    },
    {
      "quarter": "2025-03 (Q1)",
      "signal": "FCF MARGIN EXPANSION",
      "detail": "FCF margin: +3.6% -> +38.7% (+35.1%)",
      "severity": "MEDIUM"
    },
    {
      "quarter": "2024-09 (Q3)",
      "signal": "FCF MARGIN EXPANSION",
      "detail": "FCF margin: +18.1% -> +38.3% (+20.2%)",
      "severity": "MEDIUM"
    },
    {
      "quarter": "2024-03 (Q1)",
      "signal": "FCF TURNED POSITIVE",
      "detail": "FCF margin: -6.5% -> +40.6%",
      "severity": "HIGH"
    },
    {
      "quarter": "2024-03 (Q1)",
      "signal": "YoY REVENUE GROWTH DECELERATION",
      "detail": "YoY growth: -3.6% vs prior quarter YoY: +6.5% (decel: -10.1%)",
      "severity": "WARNING"
    },
    {
      "quarter": "2023-12 (Q4)",
      "signal": "YoY REVENUE GROWTH ACCELERATION",
      "detail": "YoY growth: +6.5% vs prior quarter YoY: -5.6% (accel: +12.0%)",
      "severity": "MEDIUM"
    },
    {
      "quarter": "2023-09 (Q3)",
      "signal": "FCF MARGIN EXPANSION",
      "detail": "FCF margin: +4.3% -> +55.1% (+50.8%)",
      "severity": "MEDIUM"
    },
    {
      "quarter": "2023-09 (Q3)",
      "signal": "YoY REVENUE GROWTH DECELERATION",
      "detail": "YoY growth: -5.6% vs prior quarter YoY: -0.4% (decel: -5.2%)",
      "severity": "WARNING"
    },
    {
      "quarter": "2023-03 (Q1)",
      "signal": "FCF TURNED POSITIVE",
      "detail": "FCF margin: -18.3% -> +32.2%",
      "severity": "HIGH"
    },
    {
      "quarter": "2022-12 (Q4)",
      "signal": "OP MARGIN TURNED POSITIVE (YoY)",
      "detail": "Op margin: -18.2% (year-ago) -> +45.0%",
      "severity": "HIGH"
    },
    {
      "quarter": "2022-09 (Q3)",
      "signal": "FCF TURNED POSITIVE",
      "detail": "FCF margin: -4.9% -> +31.0%",
      "severity": "HIGH"
    },
    {
      "quarter": "2022-09 (Q3)",
      "signal": "YoY REVENUE GROWTH DECELERATION",
      "detail": "YoY growth: -47.3% vs prior quarter YoY: +6.1% (decel: -53.4%)",
      "severity": "WARNING"
    },
    {
      "quarter": "2022-03 (Q1)",
      "signal": "FCF TURNED POSITIVE",
      "detail": "FCF margin: -18.5% -> +47.3%",
      "severity": "HIGH"
    },
    {
      "quarter": "2022-03 (Q1)",
      "signal": "GROSS MARGIN INFLECTION",
      "detail": "GM: +77.6% -> +67.2% -> +83.4% (reversal +16.2%)",
      "severity": "HIGH"
    },
    {
      "quarter": "2022-03 (Q1)",
      "signal": "OP MARGIN TURNED POSITIVE (QoQ)",
      "detail": "Op margin: -18.2% -> +42.7%",
      "severity": "HIGH"
    },
    {
      "quarter": "2021-03 (Q1)",
      "signal": "FCF TURNED POSITIVE",
      "detail": "FCF margin: -42.6% -> +60.6%",
      "severity": "HIGH"
    },
    {
      "quarter": "2021-03 (Q1)",
      "signal": "OP MARGIN TURNED POSITIVE (QoQ)",
      "detail": "Op margin: -9.3% -> +59.7%",
      "severity": "HIGH"
    }
  ],
  "data_quality": {
    "n_quarters": 20,
    "coverage": {
      "revenue": [
        20,
        20
      ],
      "gross_profit": [
        20,
        20
      ],
      "op_income": [
        20,
        20
      ],
      "fcf": [
        20,
        20
      ]
    },
    "gaps": [],
    "warnings": []
  },
  "market_cap": null,
  "source": "SEC EDGAR",
  "last_updated": "2026-02-02T22:33:28.898811",
  "sector": "Technology",
  "industry": "Software - Infrastructure"
}