{
  "ticker": "CDE",
  "name": "Coeur Mining, Inc.",
  "quarters": [
    {
      "date": "2020-12-31T00:00:00",
      "quarter_label": "2020-12 (Q4)",
      "revenue": 228317000,
      "gross_profit": 74553000,
      "operating_income": null,
      "net_income": 11880000,
      "opex": 189170000,
      "cogs": null,
      "rd": null,
      "sga": null,
      "fcf": 67289000,
      "ocf": 67289000,
      "capex": null,
      "gross_margin": 0.3265328468751779,
      "op_margin": null,
      "fcf_margin": 0.29471743234187553
    },
    {
      "date": "2021-03-31T00:00:00",
      "quarter_label": "2021-03 (Q1)",
      "revenue": 202117000,
      "gross_profit": null,
      "operating_income": null,
      "net_income": 2060000,
      "opex": 173016000,
      "cogs": null,
      "rd": null,
      "sga": null,
      "fcf": -4359000,
      "ocf": -4359000,
      "capex": null,
      "gross_margin": null,
      "op_margin": null,
      "fcf_margin": -0.021566716307881078,
      "fcf_margin_change": -0.3162841486497566
    },
    {
      "date": "2021-06-30T00:00:00",
      "quarter_label": "2021-06 (Q2)",
      "revenue": 214858000,
      "gross_profit": null,
      "operating_income": null,
      "net_income": 32146000,
      "opex": 200219000,
      "cogs": null,
      "rd": null,
      "sga": null,
      "fcf": 58059000,
      "ocf": 58059000,
      "capex": null,
      "gross_margin": null,
      "op_margin": null,
      "fcf_margin": 0.2702203315678262,
      "op_leverage_ratio": 0.4009314623109417,
      "fcf_margin_change": 0.2917870478757073
    },
    {
      "date": "2021-09-30T00:00:00",
      "quarter_label": "2021-09 (Q3)",
      "revenue": 207969000,
      "gross_profit": null,
      "operating_income": null,
      "net_income": -54768000,
      "opex": 199942000,
      "cogs": null,
      "rd": null,
      "sga": null,
      "fcf": 21846000,
      "ocf": 21846000,
      "capex": null,
      "gross_margin": null,
      "op_margin": null,
      "fcf_margin": 0.10504450182479119,
      "fcf_margin_change": -0.16517582974303502
    },
    {
      "date": "2021-12-31T00:00:00",
      "quarter_label": "2021-12 (Q4)",
      "revenue": 207884000,
      "gross_profit": null,
      "operating_income": null,
      "net_income": -10760000,
      "opex": 206923000,
      "cogs": null,
      "rd": null,
      "sga": null,
      "fcf": 34936000,
      "ocf": 34936000,
      "capex": null,
      "gross_margin": null,
      "op_margin": null,
      "fcf_margin": 0.16805526158819342,
      "rev_growth_yoy": -0.0894939930009592,
      "fcf_margin_change": 0.06301075976340223
    },
    {
      "date": "2022-03-31T00:00:00",
      "quarter_label": "2022-03 (Q1)",
      "revenue": 188404000,
      "gross_profit": null,
      "operating_income": null,
      "net_income": 7682000,
      "opex": 186802000,
      "cogs": null,
      "rd": null,
      "sga": null,
      "fcf": -6427000,
      "ocf": -6427000,
      "capex": null,
      "gross_margin": null,
      "op_margin": null,
      "fcf_margin": -0.03411286384577822,
      "rev_growth_yoy": -0.06784684118604571,
      "rev_growth_yoy_accel": 0.021647151814913487,
      "fcf_margin_change": -0.20216812543397164
    },
    {
      "date": "2022-06-30T00:00:00",
      "quarter_label": "2022-06 (Q2)",
      "revenue": 204123000,
      "gross_profit": null,
      "operating_income": null,
      "net_income": -77434000,
      "opex": 202388000,
      "cogs": null,
      "rd": null,
      "sga": null,
      "fcf": 22644000,
      "ocf": 22644000,
      "capex": null,
      "gross_margin": null,
      "op_margin": null,
      "fcf_margin": 0.11093311385782102,
      "rev_growth_yoy": -0.04996323152966145,
      "rev_growth_yoy_accel": 0.01788360965638426,
      "op_leverage_ratio": 0.9999577362540267,
      "fcf_margin_change": 0.14504597770359923
    },
    {
      "date": "2022-09-30T00:00:00",
      "quarter_label": "2022-09 (Q3)",
      "revenue": 182993000,
      "gross_profit": null,
      "operating_income": null,
      "net_income": -57444000,
      "opex": 219708000,
      "cogs": null,
      "rd": null,
      "sga": null,
      "fcf": -19117000,
      "ocf": -19117000,
      "capex": null,
      "gross_margin": null,
      "op_margin": null,
      "fcf_margin": -0.10446847693627626,
      "rev_growth_yoy": -0.12009482182440652,
      "rev_growth_yoy_accel": -0.07013159029474507,
      "fcf_margin_change": -0.21540159079409726
    },
    {
      "date": "2022-12-31T00:00:00",
      "quarter_label": "2022-12 (Q4)",
      "revenue": 210116000,
      "gross_profit": null,
      "operating_income": null,
      "net_income": 49089000,
      "opex": 216629000,
      "cogs": null,
      "rd": null,
      "sga": null,
      "fcf": 28516000,
      "ocf": 28516000,
      "capex": null,
      "gross_margin": null,
      "op_margin": null,
      "fcf_margin": 0.1357155095280702,
      "rev_growth_yoy": 0.01073675703757865,
      "rev_growth_yoy_accel": 0.13083157886198518,
      "op_leverage_ratio": Infinity,
      "fcf_margin_change": 0.24018398646434647
    },
    {
      "date": "2023-03-31T00:00:00",
      "quarter_label": "2023-03 (Q1)",
      "revenue": 187298000,
      "gross_profit": null,
      "operating_income": null,
      "net_income": -24586000,
      "opex": 203387000,
      "cogs": null,
      "rd": null,
      "sga": null,
      "fcf": -35003000,
      "ocf": -35003000,
      "capex": null,
      "gross_margin": null,
      "op_margin": null,
      "fcf_margin": -0.18688400303260044,
      "rev_growth_yoy": -0.005870363686545933,
      "rev_growth_yoy_accel": -0.016607120724124583,
      "fcf_margin_change": -0.32259951256067065
    },
    {
      "date": "2023-06-30T00:00:00",
      "quarter_label": "2023-06 (Q2)",
      "revenue": 177235000,
      "gross_profit": null,
      "operating_income": null,
      "net_income": -32412000,
      "opex": 181989000,
      "cogs": null,
      "rd": null,
      "sga": null,
      "fcf": 39397000,
      "ocf": 39397000,
      "capex": null,
      "gross_margin": null,
      "op_margin": null,
      "fcf_margin": 0.22228679436905804,
      "rev_growth_yoy": -0.13172449944396272,
      "rev_growth_yoy_accel": -0.1258541357574168,
      "fcf_margin_change": 0.4091707974016585
    },
    {
      "date": "2023-09-30T00:00:00",
      "quarter_label": "2023-09 (Q3)",
      "revenue": 194583000,
      "gross_profit": null,
      "operating_income": null,
      "net_income": -21109000,
      "opex": 201416000,
      "cogs": null,
      "rd": null,
      "sga": null,
      "fcf": -2383000,
      "ocf": -2383000,
      "capex": null,
      "gross_margin": null,
      "op_margin": null,
      "fcf_margin": -0.012246701921545047,
      "rev_growth_yoy": 0.06333575601252507,
      "rev_growth_yoy_accel": 0.1950602554564878,
      "op_leverage_ratio": 0.9169366299105883,
      "fcf_margin_change": -0.2345334962906031
    },
    {
      "date": "2023-12-31T00:00:00",
      "quarter_label": "2023-12 (Q4)",
      "revenue": 262090000,
      "gross_profit": null,
      "operating_income": null,
      "net_income": -25505000,
      "opex": 273129000,
      "cogs": null,
      "rd": null,
      "sga": null,
      "fcf": 65277000,
      "ocf": 65277000,
      "capex": null,
      "gross_margin": null,
      "op_margin": null,
      "fcf_margin": 0.24906329886680148,
      "rev_growth_yoy": 0.2473586019151326,
      "rev_growth_yoy_accel": 0.18402284590260753,
      "op_leverage_ratio": 0.9744060898370781,
      "fcf_margin_change": 0.26131000078834654
    },
    {
      "date": "2024-03-31T00:00:00",
      "quarter_label": "2024-03 (Q1)",
      "revenue": 213060000,
      "gross_profit": null,
      "operating_income": -3357000,
      "net_income": -29117000,
      "opex": 216417000,
      "cogs": null,
      "rd": null,
      "sga": null,
      "fcf": -15871000,
      "ocf": -15871000,
      "capex": null,
      "gross_margin": null,
      "op_margin": -0.01575612503520135,
      "fcf_margin": -0.07449075377827842,
      "rev_growth_yoy": 0.1375455157022499,
      "rev_growth_yoy_accel": -0.10981308621288269,
      "fcf_margin_change": -0.3235540526450799
    },
    {
      "date": "2024-06-30T00:00:00",
      "quarter_label": "2024-06 (Q2)",
      "revenue": 222026000,
      "gross_profit": null,
      "operating_income": 16676000,
      "net_income": 1426000,
      "opex": 205350000,
      "cogs": null,
      "rd": null,
      "sga": null,
      "fcf": 15249000,
      "ocf": 15249000,
      "capex": null,
      "gross_margin": null,
      "op_margin": 0.07510832064713141,
      "fcf_margin": 0.06868114545143361,
      "rev_growth_yoy": 0.252720963692273,
      "rev_growth_yoy_accel": 0.11517544799002308,
      "op_leverage_ratio": Infinity,
      "fcf_margin_change": 0.14317189922971202
    },
    {
      "date": "2024-09-30T00:00:00",
      "quarter_label": "2024-09 (Q3)",
      "revenue": 313476000,
      "gross_profit": null,
      "operating_income": 84402000,
      "net_income": 48739000,
      "opex": 229074000,
      "cogs": null,
      "rd": null,
      "sga": null,
      "fcf": 111063000,
      "ocf": 111063000,
      "capex": null,
      "gross_margin": null,
      "op_margin": 0.26924549247789303,
      "fcf_margin": 0.3542950656509589,
      "rev_growth_yoy": 0.6110143229367416,
      "rev_growth_yoy_accel": 0.35829335924446865,
      "op_leverage_ratio": 3.5652227312771805,
      "fcf_margin_change": 0.2856139201995253
    },
    {
      "date": "2024-12-31T00:00:00",
      "quarter_label": "2024-12 (Q4)",
      "revenue": 305444000,
      "gross_profit": null,
      "operating_income": 66461000,
      "net_income": 37852000,
      "opex": 238983000,
      "cogs": null,
      "rd": null,
      "sga": null,
      "fcf": 63793000,
      "ocf": 63793000,
      "capex": null,
      "gross_margin": null,
      "op_margin": 0.21758816673432774,
      "fcf_margin": 0.20885334136535666,
      "rev_growth_yoy": 0.16541645999465832,
      "rev_growth_yoy_accel": -0.4455978629420833,
      "fcf_margin_change": -0.14544172428560226
    },
    {
      "date": "2025-03-31T00:00:00",
      "quarter_label": "2025-03 (Q1)",
      "revenue": 360062000,
      "gross_profit": null,
      "operating_income": 62156000,
      "net_income": 33353000,
      "opex": 297906000,
      "cogs": null,
      "rd": null,
      "sga": null,
      "fcf": 67635000,
      "ocf": 67635000,
      "capex": null,
      "gross_margin": null,
      "op_margin": 0.172625825552266,
      "fcf_margin": 0.18784264932150574,
      "incr_op_margin_yoy": 0.44566060325709855,
      "rev_growth_yoy": 0.689955880972496,
      "rev_growth_yoy_accel": 0.5245394209778378,
      "op_leverage_ratio": 0.7252476878180759,
      "fcf_margin_change": -0.02101069204385092
    },
    {
      "date": "2025-06-30T00:00:00",
      "quarter_label": "2025-06 (Q2)",
      "revenue": 480650000,
      "gross_profit": null,
      "operating_income": 140108000,
      "net_income": 70726000,
      "opex": 340542000,
      "cogs": null,
      "rd": null,
      "sga": null,
      "fcf": 206951000,
      "ocf": 206951000,
      "capex": null,
      "gross_margin": null,
      "op_margin": 0.29149693123894727,
      "fcf_margin": 0.43056486008530115,
      "incr_op_margin_yoy": 0.47726429101707496,
      "rev_growth_yoy": 1.1648365506742453,
      "rev_growth_yoy_accel": 0.47488066970174925,
      "op_leverage_ratio": 2.340074044195125,
      "fcf_margin_change": 0.2427222107637954
    },
    {
      "date": "2025-09-30T00:00:00",
      "quarter_label": "2025-09 (Q3)",
      "revenue": 554567000,
      "gross_profit": null,
      "operating_income": 177087000,
      "net_income": 266824000,
      "opex": 377480000,
      "cogs": null,
      "rd": null,
      "sga": null,
      "fcf": 237706000,
      "ocf": 237706000,
      "capex": null,
      "gross_margin": null,
      "op_margin": 0.31932480656079426,
      "fcf_margin": 0.4286335104685277,
      "incr_op_margin_yoy": 0.3844399002866138,
      "rev_growth_yoy": 0.7690891806709286,
      "rev_growth_yoy_accel": -0.3957473700033167,
      "op_leverage_ratio": 1.4177925532950006,
      "fcf_margin_change": -0.0019313496167734368
    }
  ],
  "signals": [
    {
      "quarter": "2025-09 (Q3)",
      "signal": "YoY REVENUE GROWTH DECELERATION",
      "detail": "YoY growth: +76.9% vs prior quarter YoY: +116.5% (decel: -39.6%)",
      "severity": "WARNING"
    },
    {
      "quarter": "2025-09 (Q3)",
      "signal": "INCREMENTAL MARGIN (YoY)",
      "detail": "YoY Incr OPM: +38.4% vs year-ago OPM: +26.9%",
      "severity": "MEDIUM"
    },
    {
      "quarter": "2025-06 (Q2)",
      "signal": "FCF MARGIN EXPANSION",
      "detail": "FCF margin: +18.8% -> +43.1% (+24.3%)",
      "severity": "MEDIUM"
    },
    {
      "quarter": "2025-06 (Q2)",
      "signal": "OPERATING LEVERAGE",
      "detail": "Rev growth +33.5% vs OpEx growth +14.3% (leverage: 2.3x)",
      "severity": "MEDIUM"
    },
    {
      "quarter": "2025-06 (Q2)",
      "signal": "YoY REVENUE GROWTH ACCELERATION",
      "detail": "YoY growth: +116.5% vs prior quarter YoY: +69.0% (accel: +47.5%)",
      "severity": "HIGH"
    },
    {
      "quarter": "2025-06 (Q2)",
      "signal": "INCREMENTAL MARGIN (YoY)",
      "detail": "YoY Incr OPM: +47.7% vs year-ago OPM: +7.5%",
      "severity": "HIGH"
    },
    {
      "quarter": "2025-03 (Q1)",
      "signal": "YoY REVENUE GROWTH ACCELERATION",
      "detail": "YoY growth: +69.0% vs prior quarter YoY: +16.5% (accel: +52.5%)",
      "severity": "HIGH"
    },
    {
      "quarter": "2025-03 (Q1)",
      "signal": "OP MARGIN TURNED POSITIVE (YoY)",
      "detail": "Op margin: -1.6% (year-ago) -> +17.3%",
      "severity": "HIGH"
    },
    {
      "quarter": "2024-12 (Q4)",
      "signal": "YoY REVENUE GROWTH DECELERATION",
      "detail": "YoY growth: +16.5% vs prior quarter YoY: +61.1% (decel: -44.6%)",
      "severity": "WARNING"
    },
    {
      "quarter": "2024-09 (Q3)",
      "signal": "FCF MARGIN EXPANSION",
      "detail": "FCF margin: +6.9% -> +35.4% (+28.6%)",
      "severity": "MEDIUM"
    },
    {
      "quarter": "2024-09 (Q3)",
      "signal": "OPERATING LEVERAGE",
      "detail": "Rev growth +41.2% vs OpEx growth +11.6% (leverage: 3.6x)",
      "severity": "MEDIUM"
    },
    {
      "quarter": "2024-09 (Q3)",
      "signal": "YoY REVENUE GROWTH ACCELERATION",
      "detail": "YoY growth: +61.1% vs prior quarter YoY: +25.3% (accel: +35.8%)",
      "severity": "HIGH"
    },
    {
      "quarter": "2024-06 (Q2)",
      "signal": "FCF TURNED POSITIVE",
      "detail": "FCF margin: -7.4% -> +6.9%",
      "severity": "HIGH"
    },
    {
      "quarter": "2024-06 (Q2)",
      "signal": "YoY REVENUE GROWTH ACCELERATION",
      "detail": "YoY growth: +25.3% vs prior quarter YoY: +13.8% (accel: +11.5%)",
      "severity": "MEDIUM"
    },
    {
      "quarter": "2024-06 (Q2)",
      "signal": "OP MARGIN TURNED POSITIVE (QoQ)",
      "detail": "Op margin: -1.6% -> +7.5%",
      "severity": "HIGH"
    },
    {
      "quarter": "2024-03 (Q1)",
      "signal": "YoY REVENUE GROWTH DECELERATION",
      "detail": "YoY growth: +13.8% vs prior quarter YoY: +24.7% (decel: -11.0%)",
      "severity": "WARNING"
    },
    {
      "quarter": "2023-12 (Q4)",
      "signal": "FCF TURNED POSITIVE",
      "detail": "FCF margin: -1.2% -> +24.9%",
      "severity": "HIGH"
    },
    {
      "quarter": "2023-12 (Q4)",
      "signal": "YoY REVENUE GROWTH ACCELERATION",
      "detail": "YoY growth: +24.7% vs prior quarter YoY: +6.3% (accel: +18.4%)",
      "severity": "HIGH"
    },
    {
      "quarter": "2023-09 (Q3)",
      "signal": "YoY REVENUE GROWTH ACCELERATION",
      "detail": "YoY growth: +6.3% vs prior quarter YoY: -13.2% (accel: +19.5%)",
      "severity": "HIGH"
    },
    {
      "quarter": "2023-06 (Q2)",
      "signal": "FCF TURNED POSITIVE",
      "detail": "FCF margin: -18.7% -> +22.2%",
      "severity": "HIGH"
    },
    {
      "quarter": "2023-06 (Q2)",
      "signal": "YoY REVENUE GROWTH DECELERATION",
      "detail": "YoY growth: -13.2% vs prior quarter YoY: -0.6% (decel: -12.6%)",
      "severity": "WARNING"
    },
    {
      "quarter": "2022-12 (Q4)",
      "signal": "FCF TURNED POSITIVE",
      "detail": "FCF margin: -10.4% -> +13.6%",
      "severity": "HIGH"
    },
    {
      "quarter": "2022-12 (Q4)",
      "signal": "YoY REVENUE GROWTH ACCELERATION",
      "detail": "YoY growth: +1.1% vs prior quarter YoY: -12.0% (accel: +13.1%)",
      "severity": "MEDIUM"
    },
    {
      "quarter": "2022-09 (Q3)",
      "signal": "YoY REVENUE GROWTH DECELERATION",
      "detail": "YoY growth: -12.0% vs prior quarter YoY: -5.0% (decel: -7.0%)",
      "severity": "WARNING"
    },
    {
      "quarter": "2022-06 (Q2)",
      "signal": "FCF TURNED POSITIVE",
      "detail": "FCF margin: -3.4% -> +11.1%",
      "severity": "HIGH"
    },
    {
      "quarter": "2021-12 (Q4)",
      "signal": "FCF MARGIN EXPANSION",
      "detail": "FCF margin: +10.5% -> +16.8% (+6.3%)",
      "severity": "MEDIUM"
    },
    {
      "quarter": "2021-06 (Q2)",
      "signal": "FCF TURNED POSITIVE",
      "detail": "FCF margin: -2.2% -> +27.0%",
      "severity": "HIGH"
    }
  ],
  "data_quality": {
    "n_quarters": 20,
    "coverage": {
      "revenue": [
        20,
        20
      ],
      "gross_profit": [
        1,
        20
      ],
      "op_income": [
        7,
        20
      ],
      "fcf": [
        20,
        20
      ]
    },
    "gaps": [],
    "warnings": [
      "gross_profit: 1/20Q",
      "op_income: 7/20Q"
    ]
  },
  "market_cap": null,
  "source": "SEC EDGAR",
  "last_updated": "2026-02-02T20:23:32.470391",
  "sector": "Basic Materials",
  "industry": "Gold"
}