{
  "ticker": "CDLX",
  "name": "CARDLYTICS,\u00a0INC.",
  "quarters": [
    {
      "date": "2020-12-31T00:00:00",
      "quarter_label": "2020-12 (Q4)",
      "revenue": 67082000,
      "gross_profit": null,
      "operating_income": -6117000,
      "net_income": -6777000,
      "opex": 73199000,
      "cogs": null,
      "rd": 5088000,
      "sga": null,
      "fcf": 2899000,
      "ocf": 5616000,
      "capex": -2717000,
      "gross_margin": null,
      "op_margin": -0.09118690557824752,
      "fcf_margin": 0.043215765779195614
    },
    {
      "date": "2021-03-31T00:00:00",
      "quarter_label": "2021-03 (Q1)",
      "revenue": 53230000,
      "gross_profit": null,
      "operating_income": -22169000,
      "net_income": -24895000,
      "opex": 75399000,
      "cogs": null,
      "rd": 6218000,
      "sga": null,
      "fcf": -13909000,
      "ocf": -12532000,
      "capex": -1377000,
      "gross_margin": null,
      "op_margin": -0.41647567161375165,
      "fcf_margin": -0.26130001878639864,
      "fcf_margin_change": -0.30451578456559425
    },
    {
      "date": "2021-06-30T00:00:00",
      "quarter_label": "2021-06 (Q2)",
      "revenue": 58853000,
      "gross_profit": null,
      "operating_income": -42748000,
      "net_income": -47306000,
      "opex": 101601000,
      "cogs": null,
      "rd": 8934000,
      "sga": null,
      "fcf": -15391000,
      "ocf": -14978000,
      "capex": -413000,
      "gross_margin": null,
      "op_margin": -0.7263520975991028,
      "fcf_margin": -0.2615159804937726,
      "op_leverage_ratio": 0.3039784253676866,
      "fcf_margin_change": -0.00021596170737397946
    },
    {
      "date": "2021-09-30T00:00:00",
      "quarter_label": "2021-09 (Q3)",
      "revenue": 64984000,
      "gross_profit": null,
      "operating_income": -39793000,
      "net_income": -44529000,
      "opex": 104777000,
      "cogs": null,
      "rd": 11141000,
      "sga": null,
      "fcf": -10813000,
      "ocf": -10458000,
      "capex": -355000,
      "gross_margin": null,
      "op_margin": -0.6123507324879971,
      "fcf_margin": -0.16639480487504615,
      "op_leverage_ratio": 3.33257704986779,
      "fcf_margin_change": 0.09512117561872646
    },
    {
      "date": "2021-12-31T00:00:00",
      "quarter_label": "2021-12 (Q4)",
      "revenue": 90049000,
      "gross_profit": null,
      "operating_income": -16409000,
      "net_income": -11835000,
      "opex": 106458000,
      "cogs": null,
      "rd": 11811000,
      "sga": null,
      "fcf": -1518000,
      "ocf": -555000,
      "capex": -963000,
      "gross_margin": null,
      "op_margin": -0.18222301191573476,
      "fcf_margin": -0.01685748870059634,
      "incr_op_margin_yoy": -0.44812121739887667,
      "rev_growth_yoy": 0.3423720223010644,
      "op_leverage_ratio": 24.041386739923645,
      "fcf_margin_change": 0.14953731617444982
    },
    {
      "date": "2022-03-31T00:00:00",
      "quarter_label": "2022-03 (Q1)",
      "revenue": 67928000,
      "gross_profit": null,
      "operating_income": 35656000,
      "net_income": 33038000,
      "opex": 32272000,
      "cogs": null,
      "rd": 12291000,
      "sga": null,
      "fcf": -20088000,
      "ocf": -19691000,
      "capex": -397000,
      "gross_margin": null,
      "op_margin": 0.5249087268872924,
      "fcf_margin": -0.29572488517253565,
      "incr_op_margin_yoy": 3.934208735882433,
      "rev_growth_yoy": 0.27612248731918093,
      "rev_growth_yoy_accel": -0.06624953498188346,
      "fcf_margin_change": -0.2788673964719393
    },
    {
      "date": "2022-06-30T00:00:00",
      "quarter_label": "2022-06 (Q2)",
      "revenue": 75405000,
      "gross_profit": null,
      "operating_income": -122319000,
      "net_income": -126290000,
      "opex": 197724000,
      "cogs": null,
      "rd": 13581000,
      "sga": null,
      "fcf": -7170000,
      "ocf": -6678000,
      "capex": -492000,
      "gross_margin": null,
      "op_margin": -1.6221603341953452,
      "fcf_margin": -0.09508653272329422,
      "incr_op_margin_yoy": -4.807334461092315,
      "rev_growth_yoy": 0.28124309720829865,
      "rev_growth_yoy_accel": 0.005120609889117722,
      "op_leverage_ratio": 0.021470018186928622,
      "fcf_margin_change": 0.20063835244924144
    },
    {
      "date": "2022-09-30T00:00:00",
      "quarter_label": "2022-09 (Q3)",
      "revenue": 72706000,
      "gross_profit": null,
      "operating_income": 11520000,
      "net_income": 6267000,
      "opex": 61186000,
      "cogs": null,
      "rd": 13762000,
      "sga": null,
      "fcf": -14635000,
      "ocf": -14434000,
      "capex": -201000,
      "gross_margin": null,
      "op_margin": 0.15844634555607515,
      "fcf_margin": -0.20129012736225346,
      "incr_op_margin_yoy": 6.645040145040145,
      "rev_growth_yoy": 0.11882925027699126,
      "rev_growth_yoy_accel": -0.1624138469313074,
      "fcf_margin_change": -0.10620359463895925
    },
    {
      "date": "2022-12-31T00:00:00",
      "quarter_label": "2022-12 (Q4)",
      "revenue": 82503000,
      "gross_profit": null,
      "operating_income": -382635000,
      "net_income": -378279000,
      "opex": 465138000,
      "cogs": null,
      "rd": 14801000,
      "sga": null,
      "fcf": -13182000,
      "ocf": -13101000,
      "capex": -81000,
      "gross_margin": null,
      "op_margin": -4.637831351587215,
      "fcf_margin": -0.15977600814515835,
      "incr_op_margin_yoy": 48.532467532467535,
      "rev_growth_yoy": -0.08379882064209486,
      "rev_growth_yoy_accel": -0.20262807091908613,
      "op_leverage_ratio": 0.02041010108277006,
      "fcf_margin_change": 0.04151411921709511
    },
    {
      "date": "2023-03-31T00:00:00",
      "quarter_label": "2023-03 (Q1)",
      "revenue": 64331000,
      "gross_profit": null,
      "operating_income": 12227000,
      "net_income": 13608000,
      "opex": 52104000,
      "cogs": null,
      "rd": 11564000,
      "sga": null,
      "fcf": -10424000,
      "ocf": -10064000,
      "capex": -360000,
      "gross_margin": null,
      "op_margin": 0.1900638883275559,
      "fcf_margin": -0.16203696507127202,
      "incr_op_margin_yoy": 6.5134834584375865,
      "rev_growth_yoy": -0.052953126840183724,
      "rev_growth_yoy_accel": 0.030845693801911135,
      "fcf_margin_change": -0.0022609569261136664
    },
    {
      "date": "2023-06-30T00:00:00",
      "quarter_label": "2023-06 (Q2)",
      "revenue": 76701000,
      "gross_profit": null,
      "operating_income": -24323000,
      "net_income": -23508000,
      "opex": 101024000,
      "cogs": null,
      "rd": 14847000,
      "sga": null,
      "fcf": 5769000,
      "ocf": 5751000,
      "capex": 18000,
      "gross_margin": null,
      "op_margin": -0.31711450958918397,
      "fcf_margin": 0.07521414323150936,
      "incr_op_margin_yoy": 75.6141975308642,
      "rev_growth_yoy": 0.017187189178436445,
      "rev_growth_yoy_accel": 0.07014031601862017,
      "op_leverage_ratio": 0.20480191540041157,
      "fcf_margin_change": 0.2372511083027814
    },
    {
      "date": "2023-09-30T00:00:00",
      "quarter_label": "2023-09 (Q3)",
      "revenue": 79005000,
      "gross_profit": null,
      "operating_income": -20652000,
      "net_income": -23966000,
      "opex": 99657000,
      "cogs": null,
      "rd": 12430000,
      "sga": null,
      "fcf": 1143000,
      "ocf": 1194000,
      "capex": -51000,
      "gross_margin": null,
      "op_margin": -0.2614011771406873,
      "fcf_margin": 0.01446743876969812,
      "incr_op_margin_yoy": -5.107477377361486,
      "rev_growth_yoy": 0.08663659120292685,
      "rev_growth_yoy_accel": 0.0694494020244904,
      "op_leverage_ratio": Infinity,
      "fcf_margin_change": -0.06074670446181124
    },
    {
      "date": "2023-12-31T00:00:00",
      "quarter_label": "2023-12 (Q4)",
      "revenue": 89167000,
      "gross_profit": null,
      "operating_income": -102922000,
      "net_income": -100836000,
      "opex": 192089000,
      "cogs": null,
      "rd": 12511000,
      "sga": null,
      "fcf": 2660000,
      "ocf": 2934000,
      "capex": -274000,
      "gross_margin": null,
      "op_margin": -1.1542611055659604,
      "fcf_margin": 0.02983166418069465,
      "incr_op_margin_yoy": 41.97373949579832,
      "rev_growth_yoy": 0.08077282038228913,
      "rev_growth_yoy_accel": -0.005863770820637729,
      "op_leverage_ratio": 0.1386787991399479,
      "fcf_margin_change": 0.01536422541099653
    },
    {
      "date": "2024-03-31T00:00:00",
      "quarter_label": "2024-03 (Q1)",
      "revenue": 67608000,
      "gross_profit": null,
      "operating_income": -22826000,
      "net_income": -24275000,
      "opex": 90434000,
      "cogs": null,
      "rd": 13048000,
      "sga": null,
      "fcf": -18268000,
      "ocf": -17617000,
      "capex": -651000,
      "gross_margin": null,
      "op_margin": -0.3376227665365046,
      "fcf_margin": -0.2702047095018341,
      "incr_op_margin_yoy": -10.696673787000305,
      "rev_growth_yoy": 0.050939671387045124,
      "rev_growth_yoy_accel": -0.029833148995244002,
      "fcf_margin_change": -0.3000363736825288
    },
    {
      "date": "2024-06-30T00:00:00",
      "quarter_label": "2024-06 (Q2)",
      "revenue": 69636000,
      "gross_profit": null,
      "operating_income": -15812000,
      "net_income": -4257000,
      "opex": 85448000,
      "cogs": null,
      "rd": 13470000,
      "sga": null,
      "fcf": 4148000,
      "ocf": 4429000,
      "capex": -281000,
      "gross_margin": null,
      "op_margin": -0.22706645987707508,
      "fcf_margin": 0.05956689068872422,
      "incr_op_margin_yoy": -1.2046709129511677,
      "rev_growth_yoy": -0.0921109242382759,
      "rev_growth_yoy_accel": -0.14305059562532102,
      "op_leverage_ratio": Infinity,
      "fcf_margin_change": 0.32977160019055834
    },
    {
      "date": "2024-09-30T00:00:00",
      "quarter_label": "2024-09 (Q3)",
      "revenue": 67057000,
      "gross_profit": null,
      "operating_income": -148546000,
      "net_income": -145182000,
      "opex": 215603000,
      "cogs": null,
      "rd": 13194000,
      "sga": null,
      "fcf": 878000,
      "ocf": 1385000,
      "capex": -507000,
      "gross_margin": null,
      "op_margin": -2.2152198875583458,
      "fcf_margin": 0.013093338503064557,
      "incr_op_margin_yoy": 10.70421827920991,
      "rev_growth_yoy": -0.15123093475096513,
      "rev_growth_yoy_accel": -0.05912001051268924,
      "fcf_margin_change": -0.04647355218565966
    },
    {
      "date": "2024-12-31T00:00:00",
      "quarter_label": "2024-12 (Q4)",
      "revenue": 73997000,
      "gross_profit": null,
      "operating_income": -8314000,
      "net_income": -15589000,
      "opex": 82311000,
      "cogs": null,
      "rd": 9895000,
      "sga": null,
      "fcf": 2856000,
      "ocf": 2979000,
      "capex": -123000,
      "gross_margin": null,
      "op_margin": -0.11235590632052651,
      "fcf_margin": 0.03859615930375556,
      "incr_op_margin_yoy": -6.236519446275544,
      "rev_growth_yoy": -0.17013020512072852,
      "rev_growth_yoy_accel": -0.018899270369763382,
      "op_leverage_ratio": Infinity,
      "fcf_margin_change": 0.025502820800691002
    },
    {
      "date": "2025-03-31T00:00:00",
      "quarter_label": "2025-03 (Q1)",
      "revenue": 61898000,
      "gross_profit": null,
      "operating_income": -14079000,
      "net_income": -13282000,
      "opex": 75977000,
      "cogs": null,
      "rd": 11706000,
      "sga": null,
      "fcf": -6825000,
      "ocf": -6706000,
      "capex": -119000,
      "gross_margin": null,
      "op_margin": -0.227454845067692,
      "fcf_margin": -0.11026204400788393,
      "incr_op_margin_yoy": -1.5318739054290718,
      "rev_growth_yoy": -0.08445746065554373,
      "rev_growth_yoy_accel": 0.08567274446518479,
      "fcf_margin_change": -0.1488582033116395
    },
    {
      "date": "2025-06-30T00:00:00",
      "quarter_label": "2025-06 (Q2)",
      "revenue": 63249000,
      "gross_profit": null,
      "operating_income": -12789000,
      "net_income": -9283000,
      "opex": 76038000,
      "cogs": null,
      "rd": 11295000,
      "sga": null,
      "fcf": 903000,
      "ocf": 1225000,
      "capex": -322000,
      "gross_margin": null,
      "op_margin": -0.20220082530949107,
      "fcf_margin": 0.014276905563724327,
      "incr_op_margin_yoy": -0.4733051510881478,
      "rev_growth_yoy": -0.0917198001033948,
      "rev_growth_yoy_accel": -0.007262339447851068,
      "op_leverage_ratio": Infinity,
      "fcf_margin_change": 0.12453894957160826
    },
    {
      "date": "2025-09-30T00:00:00",
      "quarter_label": "2025-09 (Q3)",
      "revenue": 52031000,
      "gross_profit": null,
      "operating_income": -68854000,
      "net_income": -72673000,
      "opex": 120885000,
      "cogs": null,
      "rd": 8799000,
      "sga": null,
      "fcf": 1747000,
      "ocf": 1761000,
      "capex": -14000,
      "gross_margin": null,
      "op_margin": -1.323326478445542,
      "fcf_margin": 0.033576137302761815,
      "incr_op_margin_yoy": -5.303607081059497,
      "rev_growth_yoy": -0.22407802317431438,
      "rev_growth_yoy_accel": -0.1323582230709196,
      "fcf_margin_change": 0.019299231739037487
    }
  ],
  "signals": [
    {
      "quarter": "2025-09 (Q3)",
      "signal": "YoY REVENUE GROWTH DECELERATION",
      "detail": "YoY growth: -22.4% vs prior quarter YoY: -9.2% (decel: -13.2%)",
      "severity": "WARNING"
    },
    {
      "quarter": "2025-06 (Q2)",
      "signal": "FCF TURNED POSITIVE",
      "detail": "FCF margin: -11.0% -> +1.4%",
      "severity": "HIGH"
    },
    {
      "quarter": "2025-06 (Q2)",
      "signal": "OPERATING LEVERAGE",
      "detail": "Rev growth +2.2% vs OpEx growth +0.1% (leverage: 27.2x)",
      "severity": "MEDIUM"
    },
    {
      "quarter": "2025-03 (Q1)",
      "signal": "YoY REVENUE GROWTH ACCELERATION",
      "detail": "YoY growth: -8.4% vs prior quarter YoY: -17.0% (accel: +8.6%)",
      "severity": "MEDIUM"
    },
    {
      "quarter": "2024-09 (Q3)",
      "signal": "YoY REVENUE GROWTH DECELERATION",
      "detail": "YoY growth: -15.1% vs prior quarter YoY: -9.2% (decel: -5.9%)",
      "severity": "WARNING"
    },
    {
      "quarter": "2024-06 (Q2)",
      "signal": "FCF TURNED POSITIVE",
      "detail": "FCF margin: -27.0% -> +6.0%",
      "severity": "HIGH"
    },
    {
      "quarter": "2024-06 (Q2)",
      "signal": "YoY REVENUE GROWTH DECELERATION",
      "detail": "YoY growth: -9.2% vs prior quarter YoY: +5.1% (decel: -14.3%)",
      "severity": "WARNING"
    },
    {
      "quarter": "2023-09 (Q3)",
      "signal": "YoY REVENUE GROWTH ACCELERATION",
      "detail": "YoY growth: +8.7% vs prior quarter YoY: +1.7% (accel: +6.9%)",
      "severity": "MEDIUM"
    },
    {
      "quarter": "2023-06 (Q2)",
      "signal": "FCF TURNED POSITIVE",
      "detail": "FCF margin: -16.2% -> +7.5%",
      "severity": "HIGH"
    },
    {
      "quarter": "2023-06 (Q2)",
      "signal": "YoY REVENUE GROWTH ACCELERATION",
      "detail": "YoY growth: +1.7% vs prior quarter YoY: -5.3% (accel: +7.0%)",
      "severity": "MEDIUM"
    },
    {
      "quarter": "2023-03 (Q1)",
      "signal": "INCREMENTAL MARGIN (YoY)",
      "detail": "YoY Incr OPM: +651.3% vs year-ago OPM: +52.5%",
      "severity": "HIGH"
    },
    {
      "quarter": "2023-03 (Q1)",
      "signal": "OP MARGIN TURNED POSITIVE (QoQ)",
      "detail": "Op margin: -463.8% -> +19.0%",
      "severity": "HIGH"
    },
    {
      "quarter": "2022-12 (Q4)",
      "signal": "YoY REVENUE GROWTH DECELERATION",
      "detail": "YoY growth: -8.4% vs prior quarter YoY: +11.9% (decel: -20.3%)",
      "severity": "WARNING"
    },
    {
      "quarter": "2022-09 (Q3)",
      "signal": "YoY REVENUE GROWTH DECELERATION",
      "detail": "YoY growth: +11.9% vs prior quarter YoY: +28.1% (decel: -16.2%)",
      "severity": "WARNING"
    },
    {
      "quarter": "2022-09 (Q3)",
      "signal": "OP MARGIN TURNED POSITIVE (YoY)",
      "detail": "Op margin: -61.2% (year-ago) -> +15.8%",
      "severity": "HIGH"
    },
    {
      "quarter": "2022-09 (Q3)",
      "signal": "OP MARGIN TURNED POSITIVE (QoQ)",
      "detail": "Op margin: -162.2% -> +15.8%",
      "severity": "HIGH"
    },
    {
      "quarter": "2022-06 (Q2)",
      "signal": "FCF MARGIN EXPANSION",
      "detail": "FCF margin: -29.6% -> -9.5% (+20.1%)",
      "severity": "MEDIUM"
    },
    {
      "quarter": "2022-03 (Q1)",
      "signal": "YoY REVENUE GROWTH DECELERATION",
      "detail": "YoY growth: +27.6% vs prior quarter YoY: +34.2% (decel: -6.6%)",
      "severity": "WARNING"
    },
    {
      "quarter": "2022-03 (Q1)",
      "signal": "OP MARGIN TURNED POSITIVE (YoY)",
      "detail": "Op margin: -41.6% (year-ago) -> +52.5%",
      "severity": "HIGH"
    },
    {
      "quarter": "2022-03 (Q1)",
      "signal": "OP MARGIN TURNED POSITIVE (QoQ)",
      "detail": "Op margin: -18.2% -> +52.5%",
      "severity": "HIGH"
    },
    {
      "quarter": "2021-12 (Q4)",
      "signal": "FCF MARGIN EXPANSION",
      "detail": "FCF margin: -16.6% -> -1.7% (+15.0%)",
      "severity": "MEDIUM"
    },
    {
      "quarter": "2021-12 (Q4)",
      "signal": "OPERATING LEVERAGE",
      "detail": "Rev growth +38.6% vs OpEx growth +1.6% (leverage: 24.0x)",
      "severity": "MEDIUM"
    },
    {
      "quarter": "2021-09 (Q3)",
      "signal": "FCF MARGIN EXPANSION",
      "detail": "FCF margin: -26.2% -> -16.6% (+9.5%)",
      "severity": "MEDIUM"
    },
    {
      "quarter": "2021-09 (Q3)",
      "signal": "OPERATING LEVERAGE",
      "detail": "Rev growth +10.4% vs OpEx growth +3.1% (leverage: 3.3x)",
      "severity": "MEDIUM"
    }
  ],
  "data_quality": {
    "n_quarters": 20,
    "coverage": {
      "revenue": [
        20,
        20
      ],
      "gross_profit": [
        0,
        20
      ],
      "op_income": [
        20,
        20
      ],
      "fcf": [
        20,
        20
      ]
    },
    "gaps": [],
    "warnings": [
      "gross_profit: no data"
    ]
  },
  "market_cap": null,
  "source": "SEC EDGAR",
  "last_updated": "2026-02-02T23:35:04.744296"
}