{
  "ticker": "CDNA",
  "name": "CAREDX, INC.",
  "quarters": [
    {
      "date": "2020-12-31T00:00:00",
      "quarter_label": "2020-12 (Q4)",
      "revenue": 58644000,
      "gross_profit": null,
      "operating_income": -3067000,
      "net_income": -3515000,
      "opex": 61711000,
      "cogs": null,
      "rd": 13325000,
      "sga": null,
      "fcf": 7181000,
      "ocf": 7181000,
      "capex": null,
      "gross_margin": null,
      "op_margin": -0.05229861537412182,
      "fcf_margin": 0.12245071959620762
    },
    {
      "date": "2021-03-31T00:00:00",
      "quarter_label": "2021-03 (Q1)",
      "revenue": 67400000,
      "gross_profit": null,
      "operating_income": -858000,
      "net_income": -687000,
      "opex": 68258000,
      "cogs": null,
      "rd": 16004000,
      "sga": null,
      "fcf": -34880000,
      "ocf": -33630000,
      "capex": -1250000,
      "gross_margin": null,
      "op_margin": -0.012729970326409495,
      "fcf_margin": -0.5175074183976262,
      "op_leverage_ratio": 1.4073509510028734,
      "fcf_margin_change": -0.6399581379938337
    },
    {
      "date": "2021-06-30T00:00:00",
      "quarter_label": "2021-06 (Q2)",
      "revenue": 74188000,
      "gross_profit": null,
      "operating_income": -4742000,
      "net_income": -1927000,
      "opex": 78930000,
      "cogs": null,
      "rd": 19036000,
      "sga": null,
      "fcf": 6950000,
      "ocf": 9788000,
      "capex": -2838000,
      "gross_margin": null,
      "op_margin": -0.06391869305008896,
      "fcf_margin": 0.09368091874696717,
      "op_leverage_ratio": 0.644153957887525,
      "fcf_margin_change": 0.6111883371445933
    },
    {
      "date": "2021-09-30T00:00:00",
      "quarter_label": "2021-09 (Q3)",
      "revenue": 75589000,
      "gross_profit": null,
      "operating_income": -8727000,
      "net_income": -11897000,
      "opex": 84316000,
      "cogs": null,
      "rd": 19439000,
      "sga": null,
      "fcf": -3241000,
      "ocf": 382000,
      "capex": -3623000,
      "gross_margin": null,
      "op_margin": -0.11545330669806453,
      "fcf_margin": -0.04287660903041448,
      "op_leverage_ratio": 0.2767452820206414,
      "fcf_margin_change": -0.13655752777738164
    },
    {
      "date": "2021-12-31T00:00:00",
      "quarter_label": "2021-12 (Q4)",
      "revenue": 79220000,
      "gross_profit": null,
      "operating_income": -15399000,
      "net_income": -16151000,
      "opex": 94619000,
      "cogs": null,
      "rd": 22046000,
      "sga": null,
      "fcf": 4166000,
      "ocf": 4166000,
      "capex": null,
      "gross_margin": null,
      "op_margin": -0.1943827316334259,
      "fcf_margin": 0.052587730371118406,
      "incr_op_margin_yoy": -0.5993390357698289,
      "rev_growth_yoy": 0.3508628333674374,
      "op_leverage_ratio": 0.39310986670102616,
      "fcf_margin_change": 0.09546433940153289
    },
    {
      "date": "2022-03-31T00:00:00",
      "quarter_label": "2022-03 (Q1)",
      "revenue": 79416000,
      "gross_profit": null,
      "operating_income": -19053000,
      "net_income": -19648000,
      "opex": 98469000,
      "cogs": null,
      "rd": 21880000,
      "sga": null,
      "fcf": -21468000,
      "ocf": -21468000,
      "capex": null,
      "gross_margin": null,
      "op_margin": -0.23991387126019945,
      "fcf_margin": -0.2703233605318827,
      "incr_op_margin_yoy": -1.5142310252996005,
      "rev_growth_yoy": 0.17827893175074183,
      "rev_growth_yoy_accel": -0.17258390161669557,
      "fcf_margin_change": -0.32291109090300113
    },
    {
      "date": "2022-06-30T00:00:00",
      "quarter_label": "2022-06 (Q2)",
      "revenue": 80634000,
      "gross_profit": null,
      "operating_income": -21719000,
      "net_income": -21697000,
      "opex": 102353000,
      "cogs": null,
      "rd": 22632000,
      "sga": null,
      "fcf": -3877000,
      "ocf": -3877000,
      "capex": null,
      "gross_margin": null,
      "op_margin": -0.26935287843837585,
      "fcf_margin": -0.048081454473299104,
      "incr_op_margin_yoy": -2.6337263419174683,
      "rev_growth_yoy": 0.08688736722920148,
      "rev_growth_yoy_accel": -0.09139156452154035,
      "op_leverage_ratio": 0.3888298391336053,
      "fcf_margin_change": 0.22224190605858363
    },
    {
      "date": "2022-09-30T00:00:00",
      "quarter_label": "2022-09 (Q3)",
      "revenue": 79359000,
      "gross_profit": null,
      "operating_income": -17339000,
      "net_income": -16939000,
      "opex": 96698000,
      "cogs": null,
      "rd": 22306000,
      "sga": null,
      "fcf": -7079000,
      "ocf": -7079000,
      "capex": null,
      "gross_margin": null,
      "op_margin": -0.21848813619123225,
      "fcf_margin": -0.08920223289103946,
      "incr_op_margin_yoy": -2.2843501326259945,
      "rev_growth_yoy": 0.04987498180952255,
      "rev_growth_yoy_accel": -0.03701238541967893,
      "fcf_margin_change": -0.04112077841774035
    },
    {
      "date": "2022-12-31T00:00:00",
      "quarter_label": "2022-12 (Q4)",
      "revenue": 82384000,
      "gross_profit": null,
      "operating_income": -19120000,
      "net_income": -18329000,
      "opex": 101504000,
      "cogs": null,
      "rd": 23570000,
      "sga": null,
      "fcf": 7185000,
      "ocf": 7185000,
      "capex": null,
      "gross_margin": null,
      "op_margin": -0.2320838997863663,
      "fcf_margin": 0.0872135366090503,
      "incr_op_margin_yoy": -1.1760429835651074,
      "rev_growth_yoy": 0.03993940924009089,
      "rev_growth_yoy_accel": -0.009935572569431665,
      "op_leverage_ratio": 0.7669426991216143,
      "fcf_margin_change": 0.17641576950008975
    },
    {
      "date": "2023-03-31T00:00:00",
      "quarter_label": "2023-03 (Q1)",
      "revenue": 77262000,
      "gross_profit": null,
      "operating_income": -24324000,
      "net_income": -23749000,
      "opex": 101586000,
      "cogs": null,
      "rd": 24357000,
      "sga": null,
      "fcf": 671000,
      "ocf": 671000,
      "capex": null,
      "gross_margin": null,
      "op_margin": -0.31482488157179467,
      "fcf_margin": 0.008684735057337372,
      "incr_op_margin_yoy": 2.447075208913649,
      "rev_growth_yoy": -0.027122997884557267,
      "rev_growth_yoy_accel": -0.06706240712464816,
      "fcf_margin_change": -0.07852880155171293
    },
    {
      "date": "2023-06-30T00:00:00",
      "quarter_label": "2023-06 (Q2)",
      "revenue": 70301000,
      "gross_profit": null,
      "operating_income": -27624000,
      "net_income": -24953000,
      "opex": 97925000,
      "cogs": null,
      "rd": 20233000,
      "sga": null,
      "fcf": -499000,
      "ocf": -499000,
      "capex": null,
      "gross_margin": null,
      "op_margin": -0.39293893401231844,
      "fcf_margin": -0.007098049814369639,
      "incr_op_margin_yoy": 0.5714700474208846,
      "rev_growth_yoy": -0.12814693553587816,
      "rev_growth_yoy_accel": -0.1010239376513209,
      "fcf_margin_change": -0.01578278487170701
    },
    {
      "date": "2023-09-30T00:00:00",
      "quarter_label": "2023-09 (Q3)",
      "revenue": 67192000,
      "gross_profit": null,
      "operating_income": -28783000,
      "net_income": -23485000,
      "opex": 95975000,
      "cogs": null,
      "rd": 19000000,
      "sga": null,
      "fcf": -10179000,
      "ocf": -10179000,
      "capex": null,
      "gross_margin": null,
      "op_margin": -0.4283694487438981,
      "fcf_margin": -0.1514912489582093,
      "incr_op_margin_yoy": 0.940576970493959,
      "rev_growth_yoy": -0.1533159440013105,
      "rev_growth_yoy_accel": -0.025169008465432324,
      "fcf_margin_change": -0.14439319914383966
    },
    {
      "date": "2023-12-31T00:00:00",
      "quarter_label": "2023-12 (Q4)",
      "revenue": 65569000,
      "gross_profit": null,
      "operating_income": -122632000,
      "net_income": -118097000,
      "opex": 188201000,
      "cogs": null,
      "rd": 18276000,
      "sga": null,
      "fcf": -8381000,
      "ocf": -8381000,
      "capex": null,
      "gross_margin": null,
      "op_margin": -1.8702740624380423,
      "fcf_margin": -0.12781954887218044,
      "incr_op_margin_yoy": 6.15593220338983,
      "rev_growth_yoy": -0.2041051660516605,
      "rev_growth_yoy_accel": -0.050789222050350025,
      "fcf_margin_change": 0.02367170008602887
    },
    {
      "date": "2024-03-31T00:00:00",
      "quarter_label": "2024-03 (Q1)",
      "revenue": 72049000,
      "gross_profit": null,
      "operating_income": -19337000,
      "net_income": -16659000,
      "opex": 91386000,
      "cogs": null,
      "rd": 18711000,
      "sga": null,
      "fcf": -15312000,
      "ocf": -15312000,
      "capex": null,
      "gross_margin": null,
      "op_margin": -0.26838679232189205,
      "fcf_margin": -0.21252203361601132,
      "incr_op_margin_yoy": -0.956646844427393,
      "rev_growth_yoy": -0.0674717196034273,
      "rev_growth_yoy_accel": 0.13663344644823322,
      "op_leverage_ratio": Infinity,
      "fcf_margin_change": -0.08470248474383088
    },
    {
      "date": "2024-06-30T00:00:00",
      "quarter_label": "2024-06 (Q2)",
      "revenue": 92274000,
      "gross_profit": null,
      "operating_income": -4098000,
      "net_income": -1394000,
      "opex": 96372000,
      "cogs": null,
      "rd": 19678000,
      "sga": null,
      "fcf": 18949000,
      "ocf": 18949000,
      "capex": null,
      "gross_margin": null,
      "op_margin": -0.044411210091683466,
      "fcf_margin": 0.20535578819602487,
      "incr_op_margin_yoy": 1.070677649842989,
      "rev_growth_yoy": 0.3125560091606094,
      "rev_growth_yoy_accel": 0.3800277287640367,
      "op_leverage_ratio": 5.145030660792272,
      "fcf_margin_change": 0.4178778218120362
    },
    {
      "date": "2024-09-30T00:00:00",
      "quarter_label": "2024-09 (Q3)",
      "revenue": 82883000,
      "gross_profit": null,
      "operating_income": -10492000,
      "net_income": -7408000,
      "opex": 93375000,
      "cogs": null,
      "rd": 17486000,
      "sga": null,
      "fcf": 12522000,
      "ocf": 12522000,
      "capex": null,
      "gross_margin": null,
      "op_margin": -0.12658808199510152,
      "fcf_margin": 0.15108043869068447,
      "incr_op_margin_yoy": 1.1657000828500415,
      "rev_growth_yoy": 0.23352482438385522,
      "rev_growth_yoy_accel": -0.07903118477675417,
      "fcf_margin_change": -0.05427534950534041
    },
    {
      "date": "2024-12-31T00:00:00",
      "quarter_label": "2024-12 (Q4)",
      "revenue": 86579000,
      "gross_profit": null,
      "operating_income": 74692000,
      "net_income": 78010000,
      "opex": 11887000,
      "cogs": null,
      "rd": 16530000,
      "sga": null,
      "fcf": 21889000,
      "ocf": 21889000,
      "capex": null,
      "gross_margin": null,
      "op_margin": 0.8627034269280079,
      "fcf_margin": 0.25282112290509245,
      "incr_op_margin_yoy": 9.391908614945264,
      "rev_growth_yoy": 0.32042581097774864,
      "rev_growth_yoy_accel": 0.08690098659389342,
      "op_leverage_ratio": Infinity,
      "fcf_margin_change": 0.10174068421440799
    },
    {
      "date": "2025-03-31T00:00:00",
      "quarter_label": "2025-03 (Q1)",
      "revenue": 84685000,
      "gross_profit": null,
      "operating_income": -13374000,
      "net_income": -10353000,
      "opex": 98059000,
      "cogs": null,
      "rd": 18524000,
      "sga": null,
      "fcf": -26584000,
      "ocf": -26584000,
      "capex": null,
      "gross_margin": null,
      "op_margin": -0.15792643325264213,
      "fcf_margin": -0.31391627797130545,
      "incr_op_margin_yoy": 0.4719056663501108,
      "rev_growth_yoy": 0.17538064372857362,
      "rev_growth_yoy_accel": -0.14504516724917502,
      "fcf_margin_change": -0.5667374008763979
    },
    {
      "date": "2025-06-30T00:00:00",
      "quarter_label": "2025-06 (Q2)",
      "revenue": 86679000,
      "gross_profit": null,
      "operating_income": -11121000,
      "net_income": -8568000,
      "opex": 97800000,
      "cogs": null,
      "rd": 16830000,
      "sga": null,
      "fcf": 9895000,
      "ocf": 9895000,
      "capex": null,
      "gross_margin": null,
      "op_margin": -0.1283009725539058,
      "fcf_margin": 0.11415683152782104,
      "incr_op_margin_yoy": 1.2552278820375335,
      "rev_growth_yoy": -0.0606346316405488,
      "rev_growth_yoy_accel": -0.23601527536912242,
      "op_leverage_ratio": Infinity,
      "fcf_margin_change": 0.42807310949912647
    },
    {
      "date": "2025-09-30T00:00:00",
      "quarter_label": "2025-09 (Q3)",
      "revenue": 100055000,
      "gross_profit": null,
      "operating_income": -246000,
      "net_income": 1675000,
      "opex": 100301000,
      "cogs": null,
      "rd": 16769000,
      "sga": null,
      "fcf": 37358000,
      "ocf": 37358000,
      "capex": null,
      "gross_margin": null,
      "op_margin": -0.0024586477437409425,
      "fcf_margin": 0.3733746439458298,
      "incr_op_margin_yoy": 0.5966689960400652,
      "rev_growth_yoy": 0.20718362028401482,
      "rev_growth_yoy_accel": 0.26781825192456366,
      "op_leverage_ratio": 6.034447744454636,
      "fcf_margin_change": 0.2592178124180088
    }
  ],
  "signals": [
    {
      "quarter": "2025-09 (Q3)",
      "signal": "FCF MARGIN EXPANSION",
      "detail": "FCF margin: +11.4% -> +37.3% (+25.9%)",
      "severity": "MEDIUM"
    },
    {
      "quarter": "2025-09 (Q3)",
      "signal": "OPERATING LEVERAGE",
      "detail": "Rev growth +15.4% vs OpEx growth +2.6% (leverage: 6.0x)",
      "severity": "MEDIUM"
    },
    {
      "quarter": "2025-09 (Q3)",
      "signal": "YoY REVENUE GROWTH ACCELERATION",
      "detail": "YoY growth: +20.7% vs prior quarter YoY: -6.1% (accel: +26.8%)",
      "severity": "HIGH"
    },
    {
      "quarter": "2025-06 (Q2)",
      "signal": "FCF TURNED POSITIVE",
      "detail": "FCF margin: -31.4% -> +11.4%",
      "severity": "HIGH"
    },
    {
      "quarter": "2025-06 (Q2)",
      "signal": "YoY REVENUE GROWTH DECELERATION",
      "detail": "YoY growth: -6.1% vs prior quarter YoY: +17.5% (decel: -23.6%)",
      "severity": "WARNING"
    },
    {
      "quarter": "2025-03 (Q1)",
      "signal": "YoY REVENUE GROWTH DECELERATION",
      "detail": "YoY growth: +17.5% vs prior quarter YoY: +32.0% (decel: -14.5%)",
      "severity": "WARNING"
    },
    {
      "quarter": "2024-12 (Q4)",
      "signal": "FCF MARGIN EXPANSION",
      "detail": "FCF margin: +15.1% -> +25.3% (+10.2%)",
      "severity": "MEDIUM"
    },
    {
      "quarter": "2024-12 (Q4)",
      "signal": "YoY REVENUE GROWTH ACCELERATION",
      "detail": "YoY growth: +32.0% vs prior quarter YoY: +23.4% (accel: +8.7%)",
      "severity": "MEDIUM"
    },
    {
      "quarter": "2024-12 (Q4)",
      "signal": "OP MARGIN TURNED POSITIVE (YoY)",
      "detail": "Op margin: -187.0% (year-ago) -> +86.3%",
      "severity": "HIGH"
    },
    {
      "quarter": "2024-12 (Q4)",
      "signal": "OP MARGIN TURNED POSITIVE (QoQ)",
      "detail": "Op margin: -12.7% -> +86.3%",
      "severity": "HIGH"
    },
    {
      "quarter": "2024-09 (Q3)",
      "signal": "YoY REVENUE GROWTH DECELERATION",
      "detail": "YoY growth: +23.4% vs prior quarter YoY: +31.3% (decel: -7.9%)",
      "severity": "WARNING"
    },
    {
      "quarter": "2024-06 (Q2)",
      "signal": "FCF TURNED POSITIVE",
      "detail": "FCF margin: -21.3% -> +20.5%",
      "severity": "HIGH"
    },
    {
      "quarter": "2024-06 (Q2)",
      "signal": "OPERATING LEVERAGE",
      "detail": "Rev growth +28.1% vs OpEx growth +5.5% (leverage: 5.1x)",
      "severity": "MEDIUM"
    },
    {
      "quarter": "2024-06 (Q2)",
      "signal": "YoY REVENUE GROWTH ACCELERATION",
      "detail": "YoY growth: +31.3% vs prior quarter YoY: -6.7% (accel: +38.0%)",
      "severity": "HIGH"
    },
    {
      "quarter": "2024-03 (Q1)",
      "signal": "YoY REVENUE GROWTH ACCELERATION",
      "detail": "YoY growth: -6.7% vs prior quarter YoY: -20.4% (accel: +13.7%)",
      "severity": "MEDIUM"
    },
    {
      "quarter": "2023-12 (Q4)",
      "signal": "YoY REVENUE GROWTH DECELERATION",
      "detail": "YoY growth: -20.4% vs prior quarter YoY: -15.3% (decel: -5.1%)",
      "severity": "WARNING"
    },
    {
      "quarter": "2023-06 (Q2)",
      "signal": "YoY REVENUE GROWTH DECELERATION",
      "detail": "YoY growth: -12.8% vs prior quarter YoY: -2.7% (decel: -10.1%)",
      "severity": "WARNING"
    },
    {
      "quarter": "2023-03 (Q1)",
      "signal": "YoY REVENUE GROWTH DECELERATION",
      "detail": "YoY growth: -2.7% vs prior quarter YoY: +4.0% (decel: -6.7%)",
      "severity": "WARNING"
    },
    {
      "quarter": "2022-12 (Q4)",
      "signal": "FCF TURNED POSITIVE",
      "detail": "FCF margin: -8.9% -> +8.7%",
      "severity": "HIGH"
    },
    {
      "quarter": "2022-06 (Q2)",
      "signal": "FCF MARGIN EXPANSION",
      "detail": "FCF margin: -27.0% -> -4.8% (+22.2%)",
      "severity": "MEDIUM"
    },
    {
      "quarter": "2022-06 (Q2)",
      "signal": "YoY REVENUE GROWTH DECELERATION",
      "detail": "YoY growth: +8.7% vs prior quarter YoY: +17.8% (decel: -9.1%)",
      "severity": "WARNING"
    },
    {
      "quarter": "2022-03 (Q1)",
      "signal": "YoY REVENUE GROWTH DECELERATION",
      "detail": "YoY growth: +17.8% vs prior quarter YoY: +35.1% (decel: -17.3%)",
      "severity": "WARNING"
    },
    {
      "quarter": "2021-12 (Q4)",
      "signal": "FCF TURNED POSITIVE",
      "detail": "FCF margin: -4.3% -> +5.3%",
      "severity": "HIGH"
    },
    {
      "quarter": "2021-06 (Q2)",
      "signal": "FCF TURNED POSITIVE",
      "detail": "FCF margin: -51.8% -> +9.4%",
      "severity": "HIGH"
    }
  ],
  "data_quality": {
    "n_quarters": 20,
    "coverage": {
      "revenue": [
        20,
        20
      ],
      "gross_profit": [
        0,
        20
      ],
      "op_income": [
        20,
        20
      ],
      "fcf": [
        20,
        20
      ]
    },
    "gaps": [],
    "warnings": [
      "gross_profit: no data"
    ]
  },
  "market_cap": null,
  "source": "SEC EDGAR",
  "last_updated": "2026-02-02T21:58:24.139062"
}