{
  "ticker": "CDNS",
  "name": "CADENCE DESIGN SYSTEMS, INC.",
  "quarters": [
    {
      "date": "2021-01-02T00:00:00",
      "quarter_label": "2021-01 (Q1)",
      "revenue": 759909000,
      "gross_profit": null,
      "operating_income": 184979000,
      "net_income": 173738000,
      "opex": 574930000,
      "cogs": null,
      "rd": null,
      "sga": null,
      "fcf": 104454000,
      "ocf": 135522000,
      "capex": -31068000,
      "gross_margin": null,
      "op_margin": 0.2434225677021854,
      "fcf_margin": 0.1374559322234636
    },
    {
      "date": "2021-04-03T00:00:00",
      "quarter_label": "2021-04 (Q2)",
      "revenue": 736028000,
      "gross_profit": null,
      "operating_income": 203937000,
      "net_income": 187169000,
      "opex": 532091000,
      "cogs": null,
      "rd": 270992000,
      "sga": null,
      "fcf": 191474000,
      "ocf": 208442000,
      "capex": -16968000,
      "gross_margin": null,
      "op_margin": 0.27707777421511137,
      "fcf_margin": 0.2601449944839055,
      "fcf_margin_change": 0.12268906226044188
    },
    {
      "date": "2021-07-03T00:00:00",
      "quarter_label": "2021-07 (Q3)",
      "revenue": 728285000,
      "gross_profit": null,
      "operating_income": 185438000,
      "net_income": 155900000,
      "opex": 542847000,
      "cogs": null,
      "rd": 285227000,
      "sga": null,
      "fcf": 366205000,
      "ocf": 380376000,
      "capex": -14171000,
      "gross_margin": null,
      "op_margin": 0.25462284682507536,
      "fcf_margin": 0.5028319957159628,
      "fcf_margin_change": 0.24268700123205733
    },
    {
      "date": "2021-10-02T00:00:00",
      "quarter_label": "2021-10 (Q4)",
      "revenue": 750895000,
      "gross_profit": null,
      "operating_income": 194034000,
      "net_income": 176307000,
      "opex": 556861000,
      "cogs": null,
      "rd": 289105000,
      "sga": null,
      "fcf": 277445000,
      "ocf": 296283000,
      "capex": -18838000,
      "gross_margin": null,
      "op_margin": 0.25840363832493224,
      "fcf_margin": 0.3694857470085698,
      "op_leverage_ratio": 1.2025815208566468,
      "fcf_margin_change": -0.13334624870739303
    },
    {
      "date": "2022-01-01T00:00:00",
      "quarter_label": "2022-01 (Q1)",
      "revenue": 773036000,
      "gross_profit": null,
      "operating_income": 195680000,
      "net_income": 176579000,
      "opex": 577356000,
      "cogs": null,
      "rd": null,
      "sga": null,
      "fcf": 200536000,
      "ocf": 215857000,
      "capex": -15321000,
      "gross_margin": null,
      "op_margin": 0.2531318075742915,
      "fcf_margin": 0.2594135331342913,
      "incr_op_margin_yoy": 0.8151900662756152,
      "rev_growth_yoy": 0.017274436807565116,
      "op_leverage_ratio": 0.8011556498583887,
      "fcf_margin_change": -0.11007221387427851
    },
    {
      "date": "2022-04-02T00:00:00",
      "quarter_label": "2022-04 (Q2)",
      "revenue": 901766000,
      "gross_profit": null,
      "operating_income": 318929000,
      "net_income": 235335000,
      "opex": 582837000,
      "cogs": null,
      "rd": 290895000,
      "sga": null,
      "fcf": 318478000,
      "ocf": 336608000,
      "capex": -18130000,
      "gross_margin": null,
      "op_margin": 0.35367157333498933,
      "fcf_margin": 0.3531714435895787,
      "incr_op_margin_yoy": 0.6938179536376691,
      "rev_growth_yoy": 0.225178933410142,
      "rev_growth_yoy_accel": 0.20790449660257687,
      "op_leverage_ratio": 17.54138704815936,
      "fcf_margin_change": 0.09375791045528742
    },
    {
      "date": "2022-07-02T00:00:00",
      "quarter_label": "2022-07 (Q3)",
      "revenue": 857521000,
      "gross_profit": null,
      "operating_income": 282888000,
      "net_income": 186920000,
      "opex": 574633000,
      "cogs": null,
      "rd": 286597000,
      "sga": null,
      "fcf": 300469000,
      "ocf": 324541000,
      "capex": -24072000,
      "gross_margin": null,
      "op_margin": 0.32989046332393024,
      "fcf_margin": 0.3503925851378567,
      "incr_op_margin_yoy": 0.7540468600080473,
      "rev_growth_yoy": 0.17745250829002382,
      "rev_growth_yoy_accel": -0.04772642512011818,
      "fcf_margin_change": -0.0027788584517219883
    },
    {
      "date": "2022-10-01T00:00:00",
      "quarter_label": "2022-10 (Q4)",
      "revenue": 902554000,
      "gross_profit": null,
      "operating_income": 260752000,
      "net_income": 186305000,
      "opex": 641802000,
      "cogs": null,
      "rd": 323629000,
      "sga": null,
      "fcf": 273017000,
      "ocf": 317110000,
      "capex": -44093000,
      "gross_margin": null,
      "op_margin": 0.2889045973980504,
      "fcf_margin": 0.3024938120046003,
      "incr_op_margin_yoy": 0.4399211388707561,
      "rev_growth_yoy": 0.20197098129565386,
      "rev_growth_yoy_accel": 0.024518473005630037,
      "op_leverage_ratio": 0.44927038909516964,
      "fcf_margin_change": -0.04789877313325641
    },
    {
      "date": "2022-12-31T00:00:00",
      "quarter_label": "2022-12 (Q4)",
      "revenue": 899877000,
      "gross_profit": null,
      "operating_income": 211117000,
      "net_income": 240392000,
      "opex": 688760000,
      "cogs": null,
      "rd": null,
      "sga": null,
      "fcf": 226715000,
      "ocf": 263635000,
      "capex": -36920000,
      "gross_margin": null,
      "op_margin": 0.23460650733378005,
      "fcf_margin": 0.2519399873538272,
      "incr_op_margin_yoy": 0.12170355011392216,
      "rev_growth_yoy": 0.1640816210370539,
      "rev_growth_yoy_accel": -0.03788936025859996,
      "fcf_margin_change": -0.05055382465077307
    },
    {
      "date": "2023-03-31T00:00:00",
      "quarter_label": "2023-03 (Q1)",
      "revenue": 1021690000,
      "gross_profit": null,
      "operating_income": 322463000,
      "net_income": 241804000,
      "opex": 699227000,
      "cogs": null,
      "rd": 350295000,
      "sga": null,
      "fcf": 240682000,
      "ocf": 267401000,
      "capex": -26719000,
      "gross_margin": null,
      "op_margin": 0.31561726159598313,
      "fcf_margin": 0.23557243390852411,
      "incr_op_margin_yoy": 0.029468663486875022,
      "rev_growth_yoy": 0.13298793700361292,
      "rev_growth_yoy_accel": -0.031093684033440983,
      "op_leverage_ratio": 8.907507167493097,
      "fcf_margin_change": -0.016367553445303107
    },
    {
      "date": "2023-06-30T00:00:00",
      "quarter_label": "2023-06 (Q2)",
      "revenue": 976579000,
      "gross_profit": null,
      "operating_income": 299328000,
      "net_income": 221120000,
      "opex": 677251000,
      "cogs": null,
      "rd": 354416000,
      "sga": null,
      "fcf": 393834000,
      "ocf": 413770000,
      "capex": -19936000,
      "gross_margin": null,
      "op_margin": 0.30650669326291063,
      "fcf_margin": 0.40327920219459973,
      "incr_op_margin_yoy": 0.13808395907876833,
      "rev_growth_yoy": 0.13883974853093978,
      "rev_growth_yoy_accel": 0.005851811527326861,
      "fcf_margin_change": 0.1677067682860756
    },
    {
      "date": "2023-09-30T00:00:00",
      "quarter_label": "2023-09 (Q3)",
      "revenue": 1023094000,
      "gross_profit": null,
      "operating_income": 292906000,
      "net_income": 254321000,
      "opex": 730188000,
      "cogs": null,
      "rd": 369642000,
      "sga": null,
      "fcf": 373935000,
      "ocf": 395914000,
      "capex": -21979000,
      "gross_margin": null,
      "op_margin": 0.2862943189970814,
      "fcf_margin": 0.3654942752083386,
      "incr_op_margin_yoy": 0.2667496266799403,
      "rev_growth_yoy": 0.1335543358070542,
      "rev_growth_yoy_accel": -0.00528541272388558,
      "op_leverage_ratio": 0.6093628494791112,
      "fcf_margin_change": -0.037784926986261125
    },
    {
      "date": "2023-12-31T00:00:00",
      "quarter_label": "2023-12 (Q4)",
      "revenue": 1068623000,
      "gross_profit": null,
      "operating_income": 336528000,
      "net_income": 323899000,
      "opex": 732095000,
      "cogs": null,
      "rd": null,
      "sga": null,
      "fcf": 238388000,
      "ocf": 272091000,
      "capex": -33703000,
      "gross_margin": null,
      "op_margin": 0.314917421766142,
      "fcf_margin": 0.22307960805634916,
      "incr_op_margin_yoy": 0.7431939127445983,
      "rev_growth_yoy": 0.18752118345062715,
      "rev_growth_yoy_accel": 0.05396684764357296,
      "op_leverage_ratio": 17.039489224112156,
      "fcf_margin_change": -0.14241466715198944
    },
    {
      "date": "2024-03-31T00:00:00",
      "quarter_label": "2024-03 (Q1)",
      "revenue": 1009103000,
      "gross_profit": null,
      "operating_income": 249956000,
      "net_income": 247643000,
      "opex": 759147000,
      "cogs": null,
      "rd": 378958000,
      "sga": null,
      "fcf": 203631000,
      "ocf": 253232000,
      "capex": -49601000,
      "gross_margin": null,
      "op_margin": 0.24770117619311408,
      "fcf_margin": 0.20179406859359253,
      "incr_op_margin_yoy": 5.760467148645428,
      "rev_growth_yoy": -0.012319783887480546,
      "rev_growth_yoy_accel": -0.1998409673381077,
      "fcf_margin_change": -0.02128553946275663
    },
    {
      "date": "2024-06-30T00:00:00",
      "quarter_label": "2024-06 (Q2)",
      "revenue": 1060681000,
      "gross_profit": null,
      "operating_income": 293876000,
      "net_income": 229520000,
      "opex": 766805000,
      "cogs": null,
      "rd": 370740000,
      "sga": null,
      "fcf": 126766000,
      "ocf": 155965000,
      "capex": -29199000,
      "gross_margin": null,
      "op_margin": 0.2770635091983358,
      "fcf_margin": 0.11951378406891422,
      "incr_op_margin_yoy": -0.06482604456493306,
      "rev_growth_yoy": 0.0861189929334954,
      "rev_growth_yoy_accel": 0.09843877682097595,
      "op_leverage_ratio": 5.066867163007517,
      "fcf_margin_change": -0.08228028452467831
    },
    {
      "date": "2024-09-30T00:00:00",
      "quarter_label": "2024-09 (Q3)",
      "revenue": 1215499000,
      "gross_profit": null,
      "operating_income": 350056000,
      "net_income": 238111000,
      "opex": 865443000,
      "cogs": null,
      "rd": 407369000,
      "sga": null,
      "fcf": 383455000,
      "ocf": 409995000,
      "capex": -26540000,
      "gross_margin": null,
      "op_margin": 0.2879936552806707,
      "fcf_margin": 0.3154712591289668,
      "incr_op_margin_yoy": 0.297029702970297,
      "rev_growth_yoy": 0.18806189851567892,
      "rev_growth_yoy_accel": 0.10194290558218352,
      "op_leverage_ratio": 1.1346902981906775,
      "fcf_margin_change": 0.19595747506005257
    },
    {
      "date": "2024-12-31T00:00:00",
      "quarter_label": "2024-12 (Q4)",
      "revenue": 1355981000,
      "gross_profit": null,
      "operating_income": 456875000,
      "net_income": 340210000,
      "opex": 899106000,
      "cogs": null,
      "rd": null,
      "sga": null,
      "fcf": 404157000,
      "ocf": 441359000,
      "capex": -37202000,
      "gross_margin": null,
      "op_margin": 0.33693318711692866,
      "fcf_margin": 0.2980550612434835,
      "incr_op_margin_yoy": 0.4188051141781332,
      "rev_growth_yoy": 0.26890493653982744,
      "rev_growth_yoy_accel": 0.08084303802414852,
      "op_leverage_ratio": 2.9713357490081345,
      "fcf_margin_change": -0.017416197885483264
    },
    {
      "date": "2025-03-31T00:00:00",
      "quarter_label": "2025-03 (Q1)",
      "revenue": 1242366000,
      "gross_profit": null,
      "operating_income": 361520000,
      "net_income": 273579000,
      "opex": 880846000,
      "cogs": null,
      "rd": 439102000,
      "sga": null,
      "fcf": 463960000,
      "ocf": 487021000,
      "capex": -23061000,
      "gross_margin": null,
      "op_margin": 0.29099315338636117,
      "fcf_margin": 0.37344872605979235,
      "incr_op_margin_yoy": 0.47827559450062807,
      "rev_growth_yoy": 0.23115876179141276,
      "rev_growth_yoy_accel": -0.037746174748414685,
      "fcf_margin_change": 0.07539366481630883
    },
    {
      "date": "2025-06-30T00:00:00",
      "quarter_label": "2025-06 (Q2)",
      "revenue": 1275441000,
      "gross_profit": null,
      "operating_income": 241797000,
      "net_income": 160051000,
      "opex": 1033644000,
      "cogs": null,
      "rd": 442057000,
      "sga": null,
      "fcf": 333518000,
      "ocf": 377603000,
      "capex": -44085000,
      "gross_margin": null,
      "op_margin": 0.18957913380548375,
      "fcf_margin": 0.2614922995262031,
      "incr_op_margin_yoy": -0.24249860309182342,
      "rev_growth_yoy": 0.20247369378729327,
      "rev_growth_yoy_accel": -0.02868506800411949,
      "op_leverage_ratio": 0.1534732225012507,
      "fcf_margin_change": -0.11195642653358923
    },
    {
      "date": "2025-09-30T00:00:00",
      "quarter_label": "2025-09 (Q3)",
      "revenue": 1338838000,
      "gross_profit": null,
      "operating_income": 425390000,
      "net_income": 287122000,
      "opex": 913448000,
      "cogs": null,
      "rd": 423031000,
      "sga": null,
      "fcf": 276978000,
      "ocf": 310662000,
      "capex": -33684000,
      "gross_margin": null,
      "op_margin": 0.31773074860438677,
      "fcf_margin": 0.20687939840369035,
      "incr_op_margin_yoy": 0.6107881529767551,
      "rev_growth_yoy": 0.10147190577696896,
      "rev_growth_yoy_accel": -0.1010017880103243,
      "op_leverage_ratio": Infinity,
      "fcf_margin_change": -0.05461290112251277
    }
  ],
  "signals": [
    {
      "quarter": "2025-09 (Q3)",
      "signal": "YoY REVENUE GROWTH DECELERATION",
      "detail": "YoY growth: +10.1% vs prior quarter YoY: +20.2% (decel: -10.1%)",
      "severity": "WARNING"
    },
    {
      "quarter": "2025-09 (Q3)",
      "signal": "INCREMENTAL MARGIN (YoY)",
      "detail": "YoY Incr OPM: +61.1% vs year-ago OPM: +28.8%",
      "severity": "HIGH"
    },
    {
      "quarter": "2025-03 (Q1)",
      "signal": "FCF MARGIN EXPANSION",
      "detail": "FCF margin: +29.8% -> +37.3% (+7.5%)",
      "severity": "MEDIUM"
    },
    {
      "quarter": "2025-03 (Q1)",
      "signal": "INCREMENTAL MARGIN (YoY)",
      "detail": "YoY Incr OPM: +47.8% vs year-ago OPM: +24.8%",
      "severity": "HIGH"
    },
    {
      "quarter": "2024-12 (Q4)",
      "signal": "OPERATING LEVERAGE",
      "detail": "Rev growth +11.6% vs OpEx growth +3.9% (leverage: 3.0x)",
      "severity": "MEDIUM"
    },
    {
      "quarter": "2024-12 (Q4)",
      "signal": "YoY REVENUE GROWTH ACCELERATION",
      "detail": "YoY growth: +26.9% vs prior quarter YoY: +18.8% (accel: +8.1%)",
      "severity": "MEDIUM"
    },
    {
      "quarter": "2024-12 (Q4)",
      "signal": "INCREMENTAL MARGIN (YoY)",
      "detail": "YoY Incr OPM: +41.9% vs year-ago OPM: +31.5%",
      "severity": "MEDIUM"
    },
    {
      "quarter": "2024-09 (Q3)",
      "signal": "FCF MARGIN EXPANSION",
      "detail": "FCF margin: +12.0% -> +31.5% (+19.6%)",
      "severity": "MEDIUM"
    },
    {
      "quarter": "2024-09 (Q3)",
      "signal": "YoY REVENUE GROWTH ACCELERATION",
      "detail": "YoY growth: +18.8% vs prior quarter YoY: +8.6% (accel: +10.2%)",
      "severity": "MEDIUM"
    },
    {
      "quarter": "2024-06 (Q2)",
      "signal": "OPERATING LEVERAGE",
      "detail": "Rev growth +5.1% vs OpEx growth +1.0% (leverage: 5.1x)",
      "severity": "MEDIUM"
    },
    {
      "quarter": "2024-06 (Q2)",
      "signal": "YoY REVENUE GROWTH ACCELERATION",
      "detail": "YoY growth: +8.6% vs prior quarter YoY: -1.2% (accel: +9.8%)",
      "severity": "MEDIUM"
    },
    {
      "quarter": "2024-03 (Q1)",
      "signal": "YoY REVENUE GROWTH DECELERATION",
      "detail": "YoY growth: -1.2% vs prior quarter YoY: +18.8% (decel: -20.0%)",
      "severity": "WARNING"
    },
    {
      "quarter": "2024-03 (Q1)",
      "signal": "INCREMENTAL MARGIN (YoY)",
      "detail": "YoY Incr OPM: +576.0% vs year-ago OPM: +31.6%",
      "severity": "HIGH"
    },
    {
      "quarter": "2023-12 (Q4)",
      "signal": "OPERATING LEVERAGE",
      "detail": "Rev growth +4.5% vs OpEx growth +0.3% (leverage: 17.0x)",
      "severity": "MEDIUM"
    },
    {
      "quarter": "2023-12 (Q4)",
      "signal": "YoY REVENUE GROWTH ACCELERATION",
      "detail": "YoY growth: +18.8% vs prior quarter YoY: +13.4% (accel: +5.4%)",
      "severity": "MEDIUM"
    },
    {
      "quarter": "2023-12 (Q4)",
      "signal": "INCREMENTAL MARGIN (YoY)",
      "detail": "YoY Incr OPM: +74.3% vs year-ago OPM: +23.5%",
      "severity": "HIGH"
    },
    {
      "quarter": "2023-06 (Q2)",
      "signal": "FCF MARGIN EXPANSION",
      "detail": "FCF margin: +23.6% -> +40.3% (+16.8%)",
      "severity": "MEDIUM"
    },
    {
      "quarter": "2023-03 (Q1)",
      "signal": "OPERATING LEVERAGE",
      "detail": "Rev growth +13.5% vs OpEx growth +1.5% (leverage: 8.9x)",
      "severity": "MEDIUM"
    },
    {
      "quarter": "2022-10 (Q4)",
      "signal": "INCREMENTAL MARGIN (YoY)",
      "detail": "YoY Incr OPM: +44.0% vs year-ago OPM: +25.8%",
      "severity": "MEDIUM"
    },
    {
      "quarter": "2022-07 (Q3)",
      "signal": "INCREMENTAL MARGIN (YoY)",
      "detail": "YoY Incr OPM: +75.4% vs year-ago OPM: +25.5%",
      "severity": "HIGH"
    },
    {
      "quarter": "2022-04 (Q2)",
      "signal": "FCF MARGIN EXPANSION",
      "detail": "FCF margin: +25.9% -> +35.3% (+9.4%)",
      "severity": "MEDIUM"
    },
    {
      "quarter": "2022-04 (Q2)",
      "signal": "OPERATING LEVERAGE",
      "detail": "Rev growth +16.7% vs OpEx growth +0.9% (leverage: 17.5x)",
      "severity": "MEDIUM"
    },
    {
      "quarter": "2022-04 (Q2)",
      "signal": "YoY REVENUE GROWTH ACCELERATION",
      "detail": "YoY growth: +22.5% vs prior quarter YoY: +1.7% (accel: +20.8%)",
      "severity": "HIGH"
    },
    {
      "quarter": "2022-04 (Q2)",
      "signal": "INCREMENTAL MARGIN (YoY)",
      "detail": "YoY Incr OPM: +69.4% vs year-ago OPM: +27.7%",
      "severity": "HIGH"
    },
    {
      "quarter": "2022-01 (Q1)",
      "signal": "INCREMENTAL MARGIN (YoY)",
      "detail": "YoY Incr OPM: +81.5% vs year-ago OPM: +24.3%",
      "severity": "HIGH"
    },
    {
      "quarter": "2021-07 (Q3)",
      "signal": "FCF MARGIN EXPANSION",
      "detail": "FCF margin: +26.0% -> +50.3% (+24.3%)",
      "severity": "MEDIUM"
    },
    {
      "quarter": "2021-04 (Q2)",
      "signal": "FCF MARGIN EXPANSION",
      "detail": "FCF margin: +13.7% -> +26.0% (+12.3%)",
      "severity": "MEDIUM"
    }
  ],
  "data_quality": {
    "n_quarters": 20,
    "coverage": {
      "revenue": [
        20,
        20
      ],
      "gross_profit": [
        0,
        20
      ],
      "op_income": [
        20,
        20
      ],
      "fcf": [
        20,
        20
      ]
    },
    "gaps": [],
    "warnings": [
      "gross_profit: no data"
    ]
  },
  "market_cap": null,
  "source": "SEC EDGAR",
  "last_updated": "2026-02-02T19:52:08.936464",
  "sector": "Technology",
  "industry": "Software - Application"
}