{
  "ticker": "CDP",
  "name": "COPT DEFENSE PROPERTIES",
  "sector": "Real Estate",
  "industry": "REIT - Office",
  "quarters": [
    {
      "date": "2021-03-31T00:00:00",
      "quarter_label": "2021-03 (Q1)",
      "revenue": 161722000,
      "gross_profit": 145929000,
      "operating_income": null,
      "net_income": -6669000,
      "opex": 119588000,
      "cogs": 15793000,
      "rd": null,
      "sga": 8406000,
      "fcf": 40672000,
      "ocf": 40672000,
      "capex": null,
      "gross_margin": 0.9023447644723661,
      "op_margin": null,
      "fcf_margin": 0.25149330332298636
    },
    {
      "date": "2021-06-30T00:00:00",
      "quarter_label": "2021-06 (Q2)",
      "revenue": 164411000,
      "gross_profit": 145329000,
      "operating_income": null,
      "net_income": 42401000,
      "opex": 121847000,
      "cogs": 19082000,
      "rd": null,
      "sga": 9222000,
      "fcf": 97340000,
      "ocf": 97340000,
      "capex": null,
      "gross_margin": 0.8839372061480071,
      "op_margin": null,
      "fcf_margin": 0.5920528431795926,
      "op_leverage_ratio": 0.8802237258381393,
      "fcf_margin_change": 0.34055953985660625
    },
    {
      "date": "2021-09-30T00:00:00",
      "quarter_label": "2021-09 (Q3)",
      "revenue": 174636000,
      "gross_profit": 147547000,
      "operating_income": null,
      "net_income": 27101000,
      "opex": 131325000,
      "cogs": 27089000,
      "rd": null,
      "sga": 9342000,
      "fcf": 61891000,
      "ocf": 61891000,
      "capex": null,
      "gross_margin": 0.8448830710735472,
      "op_margin": null,
      "fcf_margin": 0.35440000916191394,
      "op_leverage_ratio": 0.7995223016163171,
      "fcf_margin_change": -0.23765283401767867
    },
    {
      "date": "2021-12-31T00:00:00",
      "quarter_label": "2021-12 (Q4)",
      "revenue": 185932000,
      "gross_profit": 143843000,
      "operating_income": null,
      "net_income": 13708000,
      "opex": 122987000,
      "cogs": 42089000,
      "rd": null,
      "sga": 9157000,
      "fcf": 49245000,
      "ocf": 49245000,
      "capex": null,
      "gross_margin": 0.7736322956779899,
      "op_margin": null,
      "fcf_margin": 0.2648548931867564,
      "op_leverage_ratio": null,
      "fcf_margin_change": -0.08954511597515752
    },
    {
      "date": "2022-03-31T00:00:00",
      "quarter_label": "2022-03 (Q1)",
      "revenue": 195480000,
      "gross_profit": 143830000,
      "operating_income": null,
      "net_income": null,
      "opex": 152422000,
      "cogs": 51650000,
      "rd": null,
      "sga": 8544000,
      "fcf": 52711000,
      "ocf": 52711000,
      "capex": null,
      "gross_margin": 0.7357785962758339,
      "op_margin": null,
      "fcf_margin": 0.26964906895846125,
      "rev_growth_yoy": 0.20874092578622575,
      "op_leverage_ratio": 0.21456231054566047,
      "fcf_margin_change": 0.004794175771704823
    },
    {
      "date": "2022-06-30T00:00:00",
      "quarter_label": "2022-06 (Q2)",
      "revenue": 185803000,
      "gross_profit": 144499000,
      "operating_income": null,
      "net_income": null,
      "opex": 139288000,
      "cogs": 41304000,
      "rd": null,
      "sga": 8355000,
      "fcf": 86009000,
      "ocf": 86009000,
      "capex": null,
      "gross_margin": 0.7777000371361065,
      "op_margin": null,
      "fcf_margin": 0.46290425881175223,
      "rev_growth_yoy": 0.13011294864698833,
      "rev_growth_yoy_accel": -0.07862797713923741,
      "fcf_margin_change": 0.193255189853291
    },
    {
      "date": "2022-09-30T00:00:00",
      "quarter_label": "2022-09 (Q3)",
      "revenue": 182500000,
      "gross_profit": 148945000,
      "operating_income": null,
      "net_income": null,
      "opex": 135915000,
      "cogs": 33555000,
      "rd": null,
      "sga": 8898000,
      "fcf": 48414000,
      "ocf": 48414000,
      "capex": null,
      "gross_margin": 0.8161369863013699,
      "op_margin": null,
      "fcf_margin": 0.2652821917808219,
      "rev_growth_yoy": 0.04503080693556884,
      "rev_growth_yoy_accel": -0.08508214171141949,
      "fcf_margin_change": -0.19762206703093033
    },
    {
      "date": "2022-12-31T00:00:00",
      "quarter_label": "2022-12 (Q4)",
      "revenue": 175247000,
      "gross_profit": null,
      "operating_income": null,
      "net_income": null,
      "opex": 129989000,
      "cogs": null,
      "rd": null,
      "sga": 10001000,
      "fcf": 78691000,
      "ocf": 78691000,
      "capex": null,
      "gross_margin": null,
      "op_margin": null,
      "fcf_margin": 0.44902908466336083,
      "rev_growth_yoy": -0.05746724608996837,
      "rev_growth_yoy_accel": -0.10249805302553722,
      "fcf_margin_change": 0.18374689288253893
    },
    {
      "date": "2023-03-31T00:00:00",
      "quarter_label": "2023-03 (Q1)",
      "revenue": 167501000,
      "gross_profit": null,
      "operating_income": null,
      "net_income": null,
      "opex": 122106000,
      "cogs": null,
      "rd": null,
      "sga": 9995000,
      "fcf": 58745000,
      "ocf": 58745000,
      "capex": null,
      "gross_margin": null,
      "op_margin": null,
      "fcf_margin": 0.3507143240935875,
      "rev_growth_yoy": -0.14312973194188663,
      "rev_growth_yoy_accel": -0.08566248585191827,
      "fcf_margin_change": -0.09831476056977334
    },
    {
      "date": "2023-06-30T00:00:00",
      "quarter_label": "2023-06 (Q2)",
      "revenue": 169196000,
      "gross_profit": null,
      "operating_income": null,
      "net_income": null,
      "opex": 123113000,
      "cogs": null,
      "rd": null,
      "sga": 10358000,
      "fcf": 82168000,
      "ocf": 82168000,
      "capex": null,
      "gross_margin": null,
      "op_margin": null,
      "fcf_margin": 0.4856379583441689,
      "rev_growth_yoy": -0.0893796117393153,
      "rev_growth_yoy_accel": 0.05375012020257133,
      "op_leverage_ratio": 1.227043141991469,
      "fcf_margin_change": 0.1349236342505814
    },
    {
      "date": "2023-09-30T00:00:00",
      "quarter_label": "2023-09 (Q3)",
      "revenue": 168556000,
      "gross_profit": null,
      "operating_income": null,
      "net_income": null,
      "opex": 374274000,
      "cogs": null,
      "rd": null,
      "sga": 10576000,
      "fcf": 68723000,
      "ocf": 68723000,
      "capex": null,
      "gross_margin": null,
      "op_margin": null,
      "fcf_margin": 0.40771612995087686,
      "rev_growth_yoy": -0.0764054794520548,
      "rev_growth_yoy_accel": 0.012974132287260506,
      "fcf_margin_change": -0.07792182839329204
    },
    {
      "date": "2023-12-31T00:00:00",
      "quarter_label": "2023-12 (Q4)",
      "revenue": 179729000,
      "gross_profit": null,
      "operating_income": null,
      "net_income": null,
      "opex": 129824000,
      "cogs": null,
      "rd": null,
      "sga": 11345000,
      "fcf": 66638000,
      "ocf": 66638000,
      "capex": null,
      "gross_margin": null,
      "op_margin": null,
      "fcf_margin": 0.3707693249280862,
      "rev_growth_yoy": 0.025575330818787198,
      "rev_growth_yoy_accel": 0.10198081027084199,
      "op_leverage_ratio": null,
      "fcf_margin_change": -0.036946805022790685
    },
    {
      "date": "2024-03-31T00:00:00",
      "quarter_label": "2024-03 (Q1)",
      "revenue": 193266000,
      "gross_profit": null,
      "operating_income": null,
      "net_income": null,
      "opex": 142851000,
      "cogs": null,
      "rd": null,
      "sga": 11747000,
      "fcf": 70990000,
      "ocf": 70990000,
      "capex": null,
      "gross_margin": null,
      "op_margin": null,
      "fcf_margin": 0.36731758302029327,
      "rev_growth_yoy": 0.153819977194166,
      "rev_growth_yoy_accel": 0.1282446463753788,
      "op_leverage_ratio": 0.7506108604697513,
      "fcf_margin_change": -0.0034517419077929046
    },
    {
      "date": "2024-06-30T00:00:00",
      "quarter_label": "2024-06 (Q2)",
      "revenue": 187343000,
      "gross_profit": null,
      "operating_income": null,
      "net_income": null,
      "opex": 133215000,
      "cogs": null,
      "rd": null,
      "sga": 12032000,
      "fcf": 93835000,
      "ocf": 93835000,
      "capex": null,
      "gross_margin": null,
      "op_margin": null,
      "fcf_margin": 0.5008727307665619,
      "rev_growth_yoy": 0.10725430861249675,
      "rev_growth_yoy_accel": -0.04656566858166926,
      "fcf_margin_change": 0.13355514774626864
    },
    {
      "date": "2024-09-30T00:00:00",
      "quarter_label": "2024-09 (Q3)",
      "revenue": 189225000,
      "gross_profit": null,
      "operating_income": null,
      "net_income": null,
      "opex": 134731000,
      "cogs": null,
      "rd": null,
      "sga": 11416000,
      "fcf": 65052000,
      "ocf": 65052000,
      "capex": null,
      "gross_margin": null,
      "op_margin": null,
      "fcf_margin": 0.3437812128418549,
      "rev_growth_yoy": 0.12262393507202354,
      "rev_growth_yoy_accel": 0.015369626459526789,
      "op_leverage_ratio": 0.8827466465957768,
      "fcf_margin_change": -0.157091517924707
    },
    {
      "date": "2024-12-31T00:00:00",
      "quarter_label": "2024-12 (Q4)",
      "revenue": 183433000,
      "gross_profit": null,
      "operating_income": null,
      "net_income": null,
      "opex": 129147000,
      "cogs": null,
      "rd": null,
      "sga": 11843000,
      "fcf": 101078000,
      "ocf": 101078000,
      "capex": null,
      "gross_margin": null,
      "op_margin": null,
      "fcf_margin": 0.5510349828002595,
      "rev_growth_yoy": 0.020608805479360594,
      "rev_growth_yoy_accel": -0.10201512959266296,
      "fcf_margin_change": 0.2072537699584046
    },
    {
      "date": "2025-03-31T00:00:00",
      "quarter_label": "2025-03 (Q1)",
      "revenue": 187856000,
      "gross_profit": null,
      "operating_income": null,
      "net_income": null,
      "opex": 133260000,
      "cogs": null,
      "rd": null,
      "sga": 12156000,
      "fcf": 72076000,
      "ocf": 72076000,
      "capex": null,
      "gross_margin": null,
      "op_margin": null,
      "fcf_margin": 0.3836768588706243,
      "rev_growth_yoy": -0.02799250773545269,
      "rev_growth_yoy_accel": -0.048601313214813285,
      "op_leverage_ratio": 0.757120635627555,
      "fcf_margin_change": -0.16735812392963523
    },
    {
      "date": "2025-06-30T00:00:00",
      "quarter_label": "2025-06 (Q2)",
      "revenue": 189915000,
      "gross_profit": null,
      "operating_income": null,
      "net_income": null,
      "opex": 130272000,
      "cogs": null,
      "rd": null,
      "sga": 11911000,
      "fcf": 87896000,
      "ocf": 87896000,
      "capex": null,
      "gross_margin": null,
      "op_margin": null,
      "fcf_margin": 0.4628175762841271,
      "rev_growth_yoy": 0.01372882893943195,
      "rev_growth_yoy_accel": 0.041721336674884646,
      "op_leverage_ratio": null,
      "fcf_margin_change": 0.07914071741350281
    },
    {
      "date": "2025-09-30T00:00:00",
      "quarter_label": "2025-09 (Q3)",
      "revenue": 188795000,
      "gross_profit": null,
      "operating_income": null,
      "net_income": null,
      "opex": 130969000,
      "cogs": null,
      "rd": null,
      "sga": 12030000,
      "fcf": 68638000,
      "ocf": 68638000,
      "capex": null,
      "gross_margin": null,
      "op_margin": null,
      "fcf_margin": 0.3635583569480124,
      "rev_growth_yoy": -0.0022724270048883606,
      "rev_growth_yoy_accel": -0.016001255944320312,
      "fcf_margin_change": -0.0992592193361147
    },
    {
      "date": "2025-12-31T00:00:00",
      "quarter_label": "2025-12 (Q4)",
      "revenue": 197357000,
      "gross_profit": null,
      "operating_income": null,
      "net_income": null,
      "opex": 139054000,
      "cogs": null,
      "rd": null,
      "sga": 11743000,
      "fcf": 81323000,
      "ocf": 81323000,
      "capex": null,
      "gross_margin": null,
      "op_margin": null,
      "fcf_margin": 0.41206037789386746,
      "rev_growth_yoy": 0.07590782465532374,
      "rev_growth_yoy_accel": 0.0781802516602121,
      "op_leverage_ratio": 0.7346377182385249,
      "fcf_margin_change": 0.04850202094585504
    }
  ],
  "signals": [
    {
      "quarter": "2025-12 (Q4)",
      "signal": "YoY REVENUE GROWTH ACCELERATION",
      "detail": "YoY growth: +7.6% vs prior quarter YoY: -0.2% (accel: +7.8%)",
      "severity": "MEDIUM"
    },
    {
      "quarter": "2025-06 (Q2)",
      "signal": "FCF MARGIN EXPANSION",
      "detail": "FCF margin: +38.4% -> +46.3% (+7.9%)",
      "severity": "MEDIUM"
    },
    {
      "quarter": "2024-12 (Q4)",
      "signal": "FCF MARGIN EXPANSION",
      "detail": "FCF margin: +34.4% -> +55.1% (+20.7%)",
      "severity": "MEDIUM"
    },
    {
      "quarter": "2024-12 (Q4)",
      "signal": "YoY REVENUE GROWTH DECELERATION",
      "detail": "YoY growth: +2.1% vs prior quarter YoY: +12.3% (decel: -10.2%)",
      "severity": "WARNING"
    },
    {
      "quarter": "2024-06 (Q2)",
      "signal": "FCF MARGIN EXPANSION",
      "detail": "FCF margin: +36.7% -> +50.1% (+13.4%)",
      "severity": "MEDIUM"
    },
    {
      "quarter": "2024-03 (Q1)",
      "signal": "YoY REVENUE GROWTH ACCELERATION",
      "detail": "YoY growth: +15.4% vs prior quarter YoY: +2.6% (accel: +12.8%)",
      "severity": "MEDIUM"
    },
    {
      "quarter": "2023-12 (Q4)",
      "signal": "YoY REVENUE GROWTH ACCELERATION",
      "detail": "YoY growth: +2.6% vs prior quarter YoY: -7.6% (accel: +10.2%)",
      "severity": "MEDIUM"
    },
    {
      "quarter": "2023-06 (Q2)",
      "signal": "FCF MARGIN EXPANSION",
      "detail": "FCF margin: +35.1% -> +48.6% (+13.5%)",
      "severity": "MEDIUM"
    },
    {
      "quarter": "2023-06 (Q2)",
      "signal": "YoY REVENUE GROWTH ACCELERATION",
      "detail": "YoY growth: -8.9% vs prior quarter YoY: -14.3% (accel: +5.4%)",
      "severity": "MEDIUM"
    },
    {
      "quarter": "2023-03 (Q1)",
      "signal": "YoY REVENUE GROWTH DECELERATION",
      "detail": "YoY growth: -14.3% vs prior quarter YoY: -5.7% (decel: -8.6%)",
      "severity": "WARNING"
    },
    {
      "quarter": "2022-12 (Q4)",
      "signal": "FCF MARGIN EXPANSION",
      "detail": "FCF margin: +26.5% -> +44.9% (+18.4%)",
      "severity": "MEDIUM"
    },
    {
      "quarter": "2022-12 (Q4)",
      "signal": "YoY REVENUE GROWTH DECELERATION",
      "detail": "YoY growth: -5.7% vs prior quarter YoY: +4.5% (decel: -10.2%)",
      "severity": "WARNING"
    },
    {
      "quarter": "2022-09 (Q3)",
      "signal": "YoY REVENUE GROWTH DECELERATION",
      "detail": "YoY growth: +4.5% vs prior quarter YoY: +13.0% (decel: -8.5%)",
      "severity": "WARNING"
    },
    {
      "quarter": "2022-06 (Q2)",
      "signal": "FCF MARGIN EXPANSION",
      "detail": "FCF margin: +27.0% -> +46.3% (+19.3%)",
      "severity": "MEDIUM"
    },
    {
      "quarter": "2022-06 (Q2)",
      "signal": "GROSS MARGIN INFLECTION",
      "detail": "GM: +77.4% -> +73.6% -> +77.8% (reversal +4.2%)",
      "severity": "MEDIUM"
    },
    {
      "quarter": "2022-06 (Q2)",
      "signal": "YoY REVENUE GROWTH DECELERATION",
      "detail": "YoY growth: +13.0% vs prior quarter YoY: +20.9% (decel: -7.9%)",
      "severity": "WARNING"
    },
    {
      "quarter": "2021-06 (Q2)",
      "signal": "FCF MARGIN EXPANSION",
      "detail": "FCF margin: +25.1% -> +59.2% (+34.1%)",
      "severity": "MEDIUM"
    }
  ],
  "data_quality": {
    "n_quarters": 20,
    "coverage": {
      "revenue": [
        20,
        20
      ],
      "gross_profit": [
        7,
        20
      ],
      "op_income": [
        0,
        20
      ],
      "fcf": [
        20,
        20
      ]
    },
    "gaps": [],
    "warnings": [
      "gross_profit: 7/20Q",
      "op_income: no data"
    ]
  },
  "market_cap": null,
  "source": "SEC EDGAR",
  "last_updated": "2026-02-24T10:16:48.511785"
}