{
  "ticker": "CDR-PC",
  "name": "Cedar Realty Trust, Inc.",
  "quarters": [
    {
      "date": "2020-12-31T00:00:00",
      "quarter_label": "2020-12 (Q4)",
      "revenue": 33258000,
      "gross_profit": null,
      "operating_income": 11304000,
      "net_income": 6004000,
      "opex": 25671000,
      "cogs": null,
      "rd": null,
      "sga": null,
      "fcf": 16411000,
      "ocf": 16411000,
      "capex": null,
      "gross_margin": null,
      "op_margin": 0.3398881472127007,
      "fcf_margin": 0.49344518612063265
    },
    {
      "date": "2021-03-31T00:00:00",
      "quarter_label": "2021-03 (Q1)",
      "revenue": 33551000,
      "gross_profit": null,
      "operating_income": 5959000,
      "net_income": 1112000,
      "opex": 28639000,
      "cogs": null,
      "rd": null,
      "sga": null,
      "fcf": 9542000,
      "ocf": 9542000,
      "capex": null,
      "gross_margin": null,
      "op_margin": 0.17761020535900568,
      "fcf_margin": 0.2844028493934607,
      "fcf_margin_change": -0.20904233672717193
    },
    {
      "date": "2021-06-30T00:00:00",
      "quarter_label": "2021-06 (Q2)",
      "revenue": 32220000,
      "gross_profit": null,
      "operating_income": 56449000,
      "net_income": 51055000,
      "opex": 26477000,
      "cogs": null,
      "rd": null,
      "sga": null,
      "fcf": 15262000,
      "ocf": 15262000,
      "capex": null,
      "gross_margin": null,
      "op_margin": 1.7519863438857852,
      "fcf_margin": 0.4736809435133457,
      "fcf_margin_change": 0.189278094119885
    },
    {
      "date": "2021-09-30T00:00:00",
      "quarter_label": "2021-09 (Q3)",
      "revenue": 30562000,
      "gross_profit": null,
      "operating_income": -76280000,
      "net_income": -80516000,
      "opex": 24106000,
      "cogs": null,
      "rd": null,
      "sga": null,
      "fcf": 7515000,
      "ocf": 7515000,
      "capex": null,
      "gross_margin": null,
      "op_margin": -2.495909953537072,
      "fcf_margin": 0.24589359335122046,
      "fcf_margin_change": -0.22778735016212526
    },
    {
      "date": "2021-12-31T00:00:00",
      "quarter_label": "2021-12 (Q4)",
      "revenue": 8913000,
      "gross_profit": null,
      "operating_income": -12495000,
      "net_income": -16750000,
      "opex": 24711000,
      "cogs": null,
      "rd": null,
      "sga": null,
      "fcf": 12643000,
      "ocf": 12643000,
      "capex": null,
      "gross_margin": null,
      "op_margin": -1.4018848872433525,
      "fcf_margin": 1.418489846291933,
      "incr_op_margin_yoy": 0.9775723967960567,
      "rev_growth_yoy": -0.7320043297853148,
      "fcf_margin_change": 1.1725962529407126
    },
    {
      "date": "2022-03-31T00:00:00",
      "quarter_label": "2022-03 (Q1)",
      "revenue": 30464000,
      "gross_profit": null,
      "operating_income": 3160000,
      "net_income": -1057000,
      "opex": 22862000,
      "cogs": null,
      "rd": null,
      "sga": null,
      "fcf": 8705000,
      "ocf": 8705000,
      "capex": null,
      "gross_margin": null,
      "op_margin": 0.10372899159663866,
      "fcf_margin": 0.28574711134453784,
      "incr_op_margin_yoy": 0.9067055393586005,
      "rev_growth_yoy": -0.09200918005424577,
      "rev_growth_yoy_accel": 0.6399951497310691,
      "op_leverage_ratio": Infinity,
      "fcf_margin_change": -1.1327427349473953
    },
    {
      "date": "2022-06-30T00:00:00",
      "quarter_label": "2022-06 (Q2)",
      "revenue": 8503000,
      "gross_profit": null,
      "operating_income": -31212000,
      "net_income": -42587000,
      "opex": 9256000,
      "cogs": null,
      "rd": null,
      "sga": null,
      "fcf": 7377000,
      "ocf": 7377000,
      "capex": null,
      "gross_margin": null,
      "op_margin": -3.670704457250382,
      "fcf_margin": 0.8675761495942609,
      "incr_op_margin_yoy": 3.6961251423029893,
      "rev_growth_yoy": -0.7360955927995034,
      "rev_growth_yoy_accel": -0.6440864127452577,
      "fcf_margin_change": 0.5818290382497231
    },
    {
      "date": "2022-09-30T00:00:00",
      "quarter_label": "2022-09 (Q3)",
      "revenue": 7984000,
      "gross_profit": null,
      "operating_income": -36834000,
      "net_income": 89309000,
      "opex": 11696000,
      "cogs": null,
      "rd": null,
      "sga": null,
      "fcf": -38506000,
      "ocf": -38506000,
      "capex": null,
      "gross_margin": null,
      "op_margin": -4.613476953907815,
      "fcf_margin": -4.822895791583166,
      "incr_op_margin_yoy": -1.747098945876517,
      "rev_growth_yoy": -0.7387605523198744,
      "rev_growth_yoy_accel": -0.0026649595203709353,
      "fcf_margin_change": -5.690471941177427
    },
    {
      "date": "2022-12-31T00:00:00",
      "quarter_label": "2022-12 (Q4)",
      "revenue": 9240000,
      "gross_profit": null,
      "operating_income": 4036000,
      "net_income": -1634000,
      "opex": 4408000,
      "cogs": null,
      "rd": null,
      "sga": null,
      "fcf": 1960000,
      "ocf": 1960000,
      "capex": null,
      "gross_margin": null,
      "op_margin": 0.4367965367965368,
      "fcf_margin": 0.21212121212121213,
      "rev_growth_yoy": 0.03668798384382363,
      "rev_growth_yoy_accel": 0.775448536163698,
      "op_leverage_ratio": Infinity,
      "fcf_margin_change": 5.035017003704378
    },
    {
      "date": "2023-03-31T00:00:00",
      "quarter_label": "2023-03 (Q1)",
      "revenue": 8923000,
      "gross_profit": null,
      "operating_income": 1918000,
      "net_income": 14000,
      "opex": 7005000,
      "cogs": null,
      "rd": null,
      "sga": null,
      "fcf": 1507000,
      "ocf": 1507000,
      "capex": null,
      "gross_margin": null,
      "op_margin": 0.2149501288804214,
      "fcf_margin": 0.16888938697747394,
      "incr_op_margin_yoy": 0.05765749036720672,
      "rev_growth_yoy": -0.7070969012605042,
      "rev_growth_yoy_accel": -0.7437848851043278,
      "fcf_margin_change": -0.04323182514373819
    },
    {
      "date": "2023-06-30T00:00:00",
      "quarter_label": "2023-06 (Q2)",
      "revenue": 8284000,
      "gross_profit": null,
      "operating_income": 884000,
      "net_income": -1067000,
      "opex": 7400000,
      "cogs": null,
      "rd": null,
      "sga": null,
      "fcf": 4299000,
      "ocf": 4299000,
      "capex": null,
      "gross_margin": null,
      "op_margin": 0.1067117334620956,
      "fcf_margin": 0.5189521970062771,
      "rev_growth_yoy": -0.025755615665059392,
      "rev_growth_yoy_accel": 0.6813412855954448,
      "fcf_margin_change": 0.35006281002880324
    },
    {
      "date": "2023-09-30T00:00:00",
      "quarter_label": "2023-09 (Q3)",
      "revenue": 8620000,
      "gross_profit": null,
      "operating_income": 4942000,
      "net_income": 2930000,
      "opex": 6340000,
      "cogs": null,
      "rd": null,
      "sga": null,
      "fcf": -881000,
      "ocf": -881000,
      "capex": null,
      "gross_margin": null,
      "op_margin": 0.5733178654292344,
      "fcf_margin": -0.10220417633410672,
      "rev_growth_yoy": 0.07965931863727455,
      "rev_growth_yoy_accel": 0.10541493430233394,
      "op_leverage_ratio": Infinity,
      "fcf_margin_change": -0.6211563733403839
    },
    {
      "date": "2023-12-31T00:00:00",
      "quarter_label": "2023-12 (Q4)",
      "revenue": 8805000,
      "gross_profit": null,
      "operating_income": 2287000,
      "net_income": 130000,
      "opex": 6518000,
      "cogs": null,
      "rd": null,
      "sga": null,
      "fcf": 3323000,
      "ocf": 3323000,
      "capex": null,
      "gross_margin": null,
      "op_margin": 0.25973878478137424,
      "fcf_margin": 0.37739920499716073,
      "rev_growth_yoy": -0.04707792207792208,
      "rev_growth_yoy_accel": -0.12673724071519663,
      "op_leverage_ratio": 0.764422951588936,
      "fcf_margin_change": 0.47960338133126745
    },
    {
      "date": "2024-03-31T00:00:00",
      "quarter_label": "2024-03 (Q1)",
      "revenue": 8765000,
      "gross_profit": null,
      "operating_income": 2500000,
      "net_income": 323000,
      "opex": 6265000,
      "cogs": null,
      "rd": null,
      "sga": null,
      "fcf": 2066000,
      "ocf": 2066000,
      "capex": null,
      "gross_margin": null,
      "op_margin": 0.2852253280091272,
      "fcf_margin": 0.23571021106674273,
      "rev_growth_yoy": -0.01770704919869999,
      "rev_growth_yoy_accel": 0.02937087287922209,
      "fcf_margin_change": -0.141688993930418
    },
    {
      "date": "2024-06-30T00:00:00",
      "quarter_label": "2024-06 (Q2)",
      "revenue": 8611000,
      "gross_profit": null,
      "operating_income": 2330000,
      "net_income": 18000,
      "opex": 6226000,
      "cogs": null,
      "rd": null,
      "sga": null,
      "fcf": 2022000,
      "ocf": 2022000,
      "capex": null,
      "gross_margin": null,
      "op_margin": 0.27058413656950414,
      "fcf_margin": 0.2348159331088143,
      "rev_growth_yoy": 0.039473684210526314,
      "rev_growth_yoy_accel": 0.0571807334092263,
      "fcf_margin_change": -0.0008942779579284299
    },
    {
      "date": "2024-09-30T00:00:00",
      "quarter_label": "2024-09 (Q3)",
      "revenue": 8111000,
      "gross_profit": null,
      "operating_income": 2824000,
      "net_income": 357000,
      "opex": 5926000,
      "cogs": null,
      "rd": null,
      "sga": null,
      "fcf": 1667000,
      "ocf": 1667000,
      "capex": null,
      "gross_margin": null,
      "op_margin": 0.34816915300209594,
      "fcf_margin": 0.2055233633337443,
      "rev_growth_yoy": -0.05904872389791183,
      "rev_growth_yoy_accel": -0.09852240810843815,
      "fcf_margin_change": -0.02929256977507
    },
    {
      "date": "2024-12-31T00:00:00",
      "quarter_label": "2024-12 (Q4)",
      "revenue": 9061000,
      "gross_profit": null,
      "operating_income": 5992000,
      "net_income": 3847000,
      "opex": 5893000,
      "cogs": null,
      "rd": null,
      "sga": null,
      "fcf": 3708000,
      "ocf": 3708000,
      "capex": null,
      "gross_margin": null,
      "op_margin": 0.661295662730383,
      "fcf_margin": 0.409226354706986,
      "rev_growth_yoy": 0.029074389551391255,
      "rev_growth_yoy_accel": 0.08812311344930308,
      "op_leverage_ratio": Infinity,
      "fcf_margin_change": 0.2037029913732417
    },
    {
      "date": "2025-03-31T00:00:00",
      "quarter_label": "2025-03 (Q1)",
      "revenue": 7415000,
      "gross_profit": null,
      "operating_income": 4149000,
      "net_income": 1445000,
      "opex": 5688000,
      "cogs": null,
      "rd": null,
      "sga": null,
      "fcf": 2258000,
      "ocf": 2258000,
      "capex": null,
      "gross_margin": null,
      "op_margin": 0.5595414699932569,
      "fcf_margin": 0.3045178691840863,
      "incr_op_margin_yoy": -1.2214814814814814,
      "rev_growth_yoy": -0.1540216771249287,
      "rev_growth_yoy_accel": -0.18309606667631995,
      "fcf_margin_change": -0.10470848552289969
    },
    {
      "date": "2025-06-30T00:00:00",
      "quarter_label": "2025-06 (Q2)",
      "revenue": 7455000,
      "gross_profit": null,
      "operating_income": 2105000,
      "net_income": -133000,
      "opex": 5350000,
      "cogs": null,
      "rd": null,
      "sga": null,
      "fcf": 1776000,
      "ocf": 1776000,
      "capex": null,
      "gross_margin": null,
      "op_margin": 0.2823608316566063,
      "fcf_margin": 0.23822937625754528,
      "incr_op_margin_yoy": 0.19463667820069205,
      "rev_growth_yoy": -0.13424689350830332,
      "rev_growth_yoy_accel": 0.01977478361662538,
      "fcf_margin_change": -0.06628849292654101
    },
    {
      "date": "2025-09-30T00:00:00",
      "quarter_label": "2025-09 (Q3)",
      "revenue": 6854000,
      "gross_profit": null,
      "operating_income": -2451000,
      "net_income": -5049000,
      "opex": 4869000,
      "cogs": null,
      "rd": null,
      "sga": null,
      "fcf": 1189000,
      "ocf": 1189000,
      "capex": null,
      "gross_margin": null,
      "op_margin": -0.3576014006419609,
      "fcf_margin": 0.17347534286548,
      "incr_op_margin_yoy": 4.196499602227526,
      "rev_growth_yoy": -0.1549747256811737,
      "rev_growth_yoy_accel": -0.020727832172870386,
      "fcf_margin_change": -0.06475403339206529
    }
  ],
  "signals": [
    {
      "quarter": "2025-03 (Q1)",
      "signal": "YoY REVENUE GROWTH DECELERATION",
      "detail": "YoY growth: -15.4% vs prior quarter YoY: +2.9% (decel: -18.3%)",
      "severity": "WARNING"
    },
    {
      "quarter": "2024-12 (Q4)",
      "signal": "FCF MARGIN EXPANSION",
      "detail": "FCF margin: +20.6% -> +40.9% (+20.4%)",
      "severity": "MEDIUM"
    },
    {
      "quarter": "2024-12 (Q4)",
      "signal": "YoY REVENUE GROWTH ACCELERATION",
      "detail": "YoY growth: +2.9% vs prior quarter YoY: -5.9% (accel: +8.8%)",
      "severity": "MEDIUM"
    },
    {
      "quarter": "2024-09 (Q3)",
      "signal": "YoY REVENUE GROWTH DECELERATION",
      "detail": "YoY growth: -5.9% vs prior quarter YoY: +3.9% (decel: -9.9%)",
      "severity": "WARNING"
    },
    {
      "quarter": "2024-06 (Q2)",
      "signal": "YoY REVENUE GROWTH ACCELERATION",
      "detail": "YoY growth: +3.9% vs prior quarter YoY: -1.8% (accel: +5.7%)",
      "severity": "MEDIUM"
    },
    {
      "quarter": "2023-12 (Q4)",
      "signal": "FCF TURNED POSITIVE",
      "detail": "FCF margin: -10.2% -> +37.7%",
      "severity": "HIGH"
    },
    {
      "quarter": "2023-12 (Q4)",
      "signal": "YoY REVENUE GROWTH DECELERATION",
      "detail": "YoY growth: -4.7% vs prior quarter YoY: +8.0% (decel: -12.7%)",
      "severity": "WARNING"
    },
    {
      "quarter": "2023-09 (Q3)",
      "signal": "YoY REVENUE GROWTH ACCELERATION",
      "detail": "YoY growth: +8.0% vs prior quarter YoY: -2.6% (accel: +10.5%)",
      "severity": "MEDIUM"
    },
    {
      "quarter": "2023-09 (Q3)",
      "signal": "OP MARGIN TURNED POSITIVE (YoY)",
      "detail": "Op margin: -461.3% (year-ago) -> +57.3%",
      "severity": "HIGH"
    },
    {
      "quarter": "2023-06 (Q2)",
      "signal": "FCF MARGIN EXPANSION",
      "detail": "FCF margin: +16.9% -> +51.9% (+35.0%)",
      "severity": "MEDIUM"
    },
    {
      "quarter": "2023-06 (Q2)",
      "signal": "YoY REVENUE GROWTH ACCELERATION",
      "detail": "YoY growth: -2.6% vs prior quarter YoY: -70.7% (accel: +68.1%)",
      "severity": "HIGH"
    },
    {
      "quarter": "2023-06 (Q2)",
      "signal": "OP MARGIN TURNED POSITIVE (YoY)",
      "detail": "Op margin: -367.1% (year-ago) -> +10.7%",
      "severity": "HIGH"
    },
    {
      "quarter": "2023-03 (Q1)",
      "signal": "YoY REVENUE GROWTH DECELERATION",
      "detail": "YoY growth: -70.7% vs prior quarter YoY: +3.7% (decel: -74.4%)",
      "severity": "WARNING"
    },
    {
      "quarter": "2022-12 (Q4)",
      "signal": "FCF TURNED POSITIVE",
      "detail": "FCF margin: -482.3% -> +21.2%",
      "severity": "HIGH"
    },
    {
      "quarter": "2022-12 (Q4)",
      "signal": "YoY REVENUE GROWTH ACCELERATION",
      "detail": "YoY growth: +3.7% vs prior quarter YoY: -73.9% (accel: +77.5%)",
      "severity": "HIGH"
    },
    {
      "quarter": "2022-12 (Q4)",
      "signal": "OP MARGIN TURNED POSITIVE (YoY)",
      "detail": "Op margin: -140.2% (year-ago) -> +43.7%",
      "severity": "HIGH"
    },
    {
      "quarter": "2022-12 (Q4)",
      "signal": "OP MARGIN TURNED POSITIVE (QoQ)",
      "detail": "Op margin: -461.3% -> +43.7%",
      "severity": "HIGH"
    },
    {
      "quarter": "2022-06 (Q2)",
      "signal": "FCF MARGIN EXPANSION",
      "detail": "FCF margin: +28.6% -> +86.8% (+58.2%)",
      "severity": "MEDIUM"
    },
    {
      "quarter": "2022-06 (Q2)",
      "signal": "YoY REVENUE GROWTH DECELERATION",
      "detail": "YoY growth: -73.6% vs prior quarter YoY: -9.2% (decel: -64.4%)",
      "severity": "WARNING"
    },
    {
      "quarter": "2022-03 (Q1)",
      "signal": "YoY REVENUE GROWTH ACCELERATION",
      "detail": "YoY growth: -9.2% vs prior quarter YoY: -73.2% (accel: +64.0%)",
      "severity": "HIGH"
    },
    {
      "quarter": "2022-03 (Q1)",
      "signal": "INCREMENTAL MARGIN (YoY)",
      "detail": "YoY Incr OPM: +90.7% vs year-ago OPM: +17.8%",
      "severity": "HIGH"
    },
    {
      "quarter": "2022-03 (Q1)",
      "signal": "OP MARGIN TURNED POSITIVE (QoQ)",
      "detail": "Op margin: -140.2% -> +10.4%",
      "severity": "HIGH"
    },
    {
      "quarter": "2021-12 (Q4)",
      "signal": "FCF MARGIN EXPANSION",
      "detail": "FCF margin: +24.6% -> +141.8% (+117.3%)",
      "severity": "MEDIUM"
    },
    {
      "quarter": "2021-06 (Q2)",
      "signal": "FCF MARGIN EXPANSION",
      "detail": "FCF margin: +28.4% -> +47.4% (+18.9%)",
      "severity": "MEDIUM"
    }
  ],
  "data_quality": {
    "n_quarters": 20,
    "coverage": {
      "revenue": [
        20,
        20
      ],
      "gross_profit": [
        0,
        20
      ],
      "op_income": [
        20,
        20
      ],
      "fcf": [
        20,
        20
      ]
    },
    "gaps": [],
    "warnings": [
      "gross_profit: no data"
    ]
  },
  "market_cap": null,
  "source": "SEC EDGAR",
  "last_updated": "2026-02-03T00:58:20.820439",
  "sector": "Real Estate",
  "industry": "REIT - Retail"
}