{
  "ticker": "CDW",
  "name": "CDW CORP",
  "quarters": [
    {
      "date": "2020-12-31T00:00:00",
      "quarter_label": "2020-12 (Q4)",
      "revenue": 4956200000,
      "gross_profit": 880900000,
      "operating_income": 332200000,
      "net_income": 238300000,
      "opex": 548700000,
      "cogs": 4075300000,
      "rd": null,
      "sga": 548700000,
      "fcf": 551500000,
      "ocf": 575900000,
      "capex": -24400000,
      "gross_margin": 0.1777369759089625,
      "op_margin": 0.06702715790323231,
      "fcf_margin": 0.11127476695855695
    },
    {
      "date": "2021-03-31T00:00:00",
      "quarter_label": "2021-03 (Q1)",
      "revenue": 4837500000,
      "gross_profit": 795200000,
      "operating_income": 323400000,
      "net_income": 232600000,
      "opex": 471800000,
      "cogs": 4042300000,
      "rd": null,
      "sga": 471800000,
      "fcf": 323900000,
      "ocf": 344600000,
      "capex": -20700000,
      "gross_margin": 0.16438242894056848,
      "op_margin": 0.06685271317829457,
      "fcf_margin": 0.06695607235142119,
      "fcf_margin_change": -0.044318694607135764
    },
    {
      "date": "2021-06-30T00:00:00",
      "quarter_label": "2021-06 (Q2)",
      "revenue": 5146400000,
      "gross_profit": 882800000,
      "operating_income": 369900000,
      "net_income": 274100000,
      "opex": 512900000,
      "cogs": 4263600000,
      "rd": null,
      "sga": 512900000,
      "fcf": -17500000,
      "ocf": 300000,
      "capex": -17800000,
      "gross_margin": 0.17153738535675422,
      "op_margin": 0.0718754857764651,
      "fcf_margin": -0.003400435255712731,
      "op_leverage_ratio": 0.733015308977285,
      "fcf_margin_change": -0.07035650760713393
    },
    {
      "date": "2021-09-30T00:00:00",
      "quarter_label": "2021-09 (Q3)",
      "revenue": 5300000000,
      "gross_profit": 914900000,
      "operating_income": 386400000,
      "net_income": 266600000,
      "opex": 528500000,
      "cogs": 4385100000,
      "rd": null,
      "sga": 528500000,
      "fcf": 264100000,
      "ocf": 291800000,
      "capex": -27700000,
      "gross_margin": 0.17262264150943396,
      "op_margin": 0.07290566037735849,
      "fcf_margin": 0.04983018867924528,
      "op_leverage_ratio": 0.9812863958674622,
      "fcf_margin_change": 0.05323062393495801
    },
    {
      "date": "2021-12-31T00:00:00",
      "quarter_label": "2021-12 (Q4)",
      "revenue": 5536900000,
      "gross_profit": 975600000,
      "operating_income": 339300000,
      "net_income": 215300000,
      "opex": 636300000,
      "cogs": 4561300000,
      "rd": null,
      "sga": 636300000,
      "fcf": 114100000,
      "ocf": 147900000,
      "capex": -33800000,
      "gross_margin": 0.17619967852047175,
      "op_margin": 0.061279777492820896,
      "fcf_margin": 0.02060719897415521,
      "incr_op_margin_yoy": 0.012226623041157224,
      "rev_growth_yoy": 0.11716637746660748,
      "op_leverage_ratio": 0.2191368537123254,
      "fcf_margin_change": -0.02922298970509007
    },
    {
      "date": "2022-03-31T00:00:00",
      "quarter_label": "2022-03 (Q1)",
      "revenue": 5949100000,
      "gross_profit": 1104100000,
      "operating_income": 386900000,
      "net_income": 250200000,
      "opex": 717200000,
      "cogs": 4845000000,
      "rd": null,
      "sga": 717200000,
      "fcf": 339500000,
      "ocf": 380800000,
      "capex": -41300000,
      "gross_margin": 0.18559109781311459,
      "op_margin": 0.06503504731808173,
      "fcf_margin": 0.05706745558151653,
      "incr_op_margin_yoy": 0.05712486505937388,
      "rev_growth_yoy": 0.22978811369509045,
      "rev_growth_yoy_accel": 0.11262173622848297,
      "op_leverage_ratio": 0.5855374932459539,
      "fcf_margin_change": 0.036460256607361324
    },
    {
      "date": "2022-06-30T00:00:00",
      "quarter_label": "2022-06 (Q2)",
      "revenue": 6145800000,
      "gross_profit": 1168200000,
      "operating_income": 435300000,
      "net_income": 279300000,
      "opex": 732900000,
      "cogs": 4977600000,
      "rd": null,
      "sga": 732900000,
      "fcf": 358000000,
      "ocf": 380300000,
      "capex": -22300000,
      "gross_margin": 0.19008103094796447,
      "op_margin": 0.07082885873279313,
      "fcf_margin": 0.058251163396140455,
      "incr_op_margin_yoy": 0.06543926355813488,
      "rev_growth_yoy": 0.19419399968910306,
      "rev_growth_yoy_accel": -0.03559411400598739,
      "op_leverage_ratio": 1.510406059386813,
      "fcf_margin_change": 0.001183707814623923
    },
    {
      "date": "2022-09-30T00:00:00",
      "quarter_label": "2022-09 (Q3)",
      "revenue": 6215500000,
      "gross_profit": 1233200000,
      "operating_income": 466400000,
      "net_income": 297800000,
      "opex": 766800000,
      "cogs": 4982300000,
      "rd": null,
      "sga": 766800000,
      "fcf": 299300000,
      "ocf": 332900000,
      "capex": -33600000,
      "gross_margin": 0.19840720778698415,
      "op_margin": 0.07503821092430214,
      "fcf_margin": 0.04815380902582254,
      "incr_op_margin_yoy": 0.08738394320043692,
      "rev_growth_yoy": 0.17273584905660377,
      "rev_growth_yoy_accel": -0.021458150632499284,
      "op_leverage_ratio": 0.24518809449549978,
      "fcf_margin_change": -0.010097354370317918
    },
    {
      "date": "2022-12-31T00:00:00",
      "quarter_label": "2022-12 (Q4)",
      "revenue": 5438300000,
      "gross_profit": 1181100000,
      "operating_income": 446600000,
      "net_income": 287200000,
      "opex": 734500000,
      "cogs": 4257200000,
      "rd": null,
      "sga": 734500000,
      "fcf": 211300000,
      "ocf": 241900000,
      "capex": -30600000,
      "gross_margin": 0.21718183991320816,
      "op_margin": 0.08212125112627108,
      "fcf_margin": 0.03885405365647353,
      "incr_op_margin_yoy": -1.088235294117647,
      "rev_growth_yoy": -0.017807798587657353,
      "rev_growth_yoy_accel": -0.19054364764426113,
      "fcf_margin_change": -0.00929975536934901
    },
    {
      "date": "2023-03-31T00:00:00",
      "quarter_label": "2023-03 (Q1)",
      "revenue": 5103100000,
      "gross_profit": 1089400000,
      "operating_income": 355300000,
      "net_income": 230100000,
      "opex": 734100000,
      "cogs": 4013700000,
      "rd": null,
      "sga": 734100000,
      "fcf": 333700000,
      "ocf": 365400000,
      "capex": -31700000,
      "gross_margin": 0.21347808195018714,
      "op_margin": 0.06962434598577336,
      "fcf_margin": 0.06539162469871254,
      "incr_op_margin_yoy": 0.03735224586288416,
      "rev_growth_yoy": -0.1422063841589484,
      "rev_growth_yoy_accel": -0.12439858557129105,
      "fcf_margin_change": 0.026537571042239014
    },
    {
      "date": "2023-06-30T00:00:00",
      "quarter_label": "2023-06 (Q2)",
      "revenue": 5626100000,
      "gross_profit": 1181500000,
      "operating_income": 412200000,
      "net_income": 262600000,
      "opex": 769300000,
      "cogs": 4444600000,
      "rd": null,
      "sga": 769300000,
      "fcf": 188600000,
      "ocf": 228200000,
      "capex": -39600000,
      "gross_margin": 0.21000337711736372,
      "op_margin": 0.07326567249071293,
      "fcf_margin": 0.03352233341035531,
      "incr_op_margin_yoy": 0.0444487204156244,
      "rev_growth_yoy": -0.08456181457255361,
      "rev_growth_yoy_accel": 0.05764456958639479,
      "op_leverage_ratio": 2.13737227015308,
      "fcf_margin_change": -0.031869291288357235
    },
    {
      "date": "2023-09-30T00:00:00",
      "quarter_label": "2023-09 (Q3)",
      "revenue": 5628300000,
      "gross_profit": 1227700000,
      "operating_income": 478400000,
      "net_income": 315500000,
      "opex": 749300000,
      "cogs": 4400600000,
      "rd": null,
      "sga": 749300000,
      "fcf": 425200000,
      "ocf": 468600000,
      "capex": -43400000,
      "gross_margin": 0.2181298082902475,
      "op_margin": 0.08499902279551552,
      "fcf_margin": 0.07554679032745235,
      "incr_op_margin_yoy": -0.020435967302452316,
      "rev_growth_yoy": -0.09447349368514199,
      "rev_growth_yoy_accel": -0.009911679112588376,
      "fcf_margin_change": 0.04202445691709704
    },
    {
      "date": "2023-12-31T00:00:00",
      "quarter_label": "2023-12 (Q4)",
      "revenue": 5018500000,
      "gross_profit": 1153800000,
      "operating_income": 435000000,
      "net_income": 296100000,
      "opex": 718800000,
      "cogs": 3864700000,
      "rd": null,
      "sga": 718800000,
      "fcf": 503000000,
      "ocf": 536500000,
      "capex": -33500000,
      "gross_margin": 0.22990933545880243,
      "op_margin": 0.0866792866394341,
      "fcf_margin": 0.10022915213709276,
      "incr_op_margin_yoy": 0.027632205812291567,
      "rev_growth_yoy": -0.07719324053472593,
      "rev_growth_yoy_accel": 0.017280253150416064,
      "fcf_margin_change": 0.02468236180964041
    },
    {
      "date": "2024-03-31T00:00:00",
      "quarter_label": "2024-03 (Q1)",
      "revenue": 4872700000,
      "gross_profit": 1063300000,
      "operating_income": 328000000,
      "net_income": 216100000,
      "opex": 735300000,
      "cogs": 3809400000,
      "rd": null,
      "sga": 735300000,
      "fcf": 410500000,
      "ocf": 440000000,
      "capex": -29500000,
      "gross_margin": 0.21821577359574773,
      "op_margin": 0.06731380959221786,
      "fcf_margin": 0.08424487450489462,
      "incr_op_margin_yoy": 0.11848958333333333,
      "rev_growth_yoy": -0.045149027061981935,
      "rev_growth_yoy_accel": 0.03204421347274399,
      "fcf_margin_change": -0.015984277632198132
    },
    {
      "date": "2024-06-30T00:00:00",
      "quarter_label": "2024-06 (Q2)",
      "revenue": 5423400000,
      "gross_profit": 1183100000,
      "operating_income": 433100000,
      "net_income": 281100000,
      "opex": 750000000,
      "cogs": 4240300000,
      "rd": null,
      "sga": 750000000,
      "fcf": 119000000,
      "ocf": 149900000,
      "capex": -30900000,
      "gross_margin": 0.21814728767931557,
      "op_margin": 0.07985765387026589,
      "fcf_margin": 0.02194195523103588,
      "incr_op_margin_yoy": -0.10310804144055254,
      "rev_growth_yoy": -0.036028509980270525,
      "rev_growth_yoy_accel": 0.00912051708171141,
      "op_leverage_ratio": 5.653177658281898,
      "fcf_margin_change": -0.06230291927385874
    },
    {
      "date": "2024-09-30T00:00:00",
      "quarter_label": "2024-09 (Q3)",
      "revenue": 5516600000,
      "gross_profit": 1200700000,
      "operating_income": 481600000,
      "net_income": 316400000,
      "opex": 719100000,
      "cogs": 4315900000,
      "rd": null,
      "sga": 719100000,
      "fcf": 308500000,
      "ocf": 342100000,
      "capex": -33600000,
      "gross_margin": 0.21765217706558387,
      "op_margin": 0.08730014864227967,
      "fcf_margin": 0.055922125947141355,
      "incr_op_margin_yoy": -0.02864816472694718,
      "rev_growth_yoy": -0.019846134712080025,
      "rev_growth_yoy_accel": 0.0161823752681905,
      "op_leverage_ratio": Infinity,
      "fcf_margin_change": 0.03398017071610547
    },
    {
      "date": "2024-12-31T00:00:00",
      "quarter_label": "2024-12 (Q4)",
      "revenue": 5186000000,
      "gross_profit": 1155300000,
      "operating_income": 408600000,
      "net_income": 264200000,
      "opex": 746700000,
      "cogs": 4030700000,
      "rd": null,
      "sga": 746700000,
      "fcf": 316700000,
      "ocf": 345300000,
      "capex": -28600000,
      "gross_margin": 0.2227728499807173,
      "op_margin": 0.078789047435403,
      "fcf_margin": 0.061068260701889705,
      "incr_op_margin_yoy": -0.15761194029850747,
      "rev_growth_yoy": 0.033376506924379795,
      "rev_growth_yoy_accel": 0.053222641636459816,
      "fcf_margin_change": 0.005146134754748351
    },
    {
      "date": "2025-03-31T00:00:00",
      "quarter_label": "2025-03 (Q1)",
      "revenue": 5199100000,
      "gross_profit": 1122300000,
      "operating_income": 361400000,
      "net_income": 224900000,
      "opex": 760900000,
      "cogs": 4076800000,
      "rd": null,
      "sga": 760900000,
      "fcf": 260300000,
      "ocf": 287200000,
      "capex": -26900000,
      "gross_margin": 0.21586428420303513,
      "op_margin": 0.06951203092842992,
      "fcf_margin": 0.050066357638822105,
      "incr_op_margin_yoy": 0.10232843137254902,
      "rev_growth_yoy": 0.06698544954542655,
      "rev_growth_yoy_accel": 0.03360894262104676,
      "fcf_margin_change": -0.0110019030630676
    },
    {
      "date": "2025-06-30T00:00:00",
      "quarter_label": "2025-06 (Q2)",
      "revenue": 5976600000,
      "gross_profit": 1241200000,
      "operating_income": 420200000,
      "net_income": 271200000,
      "opex": 821000000,
      "cogs": 4735400000,
      "rd": null,
      "sga": 821000000,
      "fcf": 133400000,
      "ocf": 155900000,
      "capex": -22500000,
      "gross_margin": 0.20767660542783523,
      "op_margin": 0.07030753271090587,
      "fcf_margin": 0.022320382826356122,
      "incr_op_margin_yoy": -0.023318872017353578,
      "rev_growth_yoy": 0.10200243389755503,
      "rev_growth_yoy_accel": 0.03501698435212848,
      "op_leverage_ratio": 1.893325739118229,
      "fcf_margin_change": -0.027745974812465983
    },
    {
      "date": "2025-09-30T00:00:00",
      "quarter_label": "2025-09 (Q3)",
      "revenue": 5737400000,
      "gross_profit": 1255500000,
      "operating_income": 443300000,
      "net_income": 291000000,
      "opex": 812200000,
      "cogs": 4481900000,
      "rd": null,
      "sga": 812200000,
      "fcf": 298500000,
      "ocf": 328300000,
      "capex": -29800000,
      "gross_margin": 0.21882734339596333,
      "op_margin": 0.07726496322375989,
      "fcf_margin": 0.05202705058040227,
      "incr_op_margin_yoy": -0.17346014492753623,
      "rev_growth_yoy": 0.04002465286589566,
      "rev_growth_yoy_accel": -0.06197778103165937,
      "fcf_margin_change": 0.02970666775404615
    }
  ],
  "signals": [
    {
      "quarter": "2025-09 (Q3)",
      "signal": "YoY REVENUE GROWTH DECELERATION",
      "detail": "YoY growth: +4.0% vs prior quarter YoY: +10.2% (decel: -6.2%)",
      "severity": "WARNING"
    },
    {
      "quarter": "2025-06 (Q2)",
      "signal": "OPERATING LEVERAGE",
      "detail": "Rev growth +15.0% vs OpEx growth +7.9% (leverage: 1.9x)",
      "severity": "MEDIUM"
    },
    {
      "quarter": "2024-12 (Q4)",
      "signal": "YoY REVENUE GROWTH ACCELERATION",
      "detail": "YoY growth: +3.3% vs prior quarter YoY: -2.0% (accel: +5.3%)",
      "severity": "MEDIUM"
    },
    {
      "quarter": "2024-06 (Q2)",
      "signal": "OPERATING LEVERAGE",
      "detail": "Rev growth +11.3% vs OpEx growth +2.0% (leverage: 5.7x)",
      "severity": "MEDIUM"
    },
    {
      "quarter": "2023-06 (Q2)",
      "signal": "OPERATING LEVERAGE",
      "detail": "Rev growth +10.2% vs OpEx growth +4.8% (leverage: 2.1x)",
      "severity": "MEDIUM"
    },
    {
      "quarter": "2023-06 (Q2)",
      "signal": "YoY REVENUE GROWTH ACCELERATION",
      "detail": "YoY growth: -8.5% vs prior quarter YoY: -14.2% (accel: +5.8%)",
      "severity": "MEDIUM"
    },
    {
      "quarter": "2023-03 (Q1)",
      "signal": "YoY REVENUE GROWTH DECELERATION",
      "detail": "YoY growth: -14.2% vs prior quarter YoY: -1.8% (decel: -12.4%)",
      "severity": "WARNING"
    },
    {
      "quarter": "2022-12 (Q4)",
      "signal": "YoY REVENUE GROWTH DECELERATION",
      "detail": "YoY growth: -1.8% vs prior quarter YoY: +17.3% (decel: -19.1%)",
      "severity": "WARNING"
    },
    {
      "quarter": "2022-06 (Q2)",
      "signal": "OPERATING LEVERAGE",
      "detail": "Rev growth +3.3% vs OpEx growth +2.2% (leverage: 1.5x)",
      "severity": "MEDIUM"
    },
    {
      "quarter": "2022-03 (Q1)",
      "signal": "YoY REVENUE GROWTH ACCELERATION",
      "detail": "YoY growth: +23.0% vs prior quarter YoY: +11.7% (accel: +11.3%)",
      "severity": "MEDIUM"
    },
    {
      "quarter": "2021-09 (Q3)",
      "signal": "FCF TURNED POSITIVE",
      "detail": "FCF margin: -0.3% -> +5.0%",
      "severity": "HIGH"
    }
  ],
  "data_quality": {
    "n_quarters": 20,
    "coverage": {
      "revenue": [
        20,
        20
      ],
      "gross_profit": [
        20,
        20
      ],
      "op_income": [
        20,
        20
      ],
      "fcf": [
        20,
        20
      ]
    },
    "gaps": [],
    "warnings": []
  },
  "market_cap": null,
  "source": "SEC EDGAR",
  "last_updated": "2026-02-02T20:23:35.866169",
  "sector": "Technology",
  "industry": "Information Technology Services"
}