{
  "ticker": "CEG",
  "name": "CONSTELLATION ENERGY CORPORATION",
  "quarters": [
    {
      "date": "2021-03-31T00:00:00",
      "quarter_label": "2021-03 (Q1)",
      "revenue": 5559000000,
      "gross_profit": null,
      "operating_income": -1042000000,
      "net_income": -793000000,
      "opex": 6672000000,
      "cogs": null,
      "rd": null,
      "sga": null,
      "fcf": -1994000000,
      "ocf": -1612000000,
      "capex": -382000000,
      "gross_margin": null,
      "op_margin": -0.1874437848533909,
      "fcf_margin": -0.3586976074833603
    },
    {
      "date": "2021-06-30T00:00:00",
      "quarter_label": "2021-06 (Q2)",
      "revenue": 4153000000,
      "gross_profit": null,
      "operating_income": -308000000,
      "net_income": -61000000,
      "opex": 4469000000,
      "cogs": null,
      "rd": null,
      "sga": null,
      "fcf": 918000000,
      "ocf": 1255000000,
      "capex": -337000000,
      "gross_margin": null,
      "op_margin": -0.07416325547796773,
      "fcf_margin": 0.2210450276908259,
      "fcf_margin_change": 0.5797426351741862
    },
    {
      "date": "2021-09-30T00:00:00",
      "quarter_label": "2021-09 (Q3)",
      "revenue": 4406000000,
      "gross_profit": null,
      "operating_income": 1006000000,
      "net_income": 607000000,
      "opex": 3465000000,
      "cogs": null,
      "rd": null,
      "sga": null,
      "fcf": 964000000,
      "ocf": 1331000000,
      "capex": -367000000,
      "gross_margin": null,
      "op_margin": 0.2283250113481616,
      "fcf_margin": 0.21879255560599184,
      "op_leverage_ratio": Infinity,
      "fcf_margin_change": -0.002252472084834062
    },
    {
      "date": "2021-12-31T00:00:00",
      "quarter_label": "2021-12 (Q4)",
      "revenue": 5532000000,
      "gross_profit": null,
      "operating_income": -2000000,
      "net_income": 42000000,
      "opex": 5591000000,
      "cogs": null,
      "rd": null,
      "sga": null,
      "fcf": -2555000000,
      "ocf": -2312000000,
      "capex": -243000000,
      "gross_margin": null,
      "op_margin": -0.00036153289949385393,
      "fcf_margin": -0.4618582791033984,
      "op_leverage_ratio": 0.41651809791573885,
      "fcf_margin_change": -0.6806508347093903
    },
    {
      "date": "2022-03-31T00:00:00",
      "quarter_label": "2022-03 (Q1)",
      "revenue": 5591000000,
      "gross_profit": null,
      "operating_income": 435000000,
      "net_income": 106000000,
      "opex": 5172000000,
      "cogs": null,
      "rd": null,
      "sga": null,
      "fcf": 941000000,
      "ocf": 1351000000,
      "capex": -410000000,
      "gross_margin": null,
      "op_margin": 0.07780361294938294,
      "fcf_margin": 0.16830620640314792,
      "incr_op_margin_yoy": 46.15625,
      "rev_growth_yoy": 0.005756431012772081,
      "op_leverage_ratio": Infinity,
      "fcf_margin_change": 0.6301644855065462
    },
    {
      "date": "2022-06-30T00:00:00",
      "quarter_label": "2022-06 (Q2)",
      "revenue": 5465000000,
      "gross_profit": null,
      "operating_income": 272000000,
      "net_income": -111000000,
      "opex": 5191000000,
      "cogs": null,
      "rd": null,
      "sga": null,
      "fcf": -478000000,
      "ocf": -88000000,
      "capex": -390000000,
      "gross_margin": null,
      "op_margin": 0.049771271729185725,
      "fcf_margin": -0.08746569075937786,
      "incr_op_margin_yoy": 0.4420731707317073,
      "rev_growth_yoy": 0.31591620515290153,
      "rev_growth_yoy_accel": 0.31015977414012946,
      "fcf_margin_change": -0.2557718971625258
    },
    {
      "date": "2022-09-30T00:00:00",
      "quarter_label": "2022-09 (Q3)",
      "revenue": 6051000000,
      "gross_profit": null,
      "operating_income": -41000000,
      "net_income": -188000000,
      "opex": 6091000000,
      "cogs": null,
      "rd": null,
      "sga": null,
      "fcf": -1484000000,
      "ocf": -1194000000,
      "capex": -290000000,
      "gross_margin": null,
      "op_margin": -0.006775739547182284,
      "fcf_margin": -0.24524871921996363,
      "incr_op_margin_yoy": -0.6364741641337386,
      "rev_growth_yoy": 0.3733545165683159,
      "rev_growth_yoy_accel": 0.05743831141541439,
      "op_leverage_ratio": 0.6184661990444241,
      "fcf_margin_change": -0.15778302846058578
    },
    {
      "date": "2022-12-31T00:00:00",
      "quarter_label": "2022-12 (Q4)",
      "revenue": 7333000000,
      "gross_profit": null,
      "operating_income": -172000000,
      "net_income": 34000000,
      "opex": 7493000000,
      "cogs": null,
      "rd": null,
      "sga": null,
      "fcf": -3021000000,
      "ocf": -2422000000,
      "capex": -599000000,
      "gross_margin": null,
      "op_margin": -0.023455611618709942,
      "fcf_margin": -0.4119732715123415,
      "incr_op_margin_yoy": -0.09439200444197668,
      "rev_growth_yoy": 0.3255603759942155,
      "rev_growth_yoy_accel": -0.04779414057410042,
      "op_leverage_ratio": 0.9204526621199595,
      "fcf_margin_change": -0.16672455229237784
    },
    {
      "date": "2023-03-31T00:00:00",
      "quarter_label": "2023-03 (Q1)",
      "revenue": 7565000000,
      "gross_profit": null,
      "operating_income": 31000000,
      "net_income": 96000000,
      "opex": 7560000000,
      "cogs": null,
      "rd": null,
      "sga": null,
      "fcf": -1594000000,
      "ocf": -934000000,
      "capex": -660000000,
      "gross_margin": null,
      "op_margin": 0.004097818902842036,
      "fcf_margin": -0.2107072042300066,
      "incr_op_margin_yoy": -0.20466058763931105,
      "rev_growth_yoy": 0.35306742979788946,
      "rev_growth_yoy_accel": 0.027507053803673964,
      "op_leverage_ratio": 3.538239526491367,
      "fcf_margin_change": 0.20126606728233487
    },
    {
      "date": "2023-06-30T00:00:00",
      "quarter_label": "2023-06 (Q2)",
      "revenue": 5446000000,
      "gross_profit": null,
      "operating_income": 669000000,
      "net_income": 833000000,
      "opex": 4777000000,
      "cogs": null,
      "rd": null,
      "sga": null,
      "fcf": -868000000,
      "ocf": -192000000,
      "capex": -676000000,
      "gross_margin": null,
      "op_margin": 0.12284245317664341,
      "fcf_margin": -0.15938303341902313,
      "incr_op_margin_yoy": -20.894736842105264,
      "rev_growth_yoy": -0.0034766697163769443,
      "rev_growth_yoy_accel": -0.3565440995142664,
      "fcf_margin_change": 0.05132417081098348
    },
    {
      "date": "2023-09-30T00:00:00",
      "quarter_label": "2023-09 (Q3)",
      "revenue": 6111000000,
      "gross_profit": null,
      "operating_income": 977000000,
      "net_income": 731000000,
      "opex": 5134000000,
      "cogs": null,
      "rd": null,
      "sga": null,
      "fcf": -1392000000,
      "ocf": -993000000,
      "capex": -399000000,
      "gross_margin": null,
      "op_margin": 0.1598756341024382,
      "fcf_margin": -0.22778595974472263,
      "incr_op_margin_yoy": 16.966666666666665,
      "rev_growth_yoy": 0.00991571641051066,
      "rev_growth_yoy_accel": 0.013392386126887604,
      "op_leverage_ratio": 1.6339209205533114,
      "fcf_margin_change": -0.0684029263256995
    },
    {
      "date": "2023-12-31T00:00:00",
      "quarter_label": "2023-12 (Q4)",
      "revenue": 5796000000,
      "gross_profit": null,
      "operating_income": -67000000,
      "net_income": -37000000,
      "opex": 5862000000,
      "cogs": null,
      "rd": null,
      "sga": null,
      "fcf": -3869000000,
      "ocf": -3182000000,
      "capex": -687000000,
      "gross_margin": null,
      "op_margin": -0.011559696342305038,
      "fcf_margin": -0.6675293305728088,
      "incr_op_margin_yoy": -0.06831489915419649,
      "rev_growth_yoy": -0.20960043638347198,
      "rev_growth_yoy_accel": -0.21951615279398265,
      "fcf_margin_change": -0.43974337082808623
    },
    {
      "date": "2024-03-31T00:00:00",
      "quarter_label": "2024-03 (Q1)",
      "revenue": 6161000000,
      "gross_profit": null,
      "operating_income": 813000000,
      "net_income": 883000000,
      "opex": 5348000000,
      "cogs": null,
      "rd": null,
      "sga": null,
      "fcf": -1461000000,
      "ocf": -723000000,
      "capex": -738000000,
      "gross_margin": null,
      "op_margin": 0.13195909754909918,
      "fcf_margin": -0.23713682843694206,
      "incr_op_margin_yoy": -0.5569800569800569,
      "rev_growth_yoy": -0.18559153998678124,
      "rev_growth_yoy_accel": 0.024008896396690738,
      "op_leverage_ratio": Infinity,
      "fcf_margin_change": 0.4303925021358668
    },
    {
      "date": "2024-06-30T00:00:00",
      "quarter_label": "2024-06 (Q2)",
      "revenue": 5475000000,
      "gross_profit": null,
      "operating_income": 1100000000,
      "net_income": 814000000,
      "opex": 4375000000,
      "cogs": null,
      "rd": null,
      "sga": null,
      "fcf": -1159000000,
      "ocf": -613000000,
      "capex": -546000000,
      "gross_margin": null,
      "op_margin": 0.2009132420091324,
      "fcf_margin": -0.21168949771689496,
      "incr_op_margin_yoy": 14.862068965517242,
      "rev_growth_yoy": 0.005325009181050312,
      "rev_growth_yoy_accel": 0.19091654916783155,
      "fcf_margin_change": 0.025447330720047096
    },
    {
      "date": "2024-09-30T00:00:00",
      "quarter_label": "2024-09 (Q3)",
      "revenue": 6550000000,
      "gross_profit": null,
      "operating_income": 1467000000,
      "net_income": 1200000000,
      "opex": 5085000000,
      "cogs": null,
      "rd": null,
      "sga": null,
      "fcf": -664000000,
      "ocf": -112000000,
      "capex": -552000000,
      "gross_margin": null,
      "op_margin": 0.22396946564885495,
      "fcf_margin": -0.10137404580152672,
      "incr_op_margin_yoy": 1.1161731207289294,
      "rev_growth_yoy": 0.0718376697758141,
      "rev_growth_yoy_accel": 0.0665126605947638,
      "op_leverage_ratio": 1.2098848800565953,
      "fcf_margin_change": 0.11031545191536825
    },
    {
      "date": "2024-12-31T00:00:00",
      "quarter_label": "2024-12 (Q4)",
      "revenue": 5382000000,
      "gross_profit": null,
      "operating_income": 972000000,
      "net_income": 852000000,
      "opex": 4479000000,
      "cogs": null,
      "rd": null,
      "sga": null,
      "fcf": -1745000000,
      "ocf": -1016000000,
      "capex": -729000000,
      "gross_margin": null,
      "op_margin": 0.1806020066889632,
      "fcf_margin": -0.3242289111854329,
      "incr_op_margin_yoy": -2.5096618357487923,
      "rev_growth_yoy": -0.07142857142857142,
      "rev_growth_yoy_accel": -0.14326624120438552,
      "fcf_margin_change": -0.2228548653839062
    },
    {
      "date": "2025-03-31T00:00:00",
      "quarter_label": "2025-03 (Q1)",
      "revenue": 6788000000,
      "gross_profit": null,
      "operating_income": 451000000,
      "net_income": 118000000,
      "opex": 6337000000,
      "cogs": null,
      "rd": null,
      "sga": null,
      "fcf": -699000000,
      "ocf": 107000000,
      "capex": -806000000,
      "gross_margin": null,
      "op_margin": 0.0664407778432528,
      "fcf_margin": -0.10297583971714791,
      "incr_op_margin_yoy": -0.5773524720893142,
      "rev_growth_yoy": 0.1017691933127739,
      "rev_growth_yoy_accel": 0.17319776474134532,
      "op_leverage_ratio": 0.6297627662114956,
      "fcf_margin_change": 0.221253071468285
    },
    {
      "date": "2025-06-30T00:00:00",
      "quarter_label": "2025-06 (Q2)",
      "revenue": 6101000000,
      "gross_profit": null,
      "operating_income": 951000000,
      "net_income": 839000000,
      "opex": 5150000000,
      "cogs": null,
      "rd": null,
      "sga": null,
      "fcf": 710000000,
      "ocf": 1477000000,
      "capex": -767000000,
      "gross_margin": null,
      "op_margin": 0.1558760858875594,
      "fcf_margin": 0.11637436485821996,
      "incr_op_margin_yoy": -0.2380191693290735,
      "rev_growth_yoy": 0.114337899543379,
      "rev_growth_yoy_accel": 0.012568706230605103,
      "fcf_margin_change": 0.21935020457536786
    },
    {
      "date": "2025-09-30T00:00:00",
      "quarter_label": "2025-09 (Q3)",
      "revenue": 6570000000,
      "gross_profit": null,
      "operating_income": 1086000000,
      "net_income": 930000000,
      "opex": 5484000000,
      "cogs": null,
      "rd": null,
      "sga": null,
      "fcf": 1458000000,
      "ocf": 1848000000,
      "capex": -390000000,
      "gross_margin": null,
      "op_margin": 0.16529680365296803,
      "fcf_margin": 0.2219178082191781,
      "incr_op_margin_yoy": -19.05,
      "rev_growth_yoy": 0.0030534351145038168,
      "rev_growth_yoy_accel": -0.11128446442887518,
      "op_leverage_ratio": 1.1853117237087865,
      "fcf_margin_change": 0.10554344336095813
    }
  ],
  "signals": [
    {
      "quarter": "2025-09 (Q3)",
      "signal": "FCF MARGIN EXPANSION",
      "detail": "FCF margin: +11.6% -> +22.2% (+10.6%)",
      "severity": "MEDIUM"
    },
    {
      "quarter": "2025-09 (Q3)",
      "signal": "YoY REVENUE GROWTH DECELERATION",
      "detail": "YoY growth: +0.3% vs prior quarter YoY: +11.4% (decel: -11.1%)",
      "severity": "WARNING"
    },
    {
      "quarter": "2025-06 (Q2)",
      "signal": "FCF TURNED POSITIVE",
      "detail": "FCF margin: -10.3% -> +11.6%",
      "severity": "HIGH"
    },
    {
      "quarter": "2025-03 (Q1)",
      "signal": "FCF MARGIN EXPANSION",
      "detail": "FCF margin: -32.4% -> -10.3% (+22.1%)",
      "severity": "MEDIUM"
    },
    {
      "quarter": "2025-03 (Q1)",
      "signal": "YoY REVENUE GROWTH ACCELERATION",
      "detail": "YoY growth: +10.2% vs prior quarter YoY: -7.1% (accel: +17.3%)",
      "severity": "HIGH"
    },
    {
      "quarter": "2024-12 (Q4)",
      "signal": "YoY REVENUE GROWTH DECELERATION",
      "detail": "YoY growth: -7.1% vs prior quarter YoY: +7.2% (decel: -14.3%)",
      "severity": "WARNING"
    },
    {
      "quarter": "2024-12 (Q4)",
      "signal": "OP MARGIN TURNED POSITIVE (YoY)",
      "detail": "Op margin: -1.2% (year-ago) -> +18.1%",
      "severity": "HIGH"
    },
    {
      "quarter": "2024-09 (Q3)",
      "signal": "FCF MARGIN EXPANSION",
      "detail": "FCF margin: -21.2% -> -10.1% (+11.0%)",
      "severity": "MEDIUM"
    },
    {
      "quarter": "2024-09 (Q3)",
      "signal": "YoY REVENUE GROWTH ACCELERATION",
      "detail": "YoY growth: +7.2% vs prior quarter YoY: +0.5% (accel: +6.7%)",
      "severity": "MEDIUM"
    },
    {
      "quarter": "2024-09 (Q3)",
      "signal": "INCREMENTAL MARGIN (YoY)",
      "detail": "YoY Incr OPM: +111.6% vs year-ago OPM: +16.0%",
      "severity": "HIGH"
    },
    {
      "quarter": "2024-06 (Q2)",
      "signal": "YoY REVENUE GROWTH ACCELERATION",
      "detail": "YoY growth: +0.5% vs prior quarter YoY: -18.6% (accel: +19.1%)",
      "severity": "HIGH"
    },
    {
      "quarter": "2024-06 (Q2)",
      "signal": "INCREMENTAL MARGIN (YoY)",
      "detail": "YoY Incr OPM: +1486.2% vs year-ago OPM: +12.3%",
      "severity": "HIGH"
    },
    {
      "quarter": "2024-03 (Q1)",
      "signal": "FCF MARGIN EXPANSION",
      "detail": "FCF margin: -66.8% -> -23.7% (+43.0%)",
      "severity": "MEDIUM"
    },
    {
      "quarter": "2024-03 (Q1)",
      "signal": "OP MARGIN TURNED POSITIVE (QoQ)",
      "detail": "Op margin: -1.2% -> +13.2%",
      "severity": "HIGH"
    },
    {
      "quarter": "2023-12 (Q4)",
      "signal": "YoY REVENUE GROWTH DECELERATION",
      "detail": "YoY growth: -21.0% vs prior quarter YoY: +1.0% (decel: -22.0%)",
      "severity": "WARNING"
    },
    {
      "quarter": "2023-09 (Q3)",
      "signal": "OPERATING LEVERAGE",
      "detail": "Rev growth +12.2% vs OpEx growth +7.5% (leverage: 1.6x)",
      "severity": "MEDIUM"
    },
    {
      "quarter": "2023-09 (Q3)",
      "signal": "OP MARGIN TURNED POSITIVE (YoY)",
      "detail": "Op margin: -0.7% (year-ago) -> +16.0%",
      "severity": "HIGH"
    },
    {
      "quarter": "2023-06 (Q2)",
      "signal": "FCF MARGIN EXPANSION",
      "detail": "FCF margin: -21.1% -> -15.9% (+5.1%)",
      "severity": "MEDIUM"
    },
    {
      "quarter": "2023-06 (Q2)",
      "signal": "YoY REVENUE GROWTH DECELERATION",
      "detail": "YoY growth: -0.3% vs prior quarter YoY: +35.3% (decel: -35.7%)",
      "severity": "WARNING"
    },
    {
      "quarter": "2023-03 (Q1)",
      "signal": "FCF MARGIN EXPANSION",
      "detail": "FCF margin: -41.2% -> -21.1% (+20.1%)",
      "severity": "MEDIUM"
    },
    {
      "quarter": "2023-03 (Q1)",
      "signal": "OPERATING LEVERAGE",
      "detail": "Rev growth +3.2% vs OpEx growth +0.9% (leverage: 3.5x)",
      "severity": "MEDIUM"
    },
    {
      "quarter": "2023-03 (Q1)",
      "signal": "OP MARGIN TURNED POSITIVE (QoQ)",
      "detail": "Op margin: -2.3% -> +0.4%",
      "severity": "HIGH"
    },
    {
      "quarter": "2022-09 (Q3)",
      "signal": "YoY REVENUE GROWTH ACCELERATION",
      "detail": "YoY growth: +37.3% vs prior quarter YoY: +31.6% (accel: +5.7%)",
      "severity": "MEDIUM"
    },
    {
      "quarter": "2022-06 (Q2)",
      "signal": "YoY REVENUE GROWTH ACCELERATION",
      "detail": "YoY growth: +31.6% vs prior quarter YoY: +0.6% (accel: +31.0%)",
      "severity": "HIGH"
    },
    {
      "quarter": "2022-06 (Q2)",
      "signal": "OP MARGIN TURNED POSITIVE (YoY)",
      "detail": "Op margin: -7.4% (year-ago) -> +5.0%",
      "severity": "HIGH"
    },
    {
      "quarter": "2022-03 (Q1)",
      "signal": "FCF TURNED POSITIVE",
      "detail": "FCF margin: -46.2% -> +16.8%",
      "severity": "HIGH"
    },
    {
      "quarter": "2022-03 (Q1)",
      "signal": "OP MARGIN TURNED POSITIVE (YoY)",
      "detail": "Op margin: -18.7% (year-ago) -> +7.8%",
      "severity": "HIGH"
    },
    {
      "quarter": "2022-03 (Q1)",
      "signal": "OP MARGIN TURNED POSITIVE (QoQ)",
      "detail": "Op margin: -0.0% -> +7.8%",
      "severity": "HIGH"
    },
    {
      "quarter": "2021-09 (Q3)",
      "signal": "OP MARGIN TURNED POSITIVE (QoQ)",
      "detail": "Op margin: -7.4% -> +22.8%",
      "severity": "HIGH"
    },
    {
      "quarter": "2021-06 (Q2)",
      "signal": "FCF TURNED POSITIVE",
      "detail": "FCF margin: -35.9% -> +22.1%",
      "severity": "HIGH"
    }
  ],
  "data_quality": {
    "n_quarters": 19,
    "coverage": {
      "revenue": [
        19,
        19
      ],
      "gross_profit": [
        0,
        19
      ],
      "op_income": [
        19,
        19
      ],
      "fcf": [
        19,
        19
      ]
    },
    "gaps": [],
    "warnings": [
      "gross_profit: no data"
    ]
  },
  "market_cap": null,
  "source": "SEC EDGAR",
  "last_updated": "2026-02-02T19:49:55.022280",
  "sector": "Utilities",
  "industry": "Utilities - Independent Power Producers"
}