{
  "ticker": "CEIN",
  "name": "Camber Energy, Inc.",
  "quarters": [
    {
      "date": "2019-09-30T00:00:00",
      "quarter_label": "2019-09 (Q3)",
      "revenue": 6378288,
      "gross_profit": 1481092,
      "operating_income": null,
      "net_income": null,
      "opex": null,
      "cogs": 4897196,
      "rd": null,
      "sga": null,
      "fcf": null,
      "ocf": null,
      "capex": null,
      "gross_margin": 0.2322083919697574,
      "op_margin": null,
      "fcf_margin": null
    },
    {
      "date": "2019-12-31T00:00:00",
      "quarter_label": "2019-12 (Q4)",
      "revenue": 94115,
      "gross_profit": null,
      "operating_income": null,
      "net_income": null,
      "opex": null,
      "cogs": null,
      "rd": null,
      "sga": null,
      "fcf": null,
      "ocf": null,
      "capex": null,
      "gross_margin": null,
      "op_margin": null,
      "fcf_margin": null
    },
    {
      "date": "2020-03-31T00:00:00",
      "quarter_label": "2020-03 (Q1)",
      "revenue": 88899,
      "gross_profit": null,
      "operating_income": null,
      "net_income": null,
      "opex": null,
      "cogs": null,
      "rd": null,
      "sga": null,
      "fcf": null,
      "ocf": null,
      "capex": null,
      "gross_margin": null,
      "op_margin": null,
      "fcf_margin": null
    },
    {
      "date": "2020-06-30T00:00:00",
      "quarter_label": "2020-06 (Q2)",
      "revenue": 33689,
      "gross_profit": null,
      "operating_income": null,
      "net_income": null,
      "opex": null,
      "cogs": null,
      "rd": null,
      "sga": null,
      "fcf": null,
      "ocf": null,
      "capex": null,
      "gross_margin": null,
      "op_margin": null,
      "fcf_margin": null
    },
    {
      "date": "2020-09-30T00:00:00",
      "quarter_label": "2020-09 (Q3)",
      "revenue": 57458,
      "gross_profit": null,
      "operating_income": -827642,
      "net_income": -2056508,
      "opex": 885100,
      "cogs": null,
      "rd": null,
      "sga": null,
      "fcf": null,
      "ocf": null,
      "capex": null,
      "gross_margin": null,
      "op_margin": -14.404295311357862,
      "fcf_margin": null,
      "rev_growth_yoy": -0.9909916265932175
    },
    {
      "date": "2021-03-31T00:00:00",
      "quarter_label": "2021-03 (Q1)",
      "revenue": 65653,
      "gross_profit": null,
      "operating_income": -1860885,
      "net_income": -44777693,
      "opex": 1926538,
      "cogs": null,
      "rd": null,
      "sga": null,
      "fcf": -526175,
      "ocf": -526175,
      "capex": null,
      "gross_margin": null,
      "op_margin": -28.344249310770262,
      "fcf_margin": -8.014485248198863,
      "rev_growth_yoy": -0.26148775576778144,
      "rev_growth_yoy_accel": 0.729503870825436,
      "op_leverage_ratio": 0.12121528125205502
    },
    {
      "date": "2022-03-31T00:00:00",
      "quarter_label": "2022-03 (Q1)",
      "revenue": 136407,
      "gross_profit": null,
      "operating_income": -1017569,
      "net_income": -68155477,
      "opex": 1153976,
      "cogs": null,
      "rd": null,
      "sga": null,
      "fcf": -1125064,
      "ocf": -1125064,
      "capex": null,
      "gross_margin": null,
      "op_margin": -7.459800450123527,
      "fcf_margin": -8.247846518140564,
      "rev_growth_yoy": 1.0776963733568916,
      "rev_growth_yoy_accel": 1.339184129124673,
      "op_leverage_ratio": Infinity,
      "fcf_margin_change": -0.23336126994170137
    },
    {
      "date": "2022-09-30T00:00:00",
      "quarter_label": "2022-09 (Q3)",
      "revenue": 6160706,
      "gross_profit": 1343066,
      "operating_income": -1221724,
      "net_income": -23280727,
      "opex": 1380232,
      "cogs": 4817640,
      "rd": null,
      "sga": null,
      "fcf": 23962,
      "ocf": 23962,
      "capex": null,
      "gross_margin": 0.21800520914323782,
      "op_margin": -0.19830908989976148,
      "fcf_margin": 0.003889489289052261,
      "op_leverage_ratio": 225.25089894579025,
      "fcf_margin_change": 8.251736007429617
    },
    {
      "date": "2022-12-31T00:00:00",
      "quarter_label": "2022-12 (Q4)",
      "revenue": -18069013,
      "gross_profit": -21825231,
      "operating_income": -1174069,
      "net_income": -20900796,
      "opex": 1304758,
      "cogs": 3756218,
      "rd": null,
      "sga": null,
      "fcf": -1651834,
      "ocf": -1651834,
      "capex": null,
      "gross_margin": 1.207881747608461,
      "op_margin": 0.06497693039459322,
      "fcf_margin": 0.09141805365904601,
      "fcf_margin_change": 0.08752856436999375
    },
    {
      "date": "2023-03-31T00:00:00",
      "quarter_label": "2023-03 (Q1)",
      "revenue": 7244189,
      "gross_profit": 2457558,
      "operating_income": -1371650,
      "net_income": -2346076,
      "opex": 1465121,
      "cogs": 4786631,
      "rd": null,
      "sga": null,
      "fcf": -973855,
      "ocf": -948129,
      "capex": -25726,
      "gross_margin": 0.33924542830122184,
      "op_margin": -0.18934486662344122,
      "fcf_margin": -0.13443257761496835,
      "incr_op_margin_yoy": -0.04981596227909072,
      "rev_growth_yoy": 52.10716458832758,
      "fcf_margin_change": -0.22585063127401436
    },
    {
      "date": "2023-06-30T00:00:00",
      "quarter_label": "2023-06 (Q2)",
      "revenue": 7032324,
      "gross_profit": 2215985,
      "operating_income": -2076719,
      "net_income": 1920781,
      "opex": 2160367,
      "cogs": 4816339,
      "rd": null,
      "sga": null,
      "fcf": -2013724,
      "ocf": -1987057,
      "capex": -26667,
      "gross_margin": 0.3151141784707303,
      "op_margin": -0.2953104834191371,
      "fcf_margin": -0.2863525628227596,
      "fcf_margin_change": -0.15191998520779126
    },
    {
      "date": "2023-09-30T00:00:00",
      "quarter_label": "2023-09 (Q3)",
      "revenue": 10131070,
      "gross_profit": 3477355,
      "operating_income": -543384,
      "net_income": -22364088,
      "opex": 10674454,
      "cogs": 6653715,
      "rd": null,
      "sga": null,
      "fcf": -1986173,
      "ocf": -1905193,
      "capex": -80980,
      "gross_margin": 0.3432366966174353,
      "op_margin": -0.05363540080169222,
      "fcf_margin": -0.19604770275992567,
      "incr_op_margin_yoy": 0.1708508338278304,
      "rev_growth_yoy": 0.6444657479191508,
      "op_leverage_ratio": 0.11180894729064157,
      "fcf_margin_change": 0.09030486006283395
    },
    {
      "date": "2023-12-31T00:00:00",
      "quarter_label": "2023-12 (Q4)",
      "revenue": 7646740,
      "gross_profit": 2562920,
      "operating_income": -3780772,
      "net_income": -7749384,
      "opex": 11427512,
      "cogs": 5083820,
      "rd": null,
      "sga": null,
      "fcf": -501886,
      "ocf": -501886,
      "capex": null,
      "gross_margin": 0.3351650507274996,
      "op_margin": -0.49442926005068827,
      "fcf_margin": -0.06563398258604321,
      "incr_op_margin_yoy": -0.10136599927678572,
      "fcf_margin_change": 0.13041372017388247
    },
    {
      "date": "2024-03-31T00:00:00",
      "quarter_label": "2024-03 (Q1)",
      "revenue": 8292532,
      "gross_profit": 2384770,
      "operating_income": -1991914,
      "net_income": -26351568,
      "opex": 10284446,
      "cogs": 5907762,
      "rd": null,
      "sga": null,
      "fcf": -1227418,
      "ocf": -1185014,
      "capex": -42404,
      "gross_margin": 0.28758043984635817,
      "op_margin": -0.24020576586258577,
      "fcf_margin": -0.14801486445876844,
      "incr_op_margin_yoy": -0.5916613169544701,
      "rev_growth_yoy": 0.14471502607124137,
      "op_leverage_ratio": Infinity,
      "fcf_margin_change": -0.08238088187272523
    },
    {
      "date": "2024-06-30T00:00:00",
      "quarter_label": "2024-06 (Q2)",
      "revenue": 9919961,
      "gross_profit": 3062740,
      "operating_income": -1529317,
      "net_income": -2821260,
      "opex": 11449278,
      "cogs": 6857221,
      "rd": null,
      "sga": null,
      "fcf": -228411,
      "ocf": -224799,
      "capex": -3612,
      "gross_margin": 0.3087451654295818,
      "op_margin": -0.1541656262559903,
      "fcf_margin": -0.02302539294257306,
      "incr_op_margin_yoy": 0.18956745602026848,
      "rev_growth_yoy": 0.41062342975096144,
      "rev_growth_yoy_accel": 0.2659084036797201,
      "op_leverage_ratio": 1.7327364197858421,
      "fcf_margin_change": 0.12498947151619538
    },
    {
      "date": "2024-09-30T00:00:00",
      "quarter_label": "2024-09 (Q3)",
      "revenue": 7198012,
      "gross_profit": 2076264,
      "operating_income": -1869520,
      "net_income": -34771681,
      "opex": 9067532,
      "cogs": 5121748,
      "rd": null,
      "sga": null,
      "fcf": -64647,
      "ocf": -44209,
      "capex": -20438,
      "gross_margin": 0.28844964415174634,
      "op_margin": -0.25972726914042377,
      "fcf_margin": -0.00898122981734401,
      "incr_op_margin_yoy": 0.4521342571473186,
      "rev_growth_yoy": -0.2895111770030214,
      "rev_growth_yoy_accel": -0.7001346067539829,
      "fcf_margin_change": 0.01404416312522905
    },
    {
      "date": "2024-12-31T00:00:00",
      "quarter_label": "2024-12 (Q4)",
      "revenue": 3200062,
      "gross_profit": 255649,
      "operating_income": -5792393,
      "net_income": -6315385,
      "opex": 8992455,
      "cogs": 2944413,
      "rd": null,
      "sga": null,
      "fcf": -14417,
      "ocf": -14417,
      "capex": null,
      "gross_margin": 0.07988876465518481,
      "op_margin": -1.8100877420499977,
      "fcf_margin": -0.0045052252112615316,
      "incr_op_margin_yoy": 0.45238737772332516,
      "rev_growth_yoy": -0.581512906153472,
      "rev_growth_yoy_accel": -0.29200172915045053,
      "fcf_margin_change": 0.004476004606082479
    },
    {
      "date": "2025-03-31T00:00:00",
      "quarter_label": "2025-03 (Q1)",
      "revenue": 6229335,
      "gross_profit": 1580511,
      "operating_income": -1780772,
      "net_income": -3191653,
      "opex": 8010107,
      "cogs": 4648824,
      "rd": null,
      "sga": null,
      "fcf": 241960,
      "ocf": 241960,
      "capex": null,
      "gross_margin": 0.2537206619968263,
      "op_margin": -0.2858687163236525,
      "fcf_margin": 0.03884202727899527,
      "incr_op_margin_yoy": -0.10233729498443435,
      "rev_growth_yoy": -0.2488018134871231,
      "rev_growth_yoy_accel": 0.33271109266634885,
      "op_leverage_ratio": Infinity,
      "fcf_margin_change": 0.0433472524902568
    },
    {
      "date": "2025-06-30T00:00:00",
      "quarter_label": "2025-06 (Q2)",
      "revenue": 0,
      "gross_profit": 0,
      "operating_income": -1300837,
      "net_income": 4374490,
      "opex": 1300837,
      "cogs": 0,
      "rd": null,
      "sga": null,
      "fcf": -2231266,
      "ocf": -2231266,
      "capex": null,
      "gross_margin": null,
      "op_margin": null,
      "fcf_margin": null,
      "incr_op_margin_yoy": -0.02303234861508024,
      "rev_growth_yoy": -1.0,
      "rev_growth_yoy_accel": -0.751198186512877
    },
    {
      "date": "2025-09-30T00:00:00",
      "quarter_label": "2025-09 (Q3)",
      "revenue": 0,
      "gross_profit": 0,
      "operating_income": -661218,
      "net_income": -5289808,
      "opex": 661218,
      "cogs": 0,
      "rd": null,
      "sga": null,
      "fcf": -10421,
      "ocf": -10421,
      "capex": null,
      "gross_margin": null,
      "op_margin": null,
      "fcf_margin": null,
      "incr_op_margin_yoy": -0.1678660719098551,
      "rev_growth_yoy": -1.0,
      "rev_growth_yoy_accel": 0.0
    }
  ],
  "signals": [
    {
      "quarter": "2025-06 (Q2)",
      "signal": "YoY REVENUE GROWTH DECELERATION",
      "detail": "YoY growth: -100.0% vs prior quarter YoY: -24.9% (decel: -75.1%)",
      "severity": "WARNING"
    },
    {
      "quarter": "2025-03 (Q1)",
      "signal": "FCF TURNED POSITIVE",
      "detail": "FCF margin: -0.5% -> +3.9%",
      "severity": "HIGH"
    },
    {
      "quarter": "2025-03 (Q1)",
      "signal": "GROSS MARGIN INFLECTION",
      "detail": "GM: +28.8% -> +8.0% -> +25.4% (reversal +17.4%)",
      "severity": "HIGH"
    },
    {
      "quarter": "2025-03 (Q1)",
      "signal": "YoY REVENUE GROWTH ACCELERATION",
      "detail": "YoY growth: -24.9% vs prior quarter YoY: -58.2% (accel: +33.3%)",
      "severity": "HIGH"
    },
    {
      "quarter": "2024-12 (Q4)",
      "signal": "YoY REVENUE GROWTH DECELERATION",
      "detail": "YoY growth: -58.2% vs prior quarter YoY: -29.0% (decel: -29.2%)",
      "severity": "WARNING"
    },
    {
      "quarter": "2024-09 (Q3)",
      "signal": "YoY REVENUE GROWTH DECELERATION",
      "detail": "YoY growth: -29.0% vs prior quarter YoY: +41.1% (decel: -70.0%)",
      "severity": "WARNING"
    },
    {
      "quarter": "2024-06 (Q2)",
      "signal": "FCF MARGIN EXPANSION",
      "detail": "FCF margin: -14.8% -> -2.3% (+12.5%)",
      "severity": "MEDIUM"
    },
    {
      "quarter": "2024-06 (Q2)",
      "signal": "OPERATING LEVERAGE",
      "detail": "Rev growth +19.6% vs OpEx growth +11.3% (leverage: 1.7x)",
      "severity": "MEDIUM"
    },
    {
      "quarter": "2024-06 (Q2)",
      "signal": "GROSS MARGIN INFLECTION",
      "detail": "GM: +33.5% -> +28.8% -> +30.9% (reversal +2.1%)",
      "severity": "MEDIUM"
    },
    {
      "quarter": "2024-06 (Q2)",
      "signal": "YoY REVENUE GROWTH ACCELERATION",
      "detail": "YoY growth: +41.1% vs prior quarter YoY: +14.5% (accel: +26.6%)",
      "severity": "HIGH"
    },
    {
      "quarter": "2023-12 (Q4)",
      "signal": "FCF MARGIN EXPANSION",
      "detail": "FCF margin: -19.6% -> -6.6% (+13.0%)",
      "severity": "MEDIUM"
    },
    {
      "quarter": "2023-09 (Q3)",
      "signal": "FCF MARGIN EXPANSION",
      "detail": "FCF margin: -28.6% -> -19.6% (+9.0%)",
      "severity": "MEDIUM"
    },
    {
      "quarter": "2023-09 (Q3)",
      "signal": "GROSS MARGIN INFLECTION",
      "detail": "GM: +33.9% -> +31.5% -> +34.3% (reversal +2.8%)",
      "severity": "MEDIUM"
    },
    {
      "quarter": "2022-12 (Q4)",
      "signal": "FCF MARGIN EXPANSION",
      "detail": "FCF margin: +0.4% -> +9.1% (+8.8%)",
      "severity": "MEDIUM"
    },
    {
      "quarter": "2022-12 (Q4)",
      "signal": "OP MARGIN TURNED POSITIVE (QoQ)",
      "detail": "Op margin: -19.8% -> +6.5%",
      "severity": "HIGH"
    },
    {
      "quarter": "2022-09 (Q3)",
      "signal": "FCF TURNED POSITIVE",
      "detail": "FCF margin: -824.8% -> +0.4%",
      "severity": "HIGH"
    },
    {
      "quarter": "2022-09 (Q3)",
      "signal": "OPERATING LEVERAGE",
      "detail": "Rev growth +4416.4% vs OpEx growth +19.6% (leverage: 225.3x)",
      "severity": "MEDIUM"
    },
    {
      "quarter": "2022-03 (Q1)",
      "signal": "YoY REVENUE GROWTH ACCELERATION",
      "detail": "YoY growth: +107.8% vs prior quarter YoY: -26.1% (accel: +133.9%)",
      "severity": "HIGH"
    },
    {
      "quarter": "2021-03 (Q1)",
      "signal": "YoY REVENUE GROWTH ACCELERATION",
      "detail": "YoY growth: -26.1% vs prior quarter YoY: -99.1% (accel: +73.0%)",
      "severity": "HIGH"
    }
  ],
  "data_quality": {
    "n_quarters": 20,
    "coverage": {
      "revenue": [
        20,
        20
      ],
      "gross_profit": [
        14,
        20
      ],
      "op_income": [
        16,
        20
      ],
      "fcf": [
        15,
        20
      ]
    },
    "gaps": [
      [
        "2020-09 (Q3)",
        "2021-03 (Q1)",
        182
      ],
      [
        "2021-03 (Q1)",
        "2022-03 (Q1)",
        365
      ],
      [
        "2022-03 (Q1)",
        "2022-09 (Q3)",
        183
      ]
    ],
    "warnings": [
      "gross_profit: 14/20Q",
      "fcf: 15/20Q",
      "gap: 1Q missing between 2020-09 (Q3) and 2021-03 (Q1)",
      "gap: 3Q missing between 2021-03 (Q1) and 2022-03 (Q1)",
      "gap: 1Q missing between 2022-03 (Q1) and 2022-09 (Q3)"
    ]
  },
  "market_cap": null,
  "source": "SEC EDGAR",
  "last_updated": "2026-02-03T00:11:21.045817"
}