{
  "ticker": "CERS",
  "name": "CERUS CORPORATION",
  "quarters": [
    {
      "date": "2014-03-31T00:00:00",
      "quarter_label": "2014-03 (Q1)",
      "revenue": 7866000,
      "gross_profit": 3709000,
      "operating_income": null,
      "net_income": null,
      "opex": null,
      "cogs": null,
      "rd": null,
      "sga": null,
      "fcf": null,
      "ocf": null,
      "capex": null,
      "gross_margin": 0.47152301042461225,
      "op_margin": null,
      "fcf_margin": null
    },
    {
      "date": "2014-06-30T00:00:00",
      "quarter_label": "2014-06 (Q2)",
      "revenue": 8601000,
      "gross_profit": 3849000,
      "operating_income": null,
      "net_income": null,
      "opex": null,
      "cogs": null,
      "rd": null,
      "sga": null,
      "fcf": null,
      "ocf": null,
      "capex": null,
      "gross_margin": 0.44750610394140217,
      "op_margin": null,
      "fcf_margin": null
    },
    {
      "date": "2014-09-30T00:00:00",
      "quarter_label": "2014-09 (Q3)",
      "revenue": 10362000,
      "gross_profit": 4673000,
      "operating_income": null,
      "net_income": null,
      "opex": null,
      "cogs": null,
      "rd": null,
      "sga": null,
      "fcf": null,
      "ocf": null,
      "capex": null,
      "gross_margin": 0.4509747153059255,
      "op_margin": null,
      "fcf_margin": null
    },
    {
      "date": "2014-12-31T00:00:00",
      "quarter_label": "2014-12 (Q4)",
      "revenue": 9587000,
      "gross_profit": 2997000,
      "operating_income": null,
      "net_income": null,
      "opex": null,
      "cogs": null,
      "rd": null,
      "sga": null,
      "fcf": null,
      "ocf": null,
      "capex": null,
      "gross_margin": 0.31261082716178157,
      "op_margin": null,
      "fcf_margin": null
    },
    {
      "date": "2015-03-31T00:00:00",
      "quarter_label": "2015-03 (Q1)",
      "revenue": 7692000,
      "gross_profit": 2978000,
      "operating_income": null,
      "net_income": null,
      "opex": null,
      "cogs": null,
      "rd": null,
      "sga": null,
      "fcf": null,
      "ocf": null,
      "capex": null,
      "gross_margin": 0.3871554862194488,
      "op_margin": null,
      "fcf_margin": null,
      "rev_growth_yoy": -0.02212051868802441
    },
    {
      "date": "2015-06-30T00:00:00",
      "quarter_label": "2015-06 (Q2)",
      "revenue": 8830000,
      "gross_profit": 1802000,
      "operating_income": null,
      "net_income": null,
      "opex": null,
      "cogs": null,
      "rd": null,
      "sga": null,
      "fcf": null,
      "ocf": null,
      "capex": null,
      "gross_margin": 0.20407701019252547,
      "op_margin": null,
      "fcf_margin": null,
      "rev_growth_yoy": 0.02662481106848041,
      "rev_growth_yoy_accel": 0.04874532975650482
    },
    {
      "date": "2015-09-30T00:00:00",
      "quarter_label": "2015-09 (Q3)",
      "revenue": 8045000,
      "gross_profit": 2485000,
      "operating_income": null,
      "net_income": null,
      "opex": null,
      "cogs": null,
      "rd": null,
      "sga": null,
      "fcf": null,
      "ocf": null,
      "capex": null,
      "gross_margin": 0.3088875077688005,
      "op_margin": null,
      "fcf_margin": null,
      "rev_growth_yoy": -0.223605481567265,
      "rev_growth_yoy_accel": -0.2502302926357454
    },
    {
      "date": "2015-12-31T00:00:00",
      "quarter_label": "2015-12 (Q4)",
      "revenue": 9656000,
      "gross_profit": 3494000,
      "operating_income": null,
      "net_income": null,
      "opex": null,
      "cogs": null,
      "rd": null,
      "sga": null,
      "fcf": null,
      "ocf": null,
      "capex": null,
      "gross_margin": 0.361847555923778,
      "op_margin": null,
      "fcf_margin": null,
      "rev_growth_yoy": 0.0071972462709919685,
      "rev_growth_yoy_accel": 0.23080272783825698
    },
    {
      "date": "2016-03-31T00:00:00",
      "quarter_label": "2016-03 (Q1)",
      "revenue": 7632000,
      "gross_profit": 3369000,
      "operating_income": null,
      "net_income": null,
      "opex": null,
      "cogs": null,
      "rd": null,
      "sga": null,
      "fcf": null,
      "ocf": null,
      "capex": null,
      "gross_margin": 0.4414308176100629,
      "op_margin": null,
      "fcf_margin": null,
      "rev_growth_yoy": -0.0078003120124804995,
      "rev_growth_yoy_accel": -0.014997558283472469
    },
    {
      "date": "2016-06-30T00:00:00",
      "quarter_label": "2016-06 (Q2)",
      "revenue": 9251000,
      "gross_profit": 4275000,
      "operating_income": null,
      "net_income": null,
      "opex": null,
      "cogs": null,
      "rd": null,
      "sga": null,
      "fcf": null,
      "ocf": null,
      "capex": null,
      "gross_margin": 0.46211220408604475,
      "op_margin": null,
      "fcf_margin": null,
      "rev_growth_yoy": 0.04767836919592299,
      "rev_growth_yoy_accel": 0.05547868120840349
    },
    {
      "date": "2016-09-30T00:00:00",
      "quarter_label": "2016-09 (Q3)",
      "revenue": 10175000,
      "gross_profit": 4724000,
      "operating_income": null,
      "net_income": null,
      "opex": null,
      "cogs": null,
      "rd": null,
      "sga": null,
      "fcf": null,
      "ocf": null,
      "capex": null,
      "gross_margin": 0.46427518427518427,
      "op_margin": null,
      "fcf_margin": null,
      "rev_growth_yoy": 0.26476072094468617,
      "rev_growth_yoy_accel": 0.21708235174876317
    },
    {
      "date": "2016-12-31T00:00:00",
      "quarter_label": "2016-12 (Q4)",
      "revenue": 10125000,
      "gross_profit": 4520000,
      "operating_income": null,
      "net_income": null,
      "opex": null,
      "cogs": 5605000,
      "rd": null,
      "sga": null,
      "fcf": null,
      "ocf": null,
      "capex": null,
      "gross_margin": 0.44641975308641973,
      "op_margin": null,
      "fcf_margin": null,
      "rev_growth_yoy": 0.048570836785418396,
      "rev_growth_yoy_accel": -0.21618988415926776
    },
    {
      "date": "2017-03-31T00:00:00",
      "quarter_label": "2017-03 (Q1)",
      "revenue": 7006000,
      "gross_profit": 3312000,
      "operating_income": null,
      "net_income": null,
      "opex": null,
      "cogs": 3694000,
      "rd": null,
      "sga": null,
      "fcf": null,
      "ocf": null,
      "capex": null,
      "gross_margin": 0.47273765343990864,
      "op_margin": null,
      "fcf_margin": null,
      "rev_growth_yoy": -0.0820230607966457,
      "rev_growth_yoy_accel": -0.1305938975820641
    },
    {
      "date": "2017-06-30T00:00:00",
      "quarter_label": "2017-06 (Q2)",
      "revenue": 9525000,
      "gross_profit": 5165000,
      "operating_income": null,
      "net_income": null,
      "opex": null,
      "cogs": 4360000,
      "rd": null,
      "sga": null,
      "fcf": null,
      "ocf": null,
      "capex": null,
      "gross_margin": 0.542257217847769,
      "op_margin": null,
      "fcf_margin": null,
      "rev_growth_yoy": 0.029618419630310238,
      "rev_growth_yoy_accel": 0.11164148042695594
    },
    {
      "date": "2017-09-30T00:00:00",
      "quarter_label": "2017-09 (Q3)",
      "revenue": 10797000,
      "gross_profit": 5449000,
      "operating_income": null,
      "net_income": null,
      "opex": null,
      "cogs": 5348000,
      "rd": null,
      "sga": null,
      "fcf": null,
      "ocf": null,
      "capex": null,
      "gross_margin": 0.5046772251551357,
      "op_margin": null,
      "fcf_margin": null,
      "rev_growth_yoy": 0.06113022113022113,
      "rev_growth_yoy_accel": 0.031511801499910896
    },
    {
      "date": "2017-12-31T00:00:00",
      "quarter_label": "2017-12 (Q4)",
      "revenue": 16240000,
      "gross_profit": 7111000,
      "operating_income": null,
      "net_income": null,
      "opex": null,
      "cogs": 9129000,
      "rd": null,
      "sga": null,
      "fcf": null,
      "ocf": null,
      "capex": null,
      "gross_margin": 0.4378694581280788,
      "op_margin": null,
      "fcf_margin": null,
      "rev_growth_yoy": 0.6039506172839506,
      "rev_growth_yoy_accel": 0.5428203961537295
    },
    {
      "date": "2018-03-31T00:00:00",
      "quarter_label": "2018-03 (Q1)",
      "revenue": 13564000,
      "gross_profit": 6234000,
      "operating_income": null,
      "net_income": null,
      "opex": null,
      "cogs": 7330000,
      "rd": null,
      "sga": null,
      "fcf": null,
      "ocf": null,
      "capex": null,
      "gross_margin": 0.45959893836626364,
      "op_margin": null,
      "fcf_margin": null,
      "rev_growth_yoy": 0.9360548101627176,
      "rev_growth_yoy_accel": 0.332104192878767
    },
    {
      "date": "2018-06-30T00:00:00",
      "quarter_label": "2018-06 (Q2)",
      "revenue": 15420000,
      "gross_profit": 7700000,
      "operating_income": null,
      "net_income": null,
      "opex": null,
      "cogs": 7720000,
      "rd": null,
      "sga": null,
      "fcf": null,
      "ocf": null,
      "capex": null,
      "gross_margin": 0.4993514915693904,
      "op_margin": null,
      "fcf_margin": null,
      "rev_growth_yoy": 0.6188976377952756,
      "rev_growth_yoy_accel": -0.317157172367442
    },
    {
      "date": "2018-09-30T00:00:00",
      "quarter_label": "2018-09 (Q3)",
      "revenue": 15399000,
      "gross_profit": 7257000,
      "operating_income": null,
      "net_income": null,
      "opex": null,
      "cogs": 8142000,
      "rd": null,
      "sga": null,
      "fcf": null,
      "ocf": null,
      "capex": null,
      "gross_margin": 0.47126436781609193,
      "op_margin": null,
      "fcf_margin": null,
      "rev_growth_yoy": 0.4262295081967213,
      "rev_growth_yoy_accel": -0.19266812959855434
    },
    {
      "date": "2018-12-31T00:00:00",
      "quarter_label": "2018-12 (Q4)",
      "revenue": 31668000,
      "gross_profit": 23226000,
      "operating_income": null,
      "net_income": null,
      "opex": null,
      "cogs": 8442000,
      "rd": null,
      "sga": null,
      "fcf": null,
      "ocf": null,
      "capex": null,
      "gross_margin": 0.73342175066313,
      "op_margin": null,
      "fcf_margin": null,
      "rev_growth_yoy": 0.95,
      "rev_growth_yoy_accel": 0.5237704918032786
    }
  ],
  "signals": [
    {
      "quarter": "2018-12 (Q4)",
      "signal": "GROSS MARGIN INFLECTION",
      "detail": "GM: +49.9% -> +47.1% -> +73.3% (reversal +26.2%)",
      "severity": "HIGH"
    },
    {
      "quarter": "2018-12 (Q4)",
      "signal": "YoY REVENUE GROWTH ACCELERATION",
      "detail": "YoY growth: +95.0% vs prior quarter YoY: +42.6% (accel: +52.4%)",
      "severity": "HIGH"
    },
    {
      "quarter": "2018-09 (Q3)",
      "signal": "YoY REVENUE GROWTH DECELERATION",
      "detail": "YoY growth: +42.6% vs prior quarter YoY: +61.9% (decel: -19.3%)",
      "severity": "WARNING"
    },
    {
      "quarter": "2018-06 (Q2)",
      "signal": "YoY REVENUE GROWTH DECELERATION",
      "detail": "YoY growth: +61.9% vs prior quarter YoY: +93.6% (decel: -31.7%)",
      "severity": "WARNING"
    },
    {
      "quarter": "2018-03 (Q1)",
      "signal": "GROSS MARGIN INFLECTION",
      "detail": "GM: +50.5% -> +43.8% -> +46.0% (reversal +2.2%)",
      "severity": "MEDIUM"
    },
    {
      "quarter": "2018-03 (Q1)",
      "signal": "YoY REVENUE GROWTH ACCELERATION",
      "detail": "YoY growth: +93.6% vs prior quarter YoY: +60.4% (accel: +33.2%)",
      "severity": "HIGH"
    },
    {
      "quarter": "2017-12 (Q4)",
      "signal": "YoY REVENUE GROWTH ACCELERATION",
      "detail": "YoY growth: +60.4% vs prior quarter YoY: +6.1% (accel: +54.3%)",
      "severity": "HIGH"
    },
    {
      "quarter": "2017-06 (Q2)",
      "signal": "YoY REVENUE GROWTH ACCELERATION",
      "detail": "YoY growth: +3.0% vs prior quarter YoY: -8.2% (accel: +11.2%)",
      "severity": "MEDIUM"
    },
    {
      "quarter": "2017-03 (Q1)",
      "signal": "GROSS MARGIN INFLECTION",
      "detail": "GM: +46.4% -> +44.6% -> +47.3% (reversal +2.6%)",
      "severity": "MEDIUM"
    },
    {
      "quarter": "2017-03 (Q1)",
      "signal": "YoY REVENUE GROWTH DECELERATION",
      "detail": "YoY growth: -8.2% vs prior quarter YoY: +4.9% (decel: -13.1%)",
      "severity": "WARNING"
    },
    {
      "quarter": "2016-12 (Q4)",
      "signal": "YoY REVENUE GROWTH DECELERATION",
      "detail": "YoY growth: +4.9% vs prior quarter YoY: +26.5% (decel: -21.6%)",
      "severity": "WARNING"
    },
    {
      "quarter": "2016-09 (Q3)",
      "signal": "YoY REVENUE GROWTH ACCELERATION",
      "detail": "YoY growth: +26.5% vs prior quarter YoY: +4.8% (accel: +21.7%)",
      "severity": "HIGH"
    },
    {
      "quarter": "2016-06 (Q2)",
      "signal": "YoY REVENUE GROWTH ACCELERATION",
      "detail": "YoY growth: +4.8% vs prior quarter YoY: -0.8% (accel: +5.5%)",
      "severity": "MEDIUM"
    },
    {
      "quarter": "2015-12 (Q4)",
      "signal": "YoY REVENUE GROWTH ACCELERATION",
      "detail": "YoY growth: +0.7% vs prior quarter YoY: -22.4% (accel: +23.1%)",
      "severity": "HIGH"
    },
    {
      "quarter": "2015-09 (Q3)",
      "signal": "GROSS MARGIN INFLECTION",
      "detail": "GM: +38.7% -> +20.4% -> +30.9% (reversal +10.5%)",
      "severity": "HIGH"
    },
    {
      "quarter": "2015-09 (Q3)",
      "signal": "YoY REVENUE GROWTH DECELERATION",
      "detail": "YoY growth: -22.4% vs prior quarter YoY: +2.7% (decel: -25.0%)",
      "severity": "WARNING"
    },
    {
      "quarter": "2015-03 (Q1)",
      "signal": "GROSS MARGIN INFLECTION",
      "detail": "GM: +45.1% -> +31.3% -> +38.7% (reversal +7.5%)",
      "severity": "HIGH"
    }
  ],
  "data_quality": {
    "n_quarters": 20,
    "coverage": {
      "revenue": [
        20,
        20
      ],
      "gross_profit": [
        20,
        20
      ],
      "op_income": [
        0,
        20
      ],
      "fcf": [
        0,
        20
      ]
    },
    "gaps": [],
    "warnings": [
      "op_income: no data",
      "fcf: no data"
    ]
  },
  "market_cap": null,
  "source": "SEC EDGAR",
  "last_updated": "2026-02-02T22:27:50.932337",
  "sector": "Healthcare",
  "industry": "Medical Devices"
}