{
  "ticker": "CFFI",
  "name": "C & F FINANCIAL CORPORATION",
  "quarters": [
    {
      "date": "2020-12-31T00:00:00",
      "quarter_label": "2020-12 (Q4)",
      "revenue": 44633000,
      "gross_profit": null,
      "operating_income": null,
      "net_income": 8000000,
      "opex": null,
      "cogs": null,
      "rd": null,
      "sga": null,
      "fcf": 54375000,
      "ocf": 56948000,
      "capex": -2573000,
      "gross_margin": null,
      "op_margin": null,
      "fcf_margin": 1.2182689937938296
    },
    {
      "date": "2021-03-31T00:00:00",
      "quarter_label": "2021-03 (Q1)",
      "revenue": 35032000,
      "gross_profit": null,
      "operating_income": null,
      "net_income": 7061000,
      "opex": null,
      "cogs": null,
      "rd": null,
      "sga": null,
      "fcf": 39011000,
      "ocf": 41134000,
      "capex": -2123000,
      "gross_margin": null,
      "op_margin": null,
      "fcf_margin": 1.1135818680063942,
      "fcf_margin_change": -0.10468712578743533
    },
    {
      "date": "2021-06-30T00:00:00",
      "quarter_label": "2021-06 (Q2)",
      "revenue": 34828000,
      "gross_profit": null,
      "operating_income": null,
      "net_income": 8008000,
      "opex": null,
      "cogs": null,
      "rd": null,
      "sga": null,
      "fcf": 63206000,
      "ocf": 64527000,
      "capex": -1321000,
      "gross_margin": null,
      "op_margin": null,
      "fcf_margin": 1.8148041805443895,
      "fcf_margin_change": 0.7012223125379953
    },
    {
      "date": "2021-09-30T00:00:00",
      "quarter_label": "2021-09 (Q3)",
      "revenue": 33660000,
      "gross_profit": null,
      "operating_income": null,
      "net_income": 7674000,
      "opex": null,
      "cogs": null,
      "rd": null,
      "sga": null,
      "fcf": 13173000,
      "ocf": 14106000,
      "capex": -933000,
      "gross_margin": null,
      "op_margin": null,
      "fcf_margin": 0.3913547237076649,
      "fcf_margin_change": -1.4234494568367246
    },
    {
      "date": "2021-12-31T00:00:00",
      "quarter_label": "2021-12 (Q4)",
      "revenue": 31012000,
      "gross_profit": null,
      "operating_income": null,
      "net_income": 5924000,
      "opex": null,
      "cogs": null,
      "rd": null,
      "sga": null,
      "fcf": 37211000,
      "ocf": 37620000,
      "capex": -409000,
      "gross_margin": null,
      "op_margin": null,
      "fcf_margin": 1.1998903650199924,
      "rev_growth_yoy": -0.3051777832545426,
      "fcf_margin_change": 0.8085356413123275
    },
    {
      "date": "2022-03-31T00:00:00",
      "quarter_label": "2022-03 (Q1)",
      "revenue": 27205000,
      "gross_profit": null,
      "operating_income": null,
      "net_income": 5629000,
      "opex": null,
      "cogs": null,
      "rd": null,
      "sga": null,
      "fcf": 39994000,
      "ocf": 41197000,
      "capex": -1203000,
      "gross_margin": null,
      "op_margin": null,
      "fcf_margin": 1.4700974085646021,
      "rev_growth_yoy": -0.2234242977848824,
      "rev_growth_yoy_accel": 0.08175348546966019,
      "fcf_margin_change": 0.2702070435446098
    },
    {
      "date": "2022-06-30T00:00:00",
      "quarter_label": "2022-06 (Q2)",
      "revenue": 28294000,
      "gross_profit": null,
      "operating_income": null,
      "net_income": 6742000,
      "opex": null,
      "cogs": null,
      "rd": null,
      "sga": null,
      "fcf": 8006000,
      "ocf": 8199000,
      "capex": -193000,
      "gross_margin": null,
      "op_margin": null,
      "fcf_margin": 0.28295751749487524,
      "rev_growth_yoy": -0.18760767198805559,
      "rev_growth_yoy_accel": 0.03581662579682682,
      "fcf_margin_change": -1.1871398910697268
    },
    {
      "date": "2022-09-30T00:00:00",
      "quarter_label": "2022-09 (Q3)",
      "revenue": 30509000,
      "gross_profit": null,
      "operating_income": null,
      "net_income": 6480000,
      "opex": null,
      "cogs": null,
      "rd": null,
      "sga": null,
      "fcf": 18665000,
      "ocf": 19629000,
      "capex": -964000,
      "gross_margin": null,
      "op_margin": null,
      "fcf_margin": 0.6117866858959651,
      "rev_growth_yoy": -0.09361259655377302,
      "rev_growth_yoy_accel": 0.09399507543428257,
      "fcf_margin_change": 0.32882916840108983
    },
    {
      "date": "2022-12-31T00:00:00",
      "quarter_label": "2022-12 (Q4)",
      "revenue": 35938000,
      "gross_profit": null,
      "operating_income": null,
      "net_income": 10308000,
      "opex": null,
      "cogs": null,
      "rd": null,
      "sga": null,
      "fcf": 20500000,
      "ocf": 21534000,
      "capex": -1034000,
      "gross_margin": null,
      "op_margin": null,
      "fcf_margin": 0.5704268462351828,
      "rev_growth_yoy": 0.1588417386818006,
      "rev_growth_yoy_accel": 0.2524543352355736,
      "fcf_margin_change": -0.04135983966078227
    },
    {
      "date": "2023-03-31T00:00:00",
      "quarter_label": "2023-03 (Q1)",
      "revenue": 32401000,
      "gross_profit": null,
      "operating_income": null,
      "net_income": 6441000,
      "opex": null,
      "cogs": null,
      "rd": null,
      "sga": null,
      "fcf": -350000,
      "ocf": 165000,
      "capex": -515000,
      "gross_margin": null,
      "op_margin": null,
      "fcf_margin": -0.010802135736551342,
      "rev_growth_yoy": 0.1909943025179195,
      "rev_growth_yoy_accel": 0.03215256383611889,
      "fcf_margin_change": -0.5812289819717341
    },
    {
      "date": "2023-06-30T00:00:00",
      "quarter_label": "2023-06 (Q2)",
      "revenue": 32108000,
      "gross_profit": null,
      "operating_income": null,
      "net_income": 6306000,
      "opex": null,
      "cogs": null,
      "rd": null,
      "sga": null,
      "fcf": -1067000,
      "ocf": -972000,
      "capex": -95000,
      "gross_margin": null,
      "op_margin": null,
      "fcf_margin": -0.03323159337236826,
      "rev_growth_yoy": 0.13479889729271224,
      "rev_growth_yoy_accel": -0.056195405225207246,
      "fcf_margin_change": -0.022429457635816916
    },
    {
      "date": "2023-09-30T00:00:00",
      "quarter_label": "2023-09 (Q3)",
      "revenue": 30482000,
      "gross_profit": null,
      "operating_income": null,
      "net_income": 5789000,
      "opex": null,
      "cogs": null,
      "rd": null,
      "sga": null,
      "fcf": 22235000,
      "ocf": 22644000,
      "capex": -409000,
      "gross_margin": null,
      "op_margin": null,
      "fcf_margin": 0.7294468866872252,
      "rev_growth_yoy": -0.0008849847585958242,
      "rev_growth_yoy_accel": -0.13568388205130807,
      "fcf_margin_change": 0.7626784800595935
    },
    {
      "date": "2023-12-31T00:00:00",
      "quarter_label": "2023-12 (Q4)",
      "revenue": 32331000,
      "gross_profit": null,
      "operating_income": null,
      "net_income": 5068000,
      "opex": null,
      "cogs": null,
      "rd": null,
      "sga": null,
      "fcf": 16534000,
      "ocf": 16974000,
      "capex": -440000,
      "gross_margin": null,
      "op_margin": null,
      "fcf_margin": 0.5113977297330735,
      "rev_growth_yoy": -0.10036729923757583,
      "rev_growth_yoy_accel": -0.09948231447898,
      "fcf_margin_change": -0.21804915695415172
    },
    {
      "date": "2024-03-31T00:00:00",
      "quarter_label": "2024-03 (Q1)",
      "revenue": 30650000,
      "gross_profit": null,
      "operating_income": null,
      "net_income": 3401000,
      "opex": null,
      "cogs": null,
      "rd": null,
      "sga": null,
      "fcf": 410000,
      "ocf": 895000,
      "capex": -485000,
      "gross_margin": null,
      "op_margin": null,
      "fcf_margin": 0.013376835236541599,
      "rev_growth_yoy": -0.05404154192771828,
      "rev_growth_yoy_accel": 0.046325757309857545,
      "fcf_margin_change": -0.4980208944965319
    },
    {
      "date": "2024-06-30T00:00:00",
      "quarter_label": "2024-06 (Q2)",
      "revenue": 31152000,
      "gross_profit": null,
      "operating_income": null,
      "net_income": 5007000,
      "opex": null,
      "cogs": null,
      "rd": null,
      "sga": null,
      "fcf": 1156000,
      "ocf": 1695000,
      "capex": -539000,
      "gross_margin": null,
      "op_margin": null,
      "fcf_margin": 0.03710837185413456,
      "rev_growth_yoy": -0.02977451102528965,
      "rev_growth_yoy_accel": 0.024267030902428634,
      "fcf_margin_change": 0.023731536617592964
    },
    {
      "date": "2024-09-30T00:00:00",
      "quarter_label": "2024-09 (Q3)",
      "revenue": 33461000,
      "gross_profit": null,
      "operating_income": null,
      "net_income": 5389000,
      "opex": null,
      "cogs": null,
      "rd": null,
      "sga": null,
      "fcf": -1628000,
      "ocf": 404000,
      "capex": -2032000,
      "gross_margin": null,
      "op_margin": null,
      "fcf_margin": -0.04865365649562177,
      "rev_growth_yoy": 0.09772980775539662,
      "rev_growth_yoy_accel": 0.12750431878068627,
      "fcf_margin_change": -0.08576202834975633
    },
    {
      "date": "2024-12-31T00:00:00",
      "quarter_label": "2024-12 (Q4)",
      "revenue": 32050000,
      "gross_profit": null,
      "operating_income": null,
      "net_income": 6037000,
      "opex": null,
      "cogs": null,
      "rd": null,
      "sga": null,
      "fcf": 35064000,
      "ocf": 35494000,
      "capex": -430000,
      "gross_margin": null,
      "op_margin": null,
      "fcf_margin": 1.0940405616224649,
      "rev_growth_yoy": -0.008691348860227027,
      "rev_growth_yoy_accel": -0.10642115661562365,
      "fcf_margin_change": 1.1426942181180866
    },
    {
      "date": "2025-03-31T00:00:00",
      "quarter_label": "2025-03 (Q1)",
      "revenue": 32583000,
      "gross_profit": null,
      "operating_income": null,
      "net_income": 5368000,
      "opex": null,
      "cogs": null,
      "rd": null,
      "sga": null,
      "fcf": 2944000,
      "ocf": 3211000,
      "capex": -267000,
      "gross_margin": null,
      "op_margin": null,
      "fcf_margin": 0.09035386551269067,
      "rev_growth_yoy": 0.06306688417618271,
      "rev_growth_yoy_accel": 0.07175823303640974,
      "fcf_margin_change": -1.0036866961097741
    },
    {
      "date": "2025-06-30T00:00:00",
      "quarter_label": "2025-06 (Q2)",
      "revenue": 36356000,
      "gross_profit": null,
      "operating_income": null,
      "net_income": 7691000,
      "opex": null,
      "cogs": null,
      "rd": null,
      "sga": null,
      "fcf": -4954000,
      "ocf": -4388000,
      "capex": -566000,
      "gross_margin": null,
      "op_margin": null,
      "fcf_margin": -0.13626361535922543,
      "rev_growth_yoy": 0.16705187467899332,
      "rev_growth_yoy_accel": 0.10398499050281061,
      "fcf_margin_change": -0.2266174808719161
    },
    {
      "date": "2025-09-30T00:00:00",
      "quarter_label": "2025-09 (Q3)",
      "revenue": 36018000,
      "gross_profit": null,
      "operating_income": null,
      "net_income": 7075000,
      "opex": null,
      "cogs": null,
      "rd": null,
      "sga": null,
      "fcf": 22698000,
      "ocf": 23438000,
      "capex": -740000,
      "gross_margin": null,
      "op_margin": null,
      "fcf_margin": 0.6301849075462269,
      "rev_growth_yoy": 0.07641732165804967,
      "rev_growth_yoy_accel": -0.09063455302094366,
      "fcf_margin_change": 0.7664485229054523
    }
  ],
  "signals": [
    {
      "quarter": "2025-09 (Q3)",
      "signal": "FCF TURNED POSITIVE",
      "detail": "FCF margin: -13.6% -> +63.0%",
      "severity": "HIGH"
    },
    {
      "quarter": "2025-09 (Q3)",
      "signal": "YoY REVENUE GROWTH DECELERATION",
      "detail": "YoY growth: +7.6% vs prior quarter YoY: +16.7% (decel: -9.1%)",
      "severity": "WARNING"
    },
    {
      "quarter": "2025-06 (Q2)",
      "signal": "YoY REVENUE GROWTH ACCELERATION",
      "detail": "YoY growth: +16.7% vs prior quarter YoY: +6.3% (accel: +10.4%)",
      "severity": "MEDIUM"
    },
    {
      "quarter": "2025-03 (Q1)",
      "signal": "YoY REVENUE GROWTH ACCELERATION",
      "detail": "YoY growth: +6.3% vs prior quarter YoY: -0.9% (accel: +7.2%)",
      "severity": "MEDIUM"
    },
    {
      "quarter": "2024-12 (Q4)",
      "signal": "FCF TURNED POSITIVE",
      "detail": "FCF margin: -4.9% -> +109.4%",
      "severity": "HIGH"
    },
    {
      "quarter": "2024-12 (Q4)",
      "signal": "YoY REVENUE GROWTH DECELERATION",
      "detail": "YoY growth: -0.9% vs prior quarter YoY: +9.8% (decel: -10.6%)",
      "severity": "WARNING"
    },
    {
      "quarter": "2024-09 (Q3)",
      "signal": "YoY REVENUE GROWTH ACCELERATION",
      "detail": "YoY growth: +9.8% vs prior quarter YoY: -3.0% (accel: +12.8%)",
      "severity": "MEDIUM"
    },
    {
      "quarter": "2023-12 (Q4)",
      "signal": "YoY REVENUE GROWTH DECELERATION",
      "detail": "YoY growth: -10.0% vs prior quarter YoY: -0.1% (decel: -9.9%)",
      "severity": "WARNING"
    },
    {
      "quarter": "2023-09 (Q3)",
      "signal": "FCF TURNED POSITIVE",
      "detail": "FCF margin: -3.3% -> +72.9%",
      "severity": "HIGH"
    },
    {
      "quarter": "2023-09 (Q3)",
      "signal": "YoY REVENUE GROWTH DECELERATION",
      "detail": "YoY growth: -0.1% vs prior quarter YoY: +13.5% (decel: -13.6%)",
      "severity": "WARNING"
    },
    {
      "quarter": "2023-06 (Q2)",
      "signal": "YoY REVENUE GROWTH DECELERATION",
      "detail": "YoY growth: +13.5% vs prior quarter YoY: +19.1% (decel: -5.6%)",
      "severity": "WARNING"
    },
    {
      "quarter": "2022-12 (Q4)",
      "signal": "YoY REVENUE GROWTH ACCELERATION",
      "detail": "YoY growth: +15.9% vs prior quarter YoY: -9.4% (accel: +25.2%)",
      "severity": "HIGH"
    },
    {
      "quarter": "2022-09 (Q3)",
      "signal": "FCF MARGIN EXPANSION",
      "detail": "FCF margin: +28.3% -> +61.2% (+32.9%)",
      "severity": "MEDIUM"
    },
    {
      "quarter": "2022-09 (Q3)",
      "signal": "YoY REVENUE GROWTH ACCELERATION",
      "detail": "YoY growth: -9.4% vs prior quarter YoY: -18.8% (accel: +9.4%)",
      "severity": "MEDIUM"
    },
    {
      "quarter": "2022-03 (Q1)",
      "signal": "FCF MARGIN EXPANSION",
      "detail": "FCF margin: +120.0% -> +147.0% (+27.0%)",
      "severity": "MEDIUM"
    },
    {
      "quarter": "2022-03 (Q1)",
      "signal": "YoY REVENUE GROWTH ACCELERATION",
      "detail": "YoY growth: -22.3% vs prior quarter YoY: -30.5% (accel: +8.2%)",
      "severity": "MEDIUM"
    },
    {
      "quarter": "2021-12 (Q4)",
      "signal": "FCF MARGIN EXPANSION",
      "detail": "FCF margin: +39.1% -> +120.0% (+80.9%)",
      "severity": "MEDIUM"
    },
    {
      "quarter": "2021-06 (Q2)",
      "signal": "FCF MARGIN EXPANSION",
      "detail": "FCF margin: +111.4% -> +181.5% (+70.1%)",
      "severity": "MEDIUM"
    }
  ],
  "data_quality": {
    "n_quarters": 20,
    "coverage": {
      "revenue": [
        20,
        20
      ],
      "gross_profit": [
        0,
        20
      ],
      "op_income": [
        0,
        20
      ],
      "fcf": [
        20,
        20
      ]
    },
    "gaps": [],
    "warnings": [
      "gross_profit: no data",
      "op_income: no data"
    ]
  },
  "market_cap": null,
  "source": "SEC EDGAR",
  "last_updated": "2026-02-02T22:55:35.819706"
}