{
  "ticker": "CFG",
  "name": "CITIZENS FINANCIAL GROUP INC/RI",
  "quarters": [
    {
      "date": "2020-12-31T00:00:00",
      "quarter_label": "2020-12 (Q4)",
      "revenue": 1707000000,
      "gross_profit": null,
      "operating_income": null,
      "net_income": 456000000,
      "opex": null,
      "cogs": null,
      "rd": null,
      "sga": null,
      "fcf": 866000000,
      "ocf": 866000000,
      "capex": null,
      "gross_margin": null,
      "op_margin": null,
      "fcf_margin": 0.5073227885178676
    },
    {
      "date": "2021-03-31T00:00:00",
      "quarter_label": "2021-03 (Q1)",
      "revenue": 1659000000,
      "gross_profit": null,
      "operating_income": null,
      "net_income": 611000000,
      "opex": null,
      "cogs": null,
      "rd": null,
      "sga": null,
      "fcf": -690000000,
      "ocf": -690000000,
      "capex": null,
      "gross_margin": null,
      "op_margin": null,
      "fcf_margin": -0.4159132007233273,
      "fcf_margin_change": -0.923235989241195
    },
    {
      "date": "2021-06-30T00:00:00",
      "quarter_label": "2021-06 (Q2)",
      "revenue": 1609000000,
      "gross_profit": null,
      "operating_income": null,
      "net_income": 648000000,
      "opex": null,
      "cogs": null,
      "rd": null,
      "sga": null,
      "fcf": 580000000,
      "ocf": 580000000,
      "capex": null,
      "gross_margin": null,
      "op_margin": null,
      "fcf_margin": 0.36047234307022996,
      "fcf_margin_change": 0.7763855437935573
    },
    {
      "date": "2021-09-30T00:00:00",
      "quarter_label": "2021-09 (Q3)",
      "revenue": 1659000000,
      "gross_profit": null,
      "operating_income": null,
      "net_income": 530000000,
      "opex": null,
      "cogs": null,
      "rd": null,
      "sga": null,
      "fcf": 1280000000,
      "ocf": 1280000000,
      "capex": null,
      "gross_margin": null,
      "op_margin": null,
      "fcf_margin": 0.7715491259795058,
      "fcf_margin_change": 0.4110767829092758
    },
    {
      "date": "2021-12-31T00:00:00",
      "quarter_label": "2021-12 (Q4)",
      "revenue": 1720000000,
      "gross_profit": null,
      "operating_income": null,
      "net_income": 530000000,
      "opex": null,
      "cogs": null,
      "rd": null,
      "sga": null,
      "fcf": 1105000000,
      "ocf": 1105000000,
      "capex": null,
      "gross_margin": null,
      "op_margin": null,
      "fcf_margin": 0.6424418604651163,
      "rev_growth_yoy": 0.007615700058582308,
      "fcf_margin_change": -0.12910726551438945
    },
    {
      "date": "2022-03-31T00:00:00",
      "quarter_label": "2022-03 (Q1)",
      "revenue": 1645000000,
      "gross_profit": null,
      "operating_income": null,
      "net_income": 420000000,
      "opex": null,
      "cogs": null,
      "rd": null,
      "sga": null,
      "fcf": 1554000000,
      "ocf": 1554000000,
      "capex": null,
      "gross_margin": null,
      "op_margin": null,
      "fcf_margin": 0.9446808510638298,
      "rev_growth_yoy": -0.008438818565400843,
      "rev_growth_yoy_accel": -0.01605451862398315,
      "fcf_margin_change": 0.3022389905987135
    },
    {
      "date": "2022-06-30T00:00:00",
      "quarter_label": "2022-06 (Q2)",
      "revenue": 1999000000,
      "gross_profit": null,
      "operating_income": null,
      "net_income": 364000000,
      "opex": null,
      "cogs": null,
      "rd": null,
      "sga": null,
      "fcf": -1876000000,
      "ocf": -1876000000,
      "capex": null,
      "gross_margin": null,
      "op_margin": null,
      "fcf_margin": -0.9384692346173087,
      "rev_growth_yoy": 0.24238657551274084,
      "rev_growth_yoy_accel": 0.2508253940781417,
      "fcf_margin_change": -1.8831500856811385
    },
    {
      "date": "2022-09-30T00:00:00",
      "quarter_label": "2022-09 (Q3)",
      "revenue": 2177000000,
      "gross_profit": null,
      "operating_income": null,
      "net_income": 636000000,
      "opex": null,
      "cogs": null,
      "rd": null,
      "sga": null,
      "fcf": 3000000000,
      "ocf": 3000000000,
      "capex": null,
      "gross_margin": null,
      "op_margin": null,
      "fcf_margin": 1.3780431786862655,
      "rev_growth_yoy": 0.31223628691983124,
      "rev_growth_yoy_accel": 0.0698497114070904,
      "fcf_margin_change": 2.316512413303574
    },
    {
      "date": "2022-12-31T00:00:00",
      "quarter_label": "2022-12 (Q4)",
      "revenue": 2200000000,
      "gross_profit": null,
      "operating_income": null,
      "net_income": 653000000,
      "opex": null,
      "cogs": null,
      "rd": null,
      "sga": null,
      "fcf": 1441000000,
      "ocf": 1441000000,
      "capex": null,
      "gross_margin": null,
      "op_margin": null,
      "fcf_margin": 0.655,
      "rev_growth_yoy": 0.27906976744186046,
      "rev_growth_yoy_accel": -0.03316651947797078,
      "fcf_margin_change": -0.7230431786862654
    },
    {
      "date": "2023-03-31T00:00:00",
      "quarter_label": "2023-03 (Q1)",
      "revenue": 2128000000,
      "gross_profit": null,
      "operating_income": null,
      "net_income": 511000000,
      "opex": null,
      "cogs": null,
      "rd": null,
      "sga": null,
      "fcf": 1154000000,
      "ocf": 1154000000,
      "capex": null,
      "gross_margin": null,
      "op_margin": null,
      "fcf_margin": 0.5422932330827067,
      "rev_growth_yoy": 0.2936170212765957,
      "rev_growth_yoy_accel": 0.014547253834735263,
      "fcf_margin_change": -0.11270676691729331
    },
    {
      "date": "2023-06-30T00:00:00",
      "quarter_label": "2023-06 (Q2)",
      "revenue": 2094000000,
      "gross_profit": null,
      "operating_income": null,
      "net_income": 478000000,
      "opex": null,
      "cogs": null,
      "rd": null,
      "sga": null,
      "fcf": 122000000,
      "ocf": 122000000,
      "capex": null,
      "gross_margin": null,
      "op_margin": null,
      "fcf_margin": 0.05826170009551098,
      "rev_growth_yoy": 0.04752376188094047,
      "rev_growth_yoy_accel": -0.24609325939565524,
      "fcf_margin_change": -0.48403153298719576
    },
    {
      "date": "2023-09-30T00:00:00",
      "quarter_label": "2023-09 (Q3)",
      "revenue": 2014000000,
      "gross_profit": null,
      "operating_income": null,
      "net_income": 430000000,
      "opex": null,
      "cogs": null,
      "rd": null,
      "sga": null,
      "fcf": 1015000000,
      "ocf": 1015000000,
      "capex": null,
      "gross_margin": null,
      "op_margin": null,
      "fcf_margin": 0.5039721946375373,
      "rev_growth_yoy": -0.07487367937528709,
      "rev_growth_yoy_accel": -0.12239744125622756,
      "fcf_margin_change": 0.4457104945420263
    },
    {
      "date": "2023-12-31T00:00:00",
      "quarter_label": "2023-12 (Q4)",
      "revenue": 1988000000,
      "gross_profit": null,
      "operating_income": null,
      "net_income": 189000000,
      "opex": null,
      "cogs": null,
      "rd": null,
      "sga": null,
      "fcf": 670000000,
      "ocf": 670000000,
      "capex": null,
      "gross_margin": null,
      "op_margin": null,
      "fcf_margin": 0.33702213279678067,
      "rev_growth_yoy": -0.09636363636363636,
      "rev_growth_yoy_accel": -0.021489956988349268,
      "fcf_margin_change": -0.16695006184075661
    },
    {
      "date": "2024-03-31T00:00:00",
      "quarter_label": "2024-03 (Q1)",
      "revenue": 1959000000,
      "gross_profit": null,
      "operating_income": null,
      "net_income": 334000000,
      "opex": null,
      "cogs": null,
      "rd": null,
      "sga": null,
      "fcf": 554000000,
      "ocf": 554000000,
      "capex": null,
      "gross_margin": null,
      "op_margin": null,
      "fcf_margin": 0.2827973455844819,
      "rev_growth_yoy": -0.0794172932330827,
      "rev_growth_yoy_accel": 0.016946343130553654,
      "fcf_margin_change": -0.054224787212298786
    },
    {
      "date": "2024-06-30T00:00:00",
      "quarter_label": "2024-06 (Q2)",
      "revenue": 1963000000,
      "gross_profit": null,
      "operating_income": null,
      "net_income": 392000000,
      "opex": null,
      "cogs": null,
      "rd": null,
      "sga": null,
      "fcf": 834000000,
      "ocf": 834000000,
      "capex": null,
      "gross_margin": null,
      "op_margin": null,
      "fcf_margin": 0.4248599083036169,
      "rev_growth_yoy": -0.06255969436485195,
      "rev_growth_yoy_accel": 0.016857598868230753,
      "fcf_margin_change": 0.14206256271913503
    },
    {
      "date": "2024-09-30T00:00:00",
      "quarter_label": "2024-09 (Q3)",
      "revenue": 1901000000,
      "gross_profit": null,
      "operating_income": null,
      "net_income": 382000000,
      "opex": null,
      "cogs": null,
      "rd": null,
      "sga": null,
      "fcf": 130000000,
      "ocf": 130000000,
      "capex": null,
      "gross_margin": null,
      "op_margin": null,
      "fcf_margin": 0.0683850604944766,
      "rev_growth_yoy": -0.05610724925521351,
      "rev_growth_yoy_accel": 0.006452445109638445,
      "fcf_margin_change": -0.3564748478091403
    },
    {
      "date": "2024-12-31T00:00:00",
      "quarter_label": "2024-12 (Q4)",
      "revenue": 1986000000,
      "gross_profit": null,
      "operating_income": null,
      "net_income": 401000000,
      "opex": null,
      "cogs": null,
      "rd": null,
      "sga": null,
      "fcf": 483000000,
      "ocf": 483000000,
      "capex": null,
      "gross_margin": null,
      "op_margin": null,
      "fcf_margin": 0.243202416918429,
      "rev_growth_yoy": -0.001006036217303823,
      "rev_growth_yoy_accel": 0.055101213037909685,
      "fcf_margin_change": 0.1748173564239524
    },
    {
      "date": "2025-03-31T00:00:00",
      "quarter_label": "2025-03 (Q1)",
      "revenue": 1935000000,
      "gross_profit": null,
      "operating_income": null,
      "net_income": 373000000,
      "opex": null,
      "cogs": null,
      "rd": null,
      "sga": null,
      "fcf": -213000000,
      "ocf": -213000000,
      "capex": null,
      "gross_margin": null,
      "op_margin": null,
      "fcf_margin": -0.11007751937984496,
      "rev_growth_yoy": -0.01225114854517611,
      "rev_growth_yoy_accel": -0.011245112327872288,
      "fcf_margin_change": -0.353279936298274
    },
    {
      "date": "2025-06-30T00:00:00",
      "quarter_label": "2025-06 (Q2)",
      "revenue": 2037000000,
      "gross_profit": null,
      "operating_income": null,
      "net_income": 436000000,
      "opex": null,
      "cogs": null,
      "rd": null,
      "sga": null,
      "fcf": 886000000,
      "ocf": 886000000,
      "capex": null,
      "gross_margin": null,
      "op_margin": null,
      "fcf_margin": 0.43495336278841434,
      "rev_growth_yoy": 0.03769740193581253,
      "rev_growth_yoy_accel": 0.04994855048098864,
      "fcf_margin_change": 0.5450308821682593
    },
    {
      "date": "2025-09-30T00:00:00",
      "quarter_label": "2025-09 (Q3)",
      "revenue": 2118000000,
      "gross_profit": null,
      "operating_income": null,
      "net_income": 494000000,
      "opex": null,
      "cogs": null,
      "rd": null,
      "sga": null,
      "fcf": 1696000000,
      "ocf": 1696000000,
      "capex": null,
      "gross_margin": null,
      "op_margin": null,
      "fcf_margin": 0.8007554296506137,
      "rev_growth_yoy": 0.11415044713308785,
      "rev_growth_yoy_accel": 0.07645304519727532,
      "fcf_margin_change": 0.3658020668621994
    }
  ],
  "signals": [
    {
      "quarter": "2025-09 (Q3)",
      "signal": "FCF MARGIN EXPANSION",
      "detail": "FCF margin: +43.5% -> +80.1% (+36.6%)",
      "severity": "MEDIUM"
    },
    {
      "quarter": "2025-09 (Q3)",
      "signal": "YoY REVENUE GROWTH ACCELERATION",
      "detail": "YoY growth: +11.4% vs prior quarter YoY: +3.8% (accel: +7.6%)",
      "severity": "MEDIUM"
    },
    {
      "quarter": "2025-06 (Q2)",
      "signal": "FCF TURNED POSITIVE",
      "detail": "FCF margin: -11.0% -> +43.5%",
      "severity": "HIGH"
    },
    {
      "quarter": "2024-12 (Q4)",
      "signal": "FCF MARGIN EXPANSION",
      "detail": "FCF margin: +6.8% -> +24.3% (+17.5%)",
      "severity": "MEDIUM"
    },
    {
      "quarter": "2024-12 (Q4)",
      "signal": "YoY REVENUE GROWTH ACCELERATION",
      "detail": "YoY growth: -0.1% vs prior quarter YoY: -5.6% (accel: +5.5%)",
      "severity": "MEDIUM"
    },
    {
      "quarter": "2024-06 (Q2)",
      "signal": "FCF MARGIN EXPANSION",
      "detail": "FCF margin: +28.3% -> +42.5% (+14.2%)",
      "severity": "MEDIUM"
    },
    {
      "quarter": "2023-09 (Q3)",
      "signal": "FCF MARGIN EXPANSION",
      "detail": "FCF margin: +5.8% -> +50.4% (+44.6%)",
      "severity": "MEDIUM"
    },
    {
      "quarter": "2023-09 (Q3)",
      "signal": "YoY REVENUE GROWTH DECELERATION",
      "detail": "YoY growth: -7.5% vs prior quarter YoY: +4.8% (decel: -12.2%)",
      "severity": "WARNING"
    },
    {
      "quarter": "2023-06 (Q2)",
      "signal": "YoY REVENUE GROWTH DECELERATION",
      "detail": "YoY growth: +4.8% vs prior quarter YoY: +29.4% (decel: -24.6%)",
      "severity": "WARNING"
    },
    {
      "quarter": "2022-09 (Q3)",
      "signal": "FCF TURNED POSITIVE",
      "detail": "FCF margin: -93.8% -> +137.8%",
      "severity": "HIGH"
    },
    {
      "quarter": "2022-09 (Q3)",
      "signal": "YoY REVENUE GROWTH ACCELERATION",
      "detail": "YoY growth: +31.2% vs prior quarter YoY: +24.2% (accel: +7.0%)",
      "severity": "MEDIUM"
    },
    {
      "quarter": "2022-06 (Q2)",
      "signal": "YoY REVENUE GROWTH ACCELERATION",
      "detail": "YoY growth: +24.2% vs prior quarter YoY: -0.8% (accel: +25.1%)",
      "severity": "HIGH"
    },
    {
      "quarter": "2022-03 (Q1)",
      "signal": "FCF MARGIN EXPANSION",
      "detail": "FCF margin: +64.2% -> +94.5% (+30.2%)",
      "severity": "MEDIUM"
    },
    {
      "quarter": "2021-09 (Q3)",
      "signal": "FCF MARGIN EXPANSION",
      "detail": "FCF margin: +36.0% -> +77.2% (+41.1%)",
      "severity": "MEDIUM"
    },
    {
      "quarter": "2021-06 (Q2)",
      "signal": "FCF TURNED POSITIVE",
      "detail": "FCF margin: -41.6% -> +36.0%",
      "severity": "HIGH"
    }
  ],
  "data_quality": {
    "n_quarters": 20,
    "coverage": {
      "revenue": [
        20,
        20
      ],
      "gross_profit": [
        0,
        20
      ],
      "op_income": [
        0,
        20
      ],
      "fcf": [
        20,
        20
      ]
    },
    "gaps": [],
    "warnings": [
      "gross_profit: no data",
      "op_income: no data"
    ]
  },
  "market_cap": null,
  "source": "SEC EDGAR",
  "last_updated": "2026-02-02T20:11:14.847875",
  "sector": "Financial Services",
  "industry": "Banks - Regional"
}