{
  "ticker": "CFR",
  "name": "Cullen/Frost Bankers, Inc.",
  "quarters": [
    {
      "date": "2020-12-31T00:00:00",
      "quarter_label": "2020-12 (Q4)",
      "revenue": 333583000,
      "gross_profit": null,
      "operating_income": null,
      "net_income": 88270000,
      "opex": null,
      "cogs": null,
      "rd": null,
      "sga": null,
      "fcf": 35589000,
      "ocf": 49145000,
      "capex": -13556000,
      "gross_margin": null,
      "op_margin": null,
      "fcf_margin": 0.10668709136856494
    },
    {
      "date": "2021-03-31T00:00:00",
      "quarter_label": "2021-03 (Q1)",
      "revenue": 334117000,
      "gross_profit": null,
      "operating_income": null,
      "net_income": 116015000,
      "opex": null,
      "cogs": null,
      "rd": null,
      "sga": null,
      "fcf": 206951000,
      "ocf": 219765000,
      "capex": -12814000,
      "gross_margin": null,
      "op_margin": null,
      "fcf_margin": 0.619396798127602,
      "fcf_margin_change": 0.512709706759037
    },
    {
      "date": "2021-06-30T00:00:00",
      "quarter_label": "2021-06 (Q2)",
      "revenue": 348403000,
      "gross_profit": null,
      "operating_income": null,
      "net_income": 118068000,
      "opex": null,
      "cogs": null,
      "rd": null,
      "sga": null,
      "fcf": 113586000,
      "ocf": 128825000,
      "capex": -15239000,
      "gross_margin": null,
      "op_margin": null,
      "fcf_margin": 0.3260190067249708,
      "fcf_margin_change": -0.29337779140263115
    },
    {
      "date": "2021-09-30T00:00:00",
      "quarter_label": "2021-09 (Q3)",
      "revenue": 339311000,
      "gross_profit": null,
      "operating_income": null,
      "net_income": 107975000,
      "opex": null,
      "cogs": null,
      "rd": null,
      "sga": null,
      "fcf": 194988000,
      "ocf": 204023000,
      "capex": -9035000,
      "gross_margin": null,
      "op_margin": null,
      "fcf_margin": 0.5746586464924509,
      "fcf_margin_change": 0.2486396397674801
    },
    {
      "date": "2021-12-31T00:00:00",
      "quarter_label": "2021-12 (Q4)",
      "revenue": 349764000,
      "gross_profit": null,
      "operating_income": null,
      "net_income": 101021000,
      "opex": null,
      "cogs": null,
      "rd": null,
      "sga": null,
      "fcf": 66918000,
      "ocf": 95680000,
      "capex": -28762000,
      "gross_margin": null,
      "op_margin": null,
      "fcf_margin": 0.19132329227707826,
      "rev_growth_yoy": 0.048506668505289535,
      "fcf_margin_change": -0.3833353542153727
    },
    {
      "date": "2022-03-31T00:00:00",
      "quarter_label": "2022-03 (Q1)",
      "revenue": 350461000,
      "gross_profit": null,
      "operating_income": null,
      "net_income": 99102000,
      "opex": null,
      "cogs": null,
      "rd": null,
      "sga": null,
      "fcf": 320451000,
      "ocf": 332825000,
      "capex": -12374000,
      "gross_margin": null,
      "op_margin": null,
      "fcf_margin": 0.9143699298923418,
      "rev_growth_yoy": 0.04891699614206999,
      "rev_growth_yoy_accel": 0.00041032763678045675,
      "fcf_margin_change": 0.7230466376152636
    },
    {
      "date": "2022-06-30T00:00:00",
      "quarter_label": "2022-06 (Q2)",
      "revenue": 386135000,
      "gross_profit": null,
      "operating_income": null,
      "net_income": 119114000,
      "opex": null,
      "cogs": null,
      "rd": null,
      "sga": null,
      "fcf": -53413000,
      "ocf": -37771000,
      "capex": -15642000,
      "gross_margin": null,
      "op_margin": null,
      "fcf_margin": -0.1383272689603377,
      "rev_growth_yoy": 0.10829987112625322,
      "rev_growth_yoy_accel": 0.05938287498418323,
      "fcf_margin_change": -1.0526971988526794
    },
    {
      "date": "2022-09-30T00:00:00",
      "quarter_label": "2022-09 (Q3)",
      "revenue": 455368000,
      "gross_profit": null,
      "operating_income": null,
      "net_income": 169760000,
      "opex": null,
      "cogs": null,
      "rd": null,
      "sga": null,
      "fcf": 217239000,
      "ocf": 244858000,
      "capex": -27619000,
      "gross_margin": null,
      "op_margin": null,
      "fcf_margin": 0.47706250768609126,
      "rev_growth_yoy": 0.34203724606629315,
      "rev_growth_yoy_accel": 0.23373737494003993,
      "fcf_margin_change": 0.6153897766464289
    },
    {
      "date": "2022-12-31T00:00:00",
      "quarter_label": "2022-12 (Q4)",
      "revenue": 504137000,
      "gross_profit": null,
      "operating_income": null,
      "net_income": 191174000,
      "opex": null,
      "cogs": null,
      "rd": null,
      "sga": null,
      "fcf": 135804000,
      "ocf": 182670000,
      "capex": -46866000,
      "gross_margin": null,
      "op_margin": null,
      "fcf_margin": 0.26937915685617203,
      "rev_growth_yoy": 0.4413633192667055,
      "rev_growth_yoy_accel": 0.09932607320041237,
      "fcf_margin_change": -0.20768335082991923
    },
    {
      "date": "2023-03-31T00:00:00",
      "quarter_label": "2023-03 (Q1)",
      "revenue": 505085000,
      "gross_profit": null,
      "operating_income": null,
      "net_income": 177653000,
      "opex": null,
      "cogs": null,
      "rd": null,
      "sga": null,
      "fcf": 122243000,
      "ocf": 168346000,
      "capex": -46103000,
      "gross_margin": null,
      "op_margin": null,
      "fcf_margin": 0.24202460971915618,
      "rev_growth_yoy": 0.44120173143374014,
      "rev_growth_yoy_accel": -0.00016158783296538193,
      "fcf_margin_change": -0.02735454713701585
    },
    {
      "date": "2023-06-30T00:00:00",
      "quarter_label": "2023-06 (Q2)",
      "revenue": 488794000,
      "gross_profit": null,
      "operating_income": null,
      "net_income": 162118000,
      "opex": null,
      "cogs": null,
      "rd": null,
      "sga": null,
      "fcf": 115759000,
      "ocf": 154812000,
      "capex": -39053000,
      "gross_margin": null,
      "op_margin": null,
      "fcf_margin": 0.23682573845014465,
      "rev_growth_yoy": 0.2658629753842568,
      "rev_growth_yoy_accel": -0.17533875604948335,
      "fcf_margin_change": -0.005198871269011529
    },
    {
      "date": "2023-09-30T00:00:00",
      "quarter_label": "2023-09 (Q3)",
      "revenue": 491424000,
      "gross_profit": null,
      "operating_income": null,
      "net_income": 155651000,
      "opex": null,
      "cogs": null,
      "rd": null,
      "sga": null,
      "fcf": 205782000,
      "ocf": 238688000,
      "capex": -32906000,
      "gross_margin": null,
      "op_margin": null,
      "fcf_margin": 0.4187463371752295,
      "rev_growth_yoy": 0.07917991602396304,
      "rev_growth_yoy_accel": -0.18668305936029375,
      "fcf_margin_change": 0.18192059872508487
    },
    {
      "date": "2023-12-31T00:00:00",
      "quarter_label": "2023-12 (Q4)",
      "revenue": 501903000,
      "gross_profit": null,
      "operating_income": null,
      "net_income": 102551000,
      "opex": null,
      "cogs": null,
      "rd": null,
      "sga": null,
      "fcf": -123569000,
      "ocf": -83001000,
      "capex": -40568000,
      "gross_margin": null,
      "op_margin": null,
      "fcf_margin": -0.2462009591494771,
      "rev_growth_yoy": -0.004431335133108659,
      "rev_growth_yoy_accel": -0.0836112511570717,
      "fcf_margin_change": -0.6649472963247066
    },
    {
      "date": "2024-03-31T00:00:00",
      "quarter_label": "2024-03 (Q1)",
      "revenue": 501428000,
      "gross_profit": null,
      "operating_income": null,
      "net_income": 135690000,
      "opex": null,
      "cogs": null,
      "rd": null,
      "sga": null,
      "fcf": 450250000,
      "ocf": 488434000,
      "capex": -38184000,
      "gross_margin": null,
      "op_margin": null,
      "fcf_margin": 0.8979354962227877,
      "rev_growth_yoy": -0.007240365483037509,
      "rev_growth_yoy_accel": -0.0028090303499288495,
      "fcf_margin_change": 1.1441364553722648
    },
    {
      "date": "2024-06-30T00:00:00",
      "quarter_label": "2024-06 (Q2)",
      "revenue": 507902000,
      "gross_profit": null,
      "operating_income": null,
      "net_income": 145499000,
      "opex": null,
      "cogs": null,
      "rd": null,
      "sga": null,
      "fcf": 102963000,
      "ocf": 129579000,
      "capex": -26616000,
      "gross_margin": null,
      "op_margin": null,
      "fcf_margin": 0.20272217868801462,
      "rev_growth_yoy": 0.03909213288215486,
      "rev_growth_yoy_accel": 0.04633249836519237,
      "fcf_margin_change": -0.695213317534773
    },
    {
      "date": "2024-09-30T00:00:00",
      "quarter_label": "2024-09 (Q3)",
      "revenue": 518038000,
      "gross_profit": null,
      "operating_income": null,
      "net_income": 146501000,
      "opex": null,
      "cogs": null,
      "rd": null,
      "sga": null,
      "fcf": 281888000,
      "ocf": 307217000,
      "capex": -25329000,
      "gross_margin": null,
      "op_margin": null,
      "fcf_margin": 0.5441454101822646,
      "rev_growth_yoy": 0.05415689913394543,
      "rev_growth_yoy_accel": 0.015064766251790575,
      "fcf_margin_change": 0.34142323149424997
    },
    {
      "date": "2024-12-31T00:00:00",
      "quarter_label": "2024-12 (Q4)",
      "revenue": 536342000,
      "gross_profit": null,
      "operating_income": null,
      "net_income": 154852000,
      "opex": null,
      "cogs": null,
      "rd": null,
      "sga": null,
      "fcf": 26655000,
      "ocf": 64302000,
      "capex": -37647000,
      "gross_margin": null,
      "op_margin": null,
      "fcf_margin": 0.04969776746926401,
      "rev_growth_yoy": 0.06861684429062986,
      "rev_growth_yoy_accel": 0.014459945156684431,
      "fcf_margin_change": -0.49444764271300057
    },
    {
      "date": "2025-03-31T00:00:00",
      "quarter_label": "2025-03 (Q1)",
      "revenue": 540231000,
      "gross_profit": null,
      "operating_income": null,
      "net_income": 150922000,
      "opex": null,
      "cogs": null,
      "rd": null,
      "sga": null,
      "fcf": -337064000,
      "ocf": -296111000,
      "capex": -40953000,
      "gross_margin": null,
      "op_margin": null,
      "fcf_margin": -0.623925691046978,
      "rev_growth_yoy": 0.07738498847292134,
      "rev_growth_yoy_accel": 0.008768144182291479,
      "fcf_margin_change": -0.6736234585162421
    },
    {
      "date": "2025-06-30T00:00:00",
      "quarter_label": "2025-06 (Q2)",
      "revenue": 546877000,
      "gross_profit": null,
      "operating_income": null,
      "net_income": 157003000,
      "opex": null,
      "cogs": null,
      "rd": null,
      "sga": null,
      "fcf": 114507000,
      "ocf": 140772000,
      "capex": -26265000,
      "gross_margin": null,
      "op_margin": null,
      "fcf_margin": 0.2093834628261931,
      "rev_growth_yoy": 0.0767372445865541,
      "rev_growth_yoy_accel": -0.0006477438863672497,
      "fcf_margin_change": 0.8333091538731712
    },
    {
      "date": "2025-09-30T00:00:00",
      "quarter_label": "2025-09 (Q3)",
      "revenue": 567265000,
      "gross_profit": null,
      "operating_income": null,
      "net_income": 174380000,
      "opex": null,
      "cogs": null,
      "rd": null,
      "sga": null,
      "fcf": 211665000,
      "ocf": 248583000,
      "capex": -36918000,
      "gross_margin": null,
      "op_margin": null,
      "fcf_margin": 0.37313248658034603,
      "rev_growth_yoy": 0.09502584752469896,
      "rev_growth_yoy_accel": 0.01828860293814487,
      "fcf_margin_change": 0.16374902375415293
    }
  ],
  "signals": [
    {
      "quarter": "2025-09 (Q3)",
      "signal": "FCF MARGIN EXPANSION",
      "detail": "FCF margin: +20.9% -> +37.3% (+16.4%)",
      "severity": "MEDIUM"
    },
    {
      "quarter": "2025-06 (Q2)",
      "signal": "FCF TURNED POSITIVE",
      "detail": "FCF margin: -62.4% -> +20.9%",
      "severity": "HIGH"
    },
    {
      "quarter": "2024-09 (Q3)",
      "signal": "FCF MARGIN EXPANSION",
      "detail": "FCF margin: +20.3% -> +54.4% (+34.1%)",
      "severity": "MEDIUM"
    },
    {
      "quarter": "2024-03 (Q1)",
      "signal": "FCF TURNED POSITIVE",
      "detail": "FCF margin: -24.6% -> +89.8%",
      "severity": "HIGH"
    },
    {
      "quarter": "2023-12 (Q4)",
      "signal": "YoY REVENUE GROWTH DECELERATION",
      "detail": "YoY growth: -0.4% vs prior quarter YoY: +7.9% (decel: -8.4%)",
      "severity": "WARNING"
    },
    {
      "quarter": "2023-09 (Q3)",
      "signal": "FCF MARGIN EXPANSION",
      "detail": "FCF margin: +23.7% -> +41.9% (+18.2%)",
      "severity": "MEDIUM"
    },
    {
      "quarter": "2023-09 (Q3)",
      "signal": "YoY REVENUE GROWTH DECELERATION",
      "detail": "YoY growth: +7.9% vs prior quarter YoY: +26.6% (decel: -18.7%)",
      "severity": "WARNING"
    },
    {
      "quarter": "2023-06 (Q2)",
      "signal": "YoY REVENUE GROWTH DECELERATION",
      "detail": "YoY growth: +26.6% vs prior quarter YoY: +44.1% (decel: -17.5%)",
      "severity": "WARNING"
    },
    {
      "quarter": "2022-12 (Q4)",
      "signal": "YoY REVENUE GROWTH ACCELERATION",
      "detail": "YoY growth: +44.1% vs prior quarter YoY: +34.2% (accel: +9.9%)",
      "severity": "MEDIUM"
    },
    {
      "quarter": "2022-09 (Q3)",
      "signal": "FCF TURNED POSITIVE",
      "detail": "FCF margin: -13.8% -> +47.7%",
      "severity": "HIGH"
    },
    {
      "quarter": "2022-09 (Q3)",
      "signal": "YoY REVENUE GROWTH ACCELERATION",
      "detail": "YoY growth: +34.2% vs prior quarter YoY: +10.8% (accel: +23.4%)",
      "severity": "HIGH"
    },
    {
      "quarter": "2022-06 (Q2)",
      "signal": "YoY REVENUE GROWTH ACCELERATION",
      "detail": "YoY growth: +10.8% vs prior quarter YoY: +4.9% (accel: +5.9%)",
      "severity": "MEDIUM"
    },
    {
      "quarter": "2022-03 (Q1)",
      "signal": "FCF MARGIN EXPANSION",
      "detail": "FCF margin: +19.1% -> +91.4% (+72.3%)",
      "severity": "MEDIUM"
    },
    {
      "quarter": "2021-09 (Q3)",
      "signal": "FCF MARGIN EXPANSION",
      "detail": "FCF margin: +32.6% -> +57.5% (+24.9%)",
      "severity": "MEDIUM"
    },
    {
      "quarter": "2021-03 (Q1)",
      "signal": "FCF MARGIN EXPANSION",
      "detail": "FCF margin: +10.7% -> +61.9% (+51.3%)",
      "severity": "MEDIUM"
    }
  ],
  "data_quality": {
    "n_quarters": 20,
    "coverage": {
      "revenue": [
        20,
        20
      ],
      "gross_profit": [
        0,
        20
      ],
      "op_income": [
        0,
        20
      ],
      "fcf": [
        20,
        20
      ]
    },
    "gaps": [],
    "warnings": [
      "gross_profit: no data",
      "op_income: no data"
    ]
  },
  "market_cap": null,
  "source": "SEC EDGAR",
  "last_updated": "2026-02-02T20:43:07.122191"
}