{
  "ticker": "CGABL",
  "name": "Carlyle Group Inc.",
  "quarters": [
    {
      "date": "2020-12-31T00:00:00",
      "quarter_label": "2020-12 (Q4)",
      "revenue": 1514700000,
      "gross_profit": null,
      "operating_income": null,
      "net_income": 518800000,
      "opex": 835200000,
      "cogs": null,
      "rd": null,
      "sga": null,
      "fcf": -82500000,
      "ocf": -58600000,
      "capex": -23900000,
      "gross_margin": null,
      "op_margin": null,
      "fcf_margin": -0.054466230936819175
    },
    {
      "date": "2021-03-31T00:00:00",
      "quarter_label": "2021-03 (Q1)",
      "revenue": 2437200000,
      "gross_profit": null,
      "operating_income": null,
      "net_income": 869300000,
      "opex": 1285200000,
      "cogs": null,
      "rd": null,
      "sga": null,
      "fcf": 59800000,
      "ocf": 69500000,
      "capex": -9700000,
      "gross_margin": null,
      "op_margin": null,
      "fcf_margin": 0.024536353192187756,
      "op_leverage_ratio": 1.1303624480095067,
      "fcf_margin_change": 0.07900258412900693
    },
    {
      "date": "2021-06-30T00:00:00",
      "quarter_label": "2021-06 (Q2)",
      "revenue": 2706300000,
      "gross_profit": null,
      "operating_income": null,
      "net_income": 925000000,
      "opex": 1451000000,
      "cogs": null,
      "rd": null,
      "sga": null,
      "fcf": 517900000,
      "ocf": 525800000,
      "capex": -7900000,
      "gross_margin": null,
      "op_margin": null,
      "fcf_margin": 0.1913682888075971,
      "op_leverage_ratio": 0.8558718036893768,
      "fcf_margin_change": 0.16683193561540935
    },
    {
      "date": "2021-09-30T00:00:00",
      "quarter_label": "2021-09 (Q3)",
      "revenue": 1639500000,
      "gross_profit": null,
      "operating_income": null,
      "net_income": 532800000,
      "opex": 938100000,
      "cogs": null,
      "rd": null,
      "sga": null,
      "fcf": 697700000,
      "ocf": 707100000,
      "capex": -9400000,
      "gross_margin": null,
      "op_margin": null,
      "fcf_margin": 0.42555657212564807,
      "fcf_margin_change": 0.23418828331805097
    },
    {
      "date": "2021-12-31T00:00:00",
      "quarter_label": "2021-12 (Q4)",
      "revenue": 1999100000,
      "gross_profit": null,
      "operating_income": null,
      "net_income": 647600000,
      "opex": 1082800000,
      "cogs": null,
      "rd": null,
      "sga": null,
      "fcf": 474200000,
      "ocf": 488600000,
      "capex": -14400000,
      "gross_margin": null,
      "op_margin": null,
      "fcf_margin": 0.23720674303436545,
      "rev_growth_yoy": 0.3197993001914571,
      "op_leverage_ratio": 1.4219648691079945,
      "fcf_margin_change": -0.18834982909128262
    },
    {
      "date": "2022-03-31T00:00:00",
      "quarter_label": "2022-03 (Q1)",
      "revenue": 1581800000,
      "gross_profit": null,
      "operating_income": null,
      "net_income": 571600000,
      "opex": 841900000,
      "cogs": null,
      "rd": null,
      "sga": null,
      "fcf": -384000000,
      "ocf": -371700000,
      "capex": -12300000,
      "gross_margin": null,
      "op_margin": null,
      "fcf_margin": -0.24276141105070173,
      "rev_growth_yoy": -0.35097653044477267,
      "rev_growth_yoy_accel": -0.6707758306362297,
      "fcf_margin_change": -0.4799681540850672
    },
    {
      "date": "2022-06-30T00:00:00",
      "quarter_label": "2022-06 (Q2)",
      "revenue": 1049000000,
      "gross_profit": null,
      "operating_income": null,
      "net_income": 245400000,
      "opex": 725800000,
      "cogs": null,
      "rd": null,
      "sga": null,
      "fcf": -191900000,
      "ocf": -186800000,
      "capex": -5100000,
      "gross_margin": null,
      "op_margin": null,
      "fcf_margin": -0.18293612964728312,
      "rev_growth_yoy": -0.6123859143480028,
      "rev_growth_yoy_accel": -0.26140938390323015,
      "fcf_margin_change": 0.05982528140341861
    },
    {
      "date": "2022-09-30T00:00:00",
      "quarter_label": "2022-09 (Q3)",
      "revenue": 1088500000,
      "gross_profit": null,
      "operating_income": null,
      "net_income": 280800000,
      "opex": 699600000,
      "cogs": null,
      "rd": null,
      "sga": null,
      "fcf": 292400000,
      "ocf": 300000000,
      "capex": -7600000,
      "gross_margin": null,
      "op_margin": null,
      "fcf_margin": 0.268626550298576,
      "rev_growth_yoy": -0.3360780725831046,
      "rev_growth_yoy_accel": 0.2763078417648982,
      "op_leverage_ratio": Infinity,
      "fcf_margin_change": 0.45156267994585914
    },
    {
      "date": "2022-12-31T00:00:00",
      "quarter_label": "2022-12 (Q4)",
      "revenue": 719400000,
      "gross_profit": null,
      "operating_income": null,
      "net_income": 127200000,
      "opex": 557400000,
      "cogs": null,
      "rd": null,
      "sga": null,
      "fcf": -136400000,
      "ocf": -120800000,
      "capex": -15600000,
      "gross_margin": null,
      "op_margin": null,
      "fcf_margin": -0.18960244648318042,
      "rev_growth_yoy": -0.6401380621279575,
      "rev_growth_yoy_accel": -0.3040599895448529,
      "fcf_margin_change": -0.45822899678175644
    },
    {
      "date": "2023-03-31T00:00:00",
      "quarter_label": "2023-03 (Q1)",
      "revenue": 859000000,
      "gross_profit": null,
      "operating_income": null,
      "net_income": 100700000,
      "opex": 703000000,
      "cogs": null,
      "rd": null,
      "sga": null,
      "fcf": -125400000,
      "ocf": -112500000,
      "capex": -12900000,
      "gross_margin": null,
      "op_margin": null,
      "fcf_margin": -0.1459837019790454,
      "rev_growth_yoy": -0.4569477810089771,
      "rev_growth_yoy_accel": 0.18319028111898045,
      "op_leverage_ratio": 0.7428832635254653,
      "fcf_margin_change": 0.043618744504135026
    },
    {
      "date": "2023-06-30T00:00:00",
      "quarter_label": "2023-06 (Q2)",
      "revenue": 462100000,
      "gross_profit": null,
      "operating_income": null,
      "net_income": -98400000,
      "opex": 547700000,
      "cogs": null,
      "rd": null,
      "sga": null,
      "fcf": -756100000,
      "ocf": -736500000,
      "capex": -19600000,
      "gross_margin": null,
      "op_margin": null,
      "fcf_margin": -1.636225925124432,
      "rev_growth_yoy": -0.5594852240228789,
      "rev_growth_yoy_accel": -0.10253744301390183,
      "fcf_margin_change": -1.4902422231453867
    },
    {
      "date": "2023-09-30T00:00:00",
      "quarter_label": "2023-09 (Q3)",
      "revenue": 716600000,
      "gross_profit": null,
      "operating_income": null,
      "net_income": 81300000,
      "opex": 555100000,
      "cogs": null,
      "rd": null,
      "sga": null,
      "fcf": 782700000,
      "ocf": 799800000,
      "capex": -17100000,
      "gross_margin": null,
      "op_margin": null,
      "fcf_margin": 1.0922411387105777,
      "rev_growth_yoy": -0.3416628387689481,
      "rev_growth_yoy_accel": 0.21782238525393083,
      "op_leverage_ratio": 40.762690303374136,
      "fcf_margin_change": 2.7284670638350095
    },
    {
      "date": "2023-12-31T00:00:00",
      "quarter_label": "2023-12 (Q4)",
      "revenue": 926200000,
      "gross_profit": null,
      "operating_income": null,
      "net_income": -692000000,
      "opex": 1765900000,
      "cogs": null,
      "rd": null,
      "sga": null,
      "fcf": 237100000,
      "ocf": 254100000,
      "capex": -17000000,
      "gross_margin": null,
      "op_margin": null,
      "fcf_margin": 0.2559922263010149,
      "rev_growth_yoy": 0.2874617737003058,
      "rev_growth_yoy_accel": 0.6291246124692539,
      "op_leverage_ratio": 0.1340952176527173,
      "fcf_margin_change": -0.8362489124095628
    },
    {
      "date": "2024-03-31T00:00:00",
      "quarter_label": "2024-03 (Q1)",
      "revenue": 688400000,
      "gross_profit": null,
      "operating_income": null,
      "net_income": 65600000,
      "opex": 560700000,
      "cogs": null,
      "rd": null,
      "sga": null,
      "fcf": 56900000,
      "ocf": 71100000,
      "capex": -14200000,
      "gross_margin": null,
      "op_margin": null,
      "fcf_margin": 0.0826554328878559,
      "rev_growth_yoy": -0.19860302677532013,
      "rev_growth_yoy_accel": -0.48606480047562595,
      "fcf_margin_change": -0.17333679341315902
    },
    {
      "date": "2024-06-30T00:00:00",
      "quarter_label": "2024-06 (Q2)",
      "revenue": 1069700000,
      "gross_profit": null,
      "operating_income": null,
      "net_income": 148200000,
      "opex": 845800000,
      "cogs": null,
      "rd": null,
      "sga": null,
      "fcf": -1287400000,
      "ocf": -1269700000,
      "capex": -17700000,
      "gross_margin": null,
      "op_margin": null,
      "fcf_margin": -1.203515004206787,
      "rev_growth_yoy": 1.314866911923826,
      "rev_growth_yoy_accel": 1.5134699386991461,
      "op_leverage_ratio": 1.0893295439931472,
      "fcf_margin_change": -1.286170437094643
    },
    {
      "date": "2024-09-30T00:00:00",
      "quarter_label": "2024-09 (Q3)",
      "revenue": 2635200000,
      "gross_profit": null,
      "operating_income": null,
      "net_income": 595700000,
      "opex": 1848900000,
      "cogs": null,
      "rd": null,
      "sga": null,
      "fcf": 772800000,
      "ocf": 791900000,
      "capex": -19100000,
      "gross_margin": null,
      "op_margin": null,
      "fcf_margin": 0.29326047358834245,
      "rev_growth_yoy": 2.6773653363103547,
      "rev_growth_yoy_accel": 1.3624984243865286,
      "op_leverage_ratio": 1.2339982009775492,
      "fcf_margin_change": 1.4967754777951294
    },
    {
      "date": "2024-12-31T00:00:00",
      "quarter_label": "2024-12 (Q4)",
      "revenue": 1032500000,
      "gross_profit": null,
      "operating_income": null,
      "net_income": 210900000,
      "opex": 800700000,
      "cogs": null,
      "rd": null,
      "sga": null,
      "fcf": -379500000,
      "ocf": -352800000,
      "capex": -26700000,
      "gross_margin": null,
      "op_margin": null,
      "fcf_margin": -0.3675544794188862,
      "rev_growth_yoy": 0.11477002807169077,
      "rev_growth_yoy_accel": -2.562595308238664,
      "fcf_margin_change": -0.6608149530072287
    },
    {
      "date": "2025-03-31T00:00:00",
      "quarter_label": "2025-03 (Q1)",
      "revenue": 973100000,
      "gross_profit": null,
      "operating_income": null,
      "net_income": 130000000,
      "opex": 808200000,
      "cogs": null,
      "rd": null,
      "sga": null,
      "fcf": -368800000,
      "ocf": -352100000,
      "capex": -16700000,
      "gross_margin": null,
      "op_margin": null,
      "fcf_margin": -0.37899496454629533,
      "rev_growth_yoy": 0.41356769320162695,
      "rev_growth_yoy_accel": 0.29879766512993616,
      "fcf_margin_change": -0.011440485127409139
    },
    {
      "date": "2025-06-30T00:00:00",
      "quarter_label": "2025-06 (Q2)",
      "revenue": 1572900000,
      "gross_profit": null,
      "operating_income": null,
      "net_income": 319700000,
      "opex": 1179100000,
      "cogs": null,
      "rd": null,
      "sga": null,
      "fcf": -186300000,
      "ocf": -168800000,
      "capex": -17500000,
      "gross_margin": null,
      "op_margin": null,
      "fcf_margin": -0.11844363913789815,
      "rev_growth_yoy": 0.470412265121062,
      "rev_growth_yoy_accel": 0.05684457191943504,
      "op_leverage_ratio": 1.343108203280818,
      "fcf_margin_change": 0.2605513254083972
    },
    {
      "date": "2025-09-30T00:00:00",
      "quarter_label": "2025-09 (Q3)",
      "revenue": 332700000,
      "gross_profit": null,
      "operating_income": null,
      "net_income": 900000,
      "opex": 370100000,
      "cogs": null,
      "rd": null,
      "sga": null,
      "fcf": -1582700000,
      "ocf": -1559500000,
      "capex": -23200000,
      "gross_margin": null,
      "op_margin": null,
      "fcf_margin": -4.757138563270213,
      "rev_growth_yoy": -0.873747723132969,
      "rev_growth_yoy_accel": -1.344159988254031,
      "fcf_margin_change": -4.638694924132315
    }
  ],
  "signals": [
    {
      "quarter": "2025-09 (Q3)",
      "signal": "YoY REVENUE GROWTH DECELERATION",
      "detail": "YoY growth: -87.4% vs prior quarter YoY: +47.0% (decel: -134.4%)",
      "severity": "WARNING"
    },
    {
      "quarter": "2025-06 (Q2)",
      "signal": "FCF MARGIN EXPANSION",
      "detail": "FCF margin: -37.9% -> -11.8% (+26.1%)",
      "severity": "MEDIUM"
    },
    {
      "quarter": "2025-06 (Q2)",
      "signal": "YoY REVENUE GROWTH ACCELERATION",
      "detail": "YoY growth: +47.0% vs prior quarter YoY: +41.4% (accel: +5.7%)",
      "severity": "MEDIUM"
    },
    {
      "quarter": "2025-03 (Q1)",
      "signal": "YoY REVENUE GROWTH ACCELERATION",
      "detail": "YoY growth: +41.4% vs prior quarter YoY: +11.5% (accel: +29.9%)",
      "severity": "HIGH"
    },
    {
      "quarter": "2024-12 (Q4)",
      "signal": "YoY REVENUE GROWTH DECELERATION",
      "detail": "YoY growth: +11.5% vs prior quarter YoY: +267.7% (decel: -256.3%)",
      "severity": "WARNING"
    },
    {
      "quarter": "2024-09 (Q3)",
      "signal": "FCF TURNED POSITIVE",
      "detail": "FCF margin: -120.4% -> +29.3%",
      "severity": "HIGH"
    },
    {
      "quarter": "2024-09 (Q3)",
      "signal": "YoY REVENUE GROWTH ACCELERATION",
      "detail": "YoY growth: +267.7% vs prior quarter YoY: +131.5% (accel: +136.2%)",
      "severity": "HIGH"
    },
    {
      "quarter": "2024-06 (Q2)",
      "signal": "YoY REVENUE GROWTH ACCELERATION",
      "detail": "YoY growth: +131.5% vs prior quarter YoY: -19.9% (accel: +151.3%)",
      "severity": "HIGH"
    },
    {
      "quarter": "2024-03 (Q1)",
      "signal": "YoY REVENUE GROWTH DECELERATION",
      "detail": "YoY growth: -19.9% vs prior quarter YoY: +28.7% (decel: -48.6%)",
      "severity": "WARNING"
    },
    {
      "quarter": "2023-12 (Q4)",
      "signal": "YoY REVENUE GROWTH ACCELERATION",
      "detail": "YoY growth: +28.7% vs prior quarter YoY: -34.2% (accel: +62.9%)",
      "severity": "HIGH"
    },
    {
      "quarter": "2023-09 (Q3)",
      "signal": "FCF TURNED POSITIVE",
      "detail": "FCF margin: -163.6% -> +109.2%",
      "severity": "HIGH"
    },
    {
      "quarter": "2023-09 (Q3)",
      "signal": "OPERATING LEVERAGE",
      "detail": "Rev growth +55.1% vs OpEx growth +1.4% (leverage: 40.8x)",
      "severity": "MEDIUM"
    },
    {
      "quarter": "2023-09 (Q3)",
      "signal": "YoY REVENUE GROWTH ACCELERATION",
      "detail": "YoY growth: -34.2% vs prior quarter YoY: -55.9% (accel: +21.8%)",
      "severity": "HIGH"
    },
    {
      "quarter": "2023-06 (Q2)",
      "signal": "YoY REVENUE GROWTH DECELERATION",
      "detail": "YoY growth: -55.9% vs prior quarter YoY: -45.7% (decel: -10.3%)",
      "severity": "WARNING"
    },
    {
      "quarter": "2023-03 (Q1)",
      "signal": "YoY REVENUE GROWTH ACCELERATION",
      "detail": "YoY growth: -45.7% vs prior quarter YoY: -64.0% (accel: +18.3%)",
      "severity": "HIGH"
    },
    {
      "quarter": "2022-12 (Q4)",
      "signal": "YoY REVENUE GROWTH DECELERATION",
      "detail": "YoY growth: -64.0% vs prior quarter YoY: -33.6% (decel: -30.4%)",
      "severity": "WARNING"
    },
    {
      "quarter": "2022-09 (Q3)",
      "signal": "FCF TURNED POSITIVE",
      "detail": "FCF margin: -18.3% -> +26.9%",
      "severity": "HIGH"
    },
    {
      "quarter": "2022-09 (Q3)",
      "signal": "YoY REVENUE GROWTH ACCELERATION",
      "detail": "YoY growth: -33.6% vs prior quarter YoY: -61.2% (accel: +27.6%)",
      "severity": "HIGH"
    },
    {
      "quarter": "2022-06 (Q2)",
      "signal": "FCF MARGIN EXPANSION",
      "detail": "FCF margin: -24.3% -> -18.3% (+6.0%)",
      "severity": "MEDIUM"
    },
    {
      "quarter": "2022-06 (Q2)",
      "signal": "YoY REVENUE GROWTH DECELERATION",
      "detail": "YoY growth: -61.2% vs prior quarter YoY: -35.1% (decel: -26.1%)",
      "severity": "WARNING"
    },
    {
      "quarter": "2022-03 (Q1)",
      "signal": "YoY REVENUE GROWTH DECELERATION",
      "detail": "YoY growth: -35.1% vs prior quarter YoY: +32.0% (decel: -67.1%)",
      "severity": "WARNING"
    },
    {
      "quarter": "2021-09 (Q3)",
      "signal": "FCF MARGIN EXPANSION",
      "detail": "FCF margin: +19.1% -> +42.6% (+23.4%)",
      "severity": "MEDIUM"
    },
    {
      "quarter": "2021-06 (Q2)",
      "signal": "FCF MARGIN EXPANSION",
      "detail": "FCF margin: +2.5% -> +19.1% (+16.7%)",
      "severity": "MEDIUM"
    },
    {
      "quarter": "2021-03 (Q1)",
      "signal": "FCF TURNED POSITIVE",
      "detail": "FCF margin: -5.4% -> +2.5%",
      "severity": "HIGH"
    }
  ],
  "data_quality": {
    "n_quarters": 20,
    "coverage": {
      "revenue": [
        20,
        20
      ],
      "gross_profit": [
        0,
        20
      ],
      "op_income": [
        0,
        20
      ],
      "fcf": [
        20,
        20
      ]
    },
    "gaps": [],
    "warnings": [
      "gross_profit: no data",
      "op_income: no data"
    ]
  },
  "market_cap": null,
  "source": "SEC EDGAR",
  "last_updated": "2026-02-03T01:08:43.790194"
}