{
  "ticker": "CHCT",
  "name": "Community Healthcare Trust\u00a0Inc",
  "quarters": [
    {
      "date": "2020-12-31T00:00:00",
      "quarter_label": "2020-12 (Q4)",
      "revenue": 20124000,
      "gross_profit": null,
      "operating_income": null,
      "net_income": 5240000,
      "opex": 12836000,
      "cogs": null,
      "rd": null,
      "sga": null,
      "fcf": 12567000,
      "ocf": 12567000,
      "capex": null,
      "gross_margin": null,
      "op_margin": null,
      "fcf_margin": 0.6244782349433512
    },
    {
      "date": "2021-03-31T00:00:00",
      "quarter_label": "2021-03 (Q1)",
      "revenue": 21395000,
      "gross_profit": null,
      "operating_income": null,
      "net_income": 5315000,
      "opex": 13813000,
      "cogs": null,
      "rd": null,
      "sga": null,
      "fcf": 13493000,
      "ocf": 13493000,
      "capex": null,
      "gross_margin": null,
      "op_margin": null,
      "fcf_margin": 0.6306613694788502,
      "op_leverage_ratio": 0.8297865414572944,
      "fcf_margin_change": 0.006183134535499013
    },
    {
      "date": "2021-06-30T00:00:00",
      "quarter_label": "2021-06 (Q2)",
      "revenue": 22688000,
      "gross_profit": null,
      "operating_income": null,
      "net_income": 5710000,
      "opex": 14275000,
      "cogs": null,
      "rd": null,
      "sga": null,
      "fcf": 14609000,
      "ocf": 14609000,
      "capex": null,
      "gross_margin": null,
      "op_margin": null,
      "fcf_margin": 0.6439086741889986,
      "op_leverage_ratio": 1.8068923131087187,
      "fcf_margin_change": 0.013247304710148344
    },
    {
      "date": "2021-09-30T00:00:00",
      "quarter_label": "2021-09 (Q3)",
      "revenue": 23254000,
      "gross_profit": null,
      "operating_income": null,
      "net_income": 5354000,
      "opex": 15069000,
      "cogs": null,
      "rd": null,
      "sga": null,
      "fcf": 13251000,
      "ocf": 13251000,
      "capex": null,
      "gross_margin": null,
      "op_margin": null,
      "fcf_margin": 0.569837447320891,
      "op_leverage_ratio": 0.4485138228178191,
      "fcf_margin_change": -0.07407122686810752
    },
    {
      "date": "2021-12-31T00:00:00",
      "quarter_label": "2021-12 (Q4)",
      "revenue": 23242000,
      "gross_profit": null,
      "operating_income": null,
      "net_income": 6113000,
      "opex": 14515000,
      "cogs": null,
      "rd": null,
      "sga": null,
      "fcf": 14995000,
      "ocf": 14995000,
      "capex": null,
      "gross_margin": null,
      "op_margin": null,
      "fcf_margin": 0.6451682299285776,
      "rev_growth_yoy": 0.15493937586960843,
      "fcf_margin_change": 0.07533078260768655
    },
    {
      "date": "2022-03-31T00:00:00",
      "quarter_label": "2022-03 (Q1)",
      "revenue": 23481000,
      "gross_profit": null,
      "operating_income": null,
      "net_income": 5524000,
      "opex": 15349000,
      "cogs": null,
      "rd": null,
      "sga": null,
      "fcf": 14402000,
      "ocf": 14402000,
      "capex": null,
      "gross_margin": null,
      "op_margin": null,
      "fcf_margin": 0.613346961373025,
      "rev_growth_yoy": 0.09749941575134377,
      "rev_growth_yoy_accel": -0.05743996011826466,
      "op_leverage_ratio": 0.17896800363684615,
      "fcf_margin_change": -0.03182126855555256
    },
    {
      "date": "2022-06-30T00:00:00",
      "quarter_label": "2022-06 (Q2)",
      "revenue": 24049000,
      "gross_profit": null,
      "operating_income": null,
      "net_income": 5584000,
      "opex": 15749000,
      "cogs": null,
      "rd": null,
      "sga": null,
      "fcf": 15117000,
      "ocf": 15117000,
      "capex": null,
      "gross_margin": null,
      "op_margin": null,
      "fcf_margin": 0.6285916254314109,
      "rev_growth_yoy": 0.059987658674188996,
      "rev_growth_yoy_accel": -0.037511757077154775,
      "op_leverage_ratio": 0.928221966696478,
      "fcf_margin_change": 0.01524466405838587
    },
    {
      "date": "2022-09-30T00:00:00",
      "quarter_label": "2022-09 (Q3)",
      "revenue": 24807000,
      "gross_profit": null,
      "operating_income": null,
      "net_income": 5673000,
      "opex": 16092000,
      "cogs": null,
      "rd": null,
      "sga": null,
      "fcf": 15351000,
      "ocf": 15351000,
      "capex": null,
      "gross_margin": null,
      "op_margin": null,
      "fcf_margin": 0.6188172693191438,
      "rev_growth_yoy": 0.06678420916831512,
      "rev_growth_yoy_accel": 0.006796550494126127,
      "op_leverage_ratio": 1.44720830539495,
      "fcf_margin_change": -0.009774356112267069
    },
    {
      "date": "2022-12-31T00:00:00",
      "quarter_label": "2022-12 (Q4)",
      "revenue": 25342000,
      "gross_profit": null,
      "operating_income": null,
      "net_income": 5238000,
      "opex": 16622000,
      "cogs": null,
      "rd": null,
      "sga": null,
      "fcf": 15410000,
      "ocf": 15410000,
      "capex": null,
      "gross_margin": null,
      "op_margin": null,
      "fcf_margin": 0.6080814458211664,
      "rev_growth_yoy": 0.09035367008002754,
      "rev_growth_yoy_accel": 0.023569460911712414,
      "op_leverage_ratio": 0.6548075672493537,
      "fcf_margin_change": -0.010735823497977415
    },
    {
      "date": "2023-03-31T00:00:00",
      "quarter_label": "2023-03 (Q1)",
      "revenue": 27176000,
      "gross_profit": null,
      "operating_income": null,
      "net_income": -6922000,
      "opex": 30096000,
      "cogs": null,
      "rd": null,
      "sga": null,
      "fcf": 12698000,
      "ocf": 12698000,
      "capex": null,
      "gross_margin": null,
      "op_margin": null,
      "fcf_margin": 0.4672505151604357,
      "rev_growth_yoy": 0.15736127081470125,
      "rev_growth_yoy_accel": 0.06700760073467371,
      "op_leverage_ratio": 0.08927814945896671,
      "fcf_margin_change": -0.1408309306607307
    },
    {
      "date": "2023-06-30T00:00:00",
      "quarter_label": "2023-06 (Q2)",
      "revenue": 27810000,
      "gross_profit": null,
      "operating_income": null,
      "net_income": 6577000,
      "opex": 17792000,
      "cogs": null,
      "rd": null,
      "sga": null,
      "fcf": 16676000,
      "ocf": 16676000,
      "capex": null,
      "gross_margin": null,
      "op_margin": null,
      "fcf_margin": 0.5996404171161452,
      "rev_growth_yoy": 0.15638903904528254,
      "rev_growth_yoy_accel": -0.0009722317694187133,
      "op_leverage_ratio": Infinity,
      "fcf_margin_change": 0.13238990195570954
    },
    {
      "date": "2023-09-30T00:00:00",
      "quarter_label": "2023-09 (Q3)",
      "revenue": 28735000,
      "gross_profit": null,
      "operating_income": null,
      "net_income": 3492000,
      "opex": 20282000,
      "cogs": null,
      "rd": null,
      "sga": null,
      "fcf": 17717000,
      "ocf": 17717000,
      "capex": null,
      "gross_margin": null,
      "op_margin": null,
      "fcf_margin": 0.6165651644336175,
      "rev_growth_yoy": 0.15834240335389205,
      "rev_growth_yoy_accel": 0.001953364308609512,
      "op_leverage_ratio": 0.23766551282440077,
      "fcf_margin_change": 0.01692474731747229
    },
    {
      "date": "2023-12-31T00:00:00",
      "quarter_label": "2023-12 (Q4)",
      "revenue": 29124000,
      "gross_profit": null,
      "operating_income": null,
      "net_income": 4567000,
      "opex": 19574000,
      "cogs": null,
      "rd": null,
      "sga": null,
      "fcf": 14292000,
      "ocf": 14292000,
      "capex": null,
      "gross_margin": null,
      "op_margin": null,
      "fcf_margin": 0.4907292954264524,
      "rev_growth_yoy": 0.14923841843579827,
      "rev_growth_yoy_accel": -0.009103984918093777,
      "op_leverage_ratio": Infinity,
      "fcf_margin_change": -0.12583586900716515
    },
    {
      "date": "2024-03-31T00:00:00",
      "quarter_label": "2024-03 (Q1)",
      "revenue": 29333000,
      "gross_profit": null,
      "operating_income": null,
      "net_income": 3665000,
      "opex": 20607000,
      "cogs": null,
      "rd": null,
      "sga": null,
      "fcf": 12643000,
      "ocf": 12643000,
      "capex": null,
      "gross_margin": null,
      "op_margin": null,
      "fcf_margin": 0.4310162615484267,
      "rev_growth_yoy": 0.07937150426847218,
      "rev_growth_yoy_accel": -0.06986691416732609,
      "fcf_margin_change": -0.05971303387802568
    },
    {
      "date": "2024-06-30T00:00:00",
      "quarter_label": "2024-06 (Q2)",
      "revenue": 27516000,
      "gross_profit": null,
      "operating_income": null,
      "net_income": -10427000,
      "opex": 21124000,
      "cogs": null,
      "rd": null,
      "sga": null,
      "fcf": 16729000,
      "ocf": 16729000,
      "capex": null,
      "gross_margin": null,
      "op_margin": null,
      "fcf_margin": 0.6079735426660852,
      "rev_growth_yoy": -0.010571736785329019,
      "rev_growth_yoy_accel": -0.0899432410538012,
      "fcf_margin_change": 0.17695728111765846
    },
    {
      "date": "2024-09-30T00:00:00",
      "quarter_label": "2024-09 (Q3)",
      "revenue": 29639000,
      "gross_profit": null,
      "operating_income": null,
      "net_income": 1749000,
      "opex": 21848000,
      "cogs": null,
      "rd": null,
      "sga": null,
      "fcf": 13845000,
      "ocf": 13845000,
      "capex": null,
      "gross_margin": null,
      "op_margin": null,
      "fcf_margin": 0.46712102297648367,
      "rev_growth_yoy": 0.031459892117626585,
      "rev_growth_yoy_accel": 0.0420316289029556,
      "op_leverage_ratio": 2.2511388652629227,
      "fcf_margin_change": -0.1408525196896015
    },
    {
      "date": "2024-12-31T00:00:00",
      "quarter_label": "2024-12 (Q4)",
      "revenue": 29298000,
      "gross_profit": null,
      "operating_income": null,
      "net_income": 1832000,
      "opex": 21091000,
      "cogs": null,
      "rd": null,
      "sga": null,
      "fcf": 15664000,
      "ocf": 15664000,
      "capex": null,
      "gross_margin": null,
      "op_margin": null,
      "fcf_margin": 0.534644003003618,
      "rev_growth_yoy": 0.005974454058508447,
      "rev_growth_yoy_accel": -0.02548543805911814,
      "fcf_margin_change": 0.06752298002713436
    },
    {
      "date": "2025-03-31T00:00:00",
      "quarter_label": "2025-03 (Q1)",
      "revenue": 30078000,
      "gross_profit": null,
      "operating_income": null,
      "net_income": 1591000,
      "opex": 22138000,
      "cogs": null,
      "rd": null,
      "sga": null,
      "fcf": 14409000,
      "ocf": 14409000,
      "capex": null,
      "gross_margin": null,
      "op_margin": null,
      "fcf_margin": 0.4790544584081388,
      "rev_growth_yoy": 0.025398015886544164,
      "rev_growth_yoy_accel": 0.019423561828035715,
      "op_leverage_ratio": 0.536299161604076,
      "fcf_margin_change": -0.05558954459547921
    },
    {
      "date": "2025-06-30T00:00:00",
      "quarter_label": "2025-06 (Q2)",
      "revenue": 29085000,
      "gross_profit": null,
      "operating_income": null,
      "net_income": -12557000,
      "opex": 27023000,
      "cogs": null,
      "rd": null,
      "sga": null,
      "fcf": 13799000,
      "ocf": 13799000,
      "capex": null,
      "gross_margin": null,
      "op_margin": null,
      "fcf_margin": 0.47443699501461234,
      "rev_growth_yoy": 0.05702136938508504,
      "rev_growth_yoy_accel": 0.03162335349854088,
      "fcf_margin_change": -0.0046174633935264775
    },
    {
      "date": "2025-09-30T00:00:00",
      "quarter_label": "2025-09 (Q3)",
      "revenue": 31086000,
      "gross_profit": null,
      "operating_income": null,
      "net_income": 1640000,
      "opex": 21490000,
      "cogs": null,
      "rd": null,
      "sga": null,
      "fcf": 12722000,
      "ocf": 12722000,
      "capex": null,
      "gross_margin": null,
      "op_margin": null,
      "fcf_margin": 0.40925175320079776,
      "rev_growth_yoy": 0.048820810418705084,
      "rev_growth_yoy_accel": -0.008200558966379959,
      "op_leverage_ratio": Infinity,
      "fcf_margin_change": -0.06518524181381458
    }
  ],
  "signals": [
    {
      "quarter": "2024-12 (Q4)",
      "signal": "FCF MARGIN EXPANSION",
      "detail": "FCF margin: +46.7% -> +53.5% (+6.8%)",
      "severity": "MEDIUM"
    },
    {
      "quarter": "2024-09 (Q3)",
      "signal": "OPERATING LEVERAGE",
      "detail": "Rev growth +7.7% vs OpEx growth +3.4% (leverage: 2.3x)",
      "severity": "MEDIUM"
    },
    {
      "quarter": "2024-06 (Q2)",
      "signal": "FCF MARGIN EXPANSION",
      "detail": "FCF margin: +43.1% -> +60.8% (+17.7%)",
      "severity": "MEDIUM"
    },
    {
      "quarter": "2024-06 (Q2)",
      "signal": "YoY REVENUE GROWTH DECELERATION",
      "detail": "YoY growth: -1.1% vs prior quarter YoY: +7.9% (decel: -9.0%)",
      "severity": "WARNING"
    },
    {
      "quarter": "2024-03 (Q1)",
      "signal": "YoY REVENUE GROWTH DECELERATION",
      "detail": "YoY growth: +7.9% vs prior quarter YoY: +14.9% (decel: -7.0%)",
      "severity": "WARNING"
    },
    {
      "quarter": "2023-06 (Q2)",
      "signal": "FCF MARGIN EXPANSION",
      "detail": "FCF margin: +46.7% -> +60.0% (+13.2%)",
      "severity": "MEDIUM"
    },
    {
      "quarter": "2023-03 (Q1)",
      "signal": "YoY REVENUE GROWTH ACCELERATION",
      "detail": "YoY growth: +15.7% vs prior quarter YoY: +9.0% (accel: +6.7%)",
      "severity": "MEDIUM"
    },
    {
      "quarter": "2022-03 (Q1)",
      "signal": "YoY REVENUE GROWTH DECELERATION",
      "detail": "YoY growth: +9.7% vs prior quarter YoY: +15.5% (decel: -5.7%)",
      "severity": "WARNING"
    },
    {
      "quarter": "2021-12 (Q4)",
      "signal": "FCF MARGIN EXPANSION",
      "detail": "FCF margin: +57.0% -> +64.5% (+7.5%)",
      "severity": "MEDIUM"
    },
    {
      "quarter": "2021-06 (Q2)",
      "signal": "OPERATING LEVERAGE",
      "detail": "Rev growth +6.0% vs OpEx growth +3.3% (leverage: 1.8x)",
      "severity": "MEDIUM"
    }
  ],
  "data_quality": {
    "n_quarters": 20,
    "coverage": {
      "revenue": [
        20,
        20
      ],
      "gross_profit": [
        0,
        20
      ],
      "op_income": [
        0,
        20
      ],
      "fcf": [
        20,
        20
      ]
    },
    "gaps": [],
    "warnings": [
      "gross_profit: no data",
      "op_income: no data"
    ]
  },
  "market_cap": null,
  "source": "SEC EDGAR",
  "last_updated": "2026-02-02T22:26:54.790719"
}