{
  "ticker": "CHDN",
  "name": "Churchill Downs Inc",
  "quarters": [
    {
      "date": "2020-12-31T00:00:00",
      "quarter_label": "2020-12 (Q4)",
      "revenue": 278200000,
      "gross_profit": null,
      "operating_income": 22700000,
      "net_income": 17100000,
      "opex": 255500000,
      "cogs": null,
      "rd": null,
      "sga": 29500000,
      "fcf": 4600000,
      "ocf": 4600000,
      "capex": null,
      "gross_margin": null,
      "op_margin": 0.08159597411933861,
      "fcf_margin": 0.01653486700215672
    },
    {
      "date": "2021-03-31T00:00:00",
      "quarter_label": "2021-03 (Q1)",
      "revenue": 324300000,
      "gross_profit": null,
      "operating_income": 46700000,
      "net_income": 36100000,
      "opex": 277600000,
      "cogs": null,
      "rd": null,
      "sga": 30200000,
      "fcf": -19800000,
      "ocf": -19800000,
      "capex": null,
      "gross_margin": null,
      "op_margin": 0.14400246685168056,
      "fcf_margin": -0.06105457909343201,
      "op_leverage_ratio": 1.915765863941108,
      "fcf_margin_change": -0.07758944609558874
    },
    {
      "date": "2021-06-30T00:00:00",
      "quarter_label": "2021-06 (Q2)",
      "revenue": 515100000,
      "gross_profit": null,
      "operating_income": 135400000,
      "net_income": 108300000,
      "opex": 379700000,
      "cogs": null,
      "rd": null,
      "sga": 33400000,
      "fcf": 230100000,
      "ocf": 230100000,
      "capex": null,
      "gross_margin": null,
      "op_margin": 0.26286158027567463,
      "fcf_margin": 0.4467093768200349,
      "op_leverage_ratio": 1.5996506300166442,
      "fcf_margin_change": 0.5077639559134669
    },
    {
      "date": "2021-09-30T00:00:00",
      "quarter_label": "2021-09 (Q3)",
      "revenue": 393000000,
      "gross_profit": null,
      "operating_income": 67600000,
      "net_income": 61400000,
      "opex": 325400000,
      "cogs": null,
      "rd": null,
      "sga": 36100000,
      "fcf": null,
      "ocf": null,
      "capex": null,
      "gross_margin": null,
      "op_margin": 0.17201017811704836,
      "fcf_margin": null
    },
    {
      "date": "2021-12-31T00:00:00",
      "quarter_label": "2021-12 (Q4)",
      "revenue": 364800000,
      "gross_profit": null,
      "operating_income": 34700000,
      "net_income": 43300000,
      "opex": 330100000,
      "cogs": null,
      "rd": null,
      "sga": 38800000,
      "fcf": null,
      "ocf": null,
      "capex": null,
      "gross_margin": null,
      "op_margin": 0.09512061403508772,
      "fcf_margin": null,
      "incr_op_margin_yoy": 0.13856812933025403,
      "rev_growth_yoy": 0.31128684399712436
    },
    {
      "date": "2022-03-31T00:00:00",
      "quarter_label": "2022-03 (Q1)",
      "revenue": 364100000,
      "gross_profit": null,
      "operating_income": 47400000,
      "net_income": 42100000,
      "opex": 316700000,
      "cogs": null,
      "rd": null,
      "sga": 35900000,
      "fcf": 135200000,
      "ocf": 135200000,
      "capex": null,
      "gross_margin": null,
      "op_margin": 0.13018401538039,
      "fcf_margin": 0.3713265586377369,
      "incr_op_margin_yoy": 0.017587939698492462,
      "rev_growth_yoy": 0.12272587110699969,
      "rev_growth_yoy_accel": -0.1885609728901247
    },
    {
      "date": "2022-06-30T00:00:00",
      "quarter_label": "2022-06 (Q2)",
      "revenue": 582500000,
      "gross_profit": null,
      "operating_income": 199700000,
      "net_income": 339300000,
      "opex": 382800000,
      "cogs": null,
      "rd": null,
      "sga": 38400000,
      "fcf": null,
      "ocf": null,
      "capex": null,
      "gross_margin": null,
      "op_margin": 0.34283261802575105,
      "fcf_margin": null,
      "incr_op_margin_yoy": 0.9540059347181009,
      "rev_growth_yoy": 0.1308483789555426,
      "rev_growth_yoy_accel": 0.008122507848542918,
      "op_leverage_ratio": 2.873945704098681
    },
    {
      "date": "2022-09-30T00:00:00",
      "quarter_label": "2022-09 (Q3)",
      "revenue": 383100000,
      "gross_profit": null,
      "operating_income": 63000000,
      "net_income": 57000000,
      "opex": 320100000,
      "cogs": null,
      "rd": null,
      "sga": 38400000,
      "fcf": null,
      "ocf": null,
      "capex": null,
      "gross_margin": null,
      "op_margin": 0.1644479248238058,
      "fcf_margin": null,
      "incr_op_margin_yoy": 0.46464646464646464,
      "rev_growth_yoy": -0.025190839694656488,
      "rev_growth_yoy_accel": -0.1560392186501991
    },
    {
      "date": "2022-12-31T00:00:00",
      "quarter_label": "2022-12 (Q4)",
      "revenue": 480100000,
      "gross_profit": null,
      "operating_income": 11700000,
      "net_income": 1000000,
      "opex": 468400000,
      "cogs": null,
      "rd": null,
      "sga": 51500000,
      "fcf": null,
      "ocf": null,
      "capex": null,
      "gross_margin": null,
      "op_margin": 0.02436992293272235,
      "fcf_margin": null,
      "incr_op_margin_yoy": -0.199479618386817,
      "rev_growth_yoy": 0.31606359649122806,
      "rev_growth_yoy_accel": 0.3412544361858845,
      "op_leverage_ratio": 0.5465175407423521
    },
    {
      "date": "2023-03-31T00:00:00",
      "quarter_label": "2023-03 (Q1)",
      "revenue": 559500000,
      "gross_profit": null,
      "operating_income": 119900000,
      "net_income": 155700000,
      "opex": 439600000,
      "cogs": null,
      "rd": null,
      "sga": 52300000,
      "fcf": 215900000,
      "ocf": 215900000,
      "capex": null,
      "gross_margin": null,
      "op_margin": 0.21429848078641645,
      "fcf_margin": 0.38588025022341377,
      "incr_op_margin_yoy": 0.3710337768679631,
      "rev_growth_yoy": 0.5366657511672618,
      "rev_growth_yoy_accel": 0.22060215467603372,
      "op_leverage_ratio": Infinity
    },
    {
      "date": "2023-06-30T00:00:00",
      "quarter_label": "2023-06 (Q2)",
      "revenue": 768500000,
      "gross_profit": null,
      "operating_income": 225600000,
      "net_income": 143000000,
      "opex": 542900000,
      "cogs": null,
      "rd": null,
      "sga": 48100000,
      "fcf": null,
      "ocf": null,
      "capex": null,
      "gross_margin": null,
      "op_margin": 0.29355888093689003,
      "fcf_margin": null,
      "incr_op_margin_yoy": 0.139247311827957,
      "rev_growth_yoy": 0.31931330472103003,
      "rev_growth_yoy_accel": -0.21735244644623175,
      "op_leverage_ratio": 1.5896574783701738
    },
    {
      "date": "2023-09-30T00:00:00",
      "quarter_label": "2023-09 (Q3)",
      "revenue": 572500000,
      "gross_profit": null,
      "operating_income": 112300000,
      "net_income": 61000000,
      "opex": 460200000,
      "cogs": null,
      "rd": null,
      "sga": 50200000,
      "fcf": null,
      "ocf": null,
      "capex": null,
      "gross_margin": null,
      "op_margin": 0.19615720524017466,
      "fcf_margin": null,
      "incr_op_margin_yoy": 0.26029567053854274,
      "rev_growth_yoy": 0.4943878882798225,
      "rev_growth_yoy_accel": 0.17507458355879246
    },
    {
      "date": "2023-12-31T00:00:00",
      "quarter_label": "2023-12 (Q4)",
      "revenue": 561200000,
      "gross_profit": null,
      "operating_income": 106200000,
      "net_income": 57600000,
      "opex": 455000000,
      "cogs": null,
      "rd": null,
      "sga": 51700000,
      "fcf": null,
      "ocf": null,
      "capex": null,
      "gross_margin": null,
      "op_margin": 0.18923734853884533,
      "fcf_margin": null,
      "incr_op_margin_yoy": 1.1652281134401974,
      "rev_growth_yoy": 0.1689231410122891,
      "rev_growth_yoy_accel": -0.3254647472675334
    },
    {
      "date": "2024-03-31T00:00:00",
      "quarter_label": "2024-03 (Q1)",
      "revenue": 590900000,
      "gross_profit": null,
      "operating_income": 126300000,
      "net_income": 80400000,
      "opex": 464600000,
      "cogs": null,
      "rd": null,
      "sga": 54800000,
      "fcf": 254700000,
      "ocf": 254700000,
      "capex": null,
      "gross_margin": null,
      "op_margin": 0.21374174987307498,
      "fcf_margin": 0.43103740057539347,
      "incr_op_margin_yoy": 0.20382165605095542,
      "rev_growth_yoy": 0.05612153708668454,
      "rev_growth_yoy_accel": -0.11280160392560457,
      "op_leverage_ratio": 2.5082969529579473
    },
    {
      "date": "2024-06-30T00:00:00",
      "quarter_label": "2024-06 (Q2)",
      "revenue": 890700000,
      "gross_profit": null,
      "operating_income": 330000000,
      "net_income": 209300000,
      "opex": 560700000,
      "cogs": null,
      "rd": null,
      "sga": 57400000,
      "fcf": null,
      "ocf": null,
      "capex": null,
      "gross_margin": null,
      "op_margin": 0.370495116200741,
      "fcf_margin": null,
      "incr_op_margin_yoy": 0.8543371522094927,
      "rev_growth_yoy": 0.15901106050748212,
      "rev_growth_yoy_accel": 0.10288952342079757,
      "op_leverage_ratio": 2.4528639270348815
    },
    {
      "date": "2024-09-30T00:00:00",
      "quarter_label": "2024-09 (Q3)",
      "revenue": 628500000,
      "gross_profit": null,
      "operating_income": 125900000,
      "net_income": 65400000,
      "opex": 502600000,
      "cogs": null,
      "rd": null,
      "sga": 59800000,
      "fcf": null,
      "ocf": null,
      "capex": null,
      "gross_margin": null,
      "op_margin": 0.20031821797931584,
      "fcf_margin": null,
      "incr_op_margin_yoy": 0.24285714285714285,
      "rev_growth_yoy": 0.09781659388646288,
      "rev_growth_yoy_accel": -0.06119446662101924
    },
    {
      "date": "2024-12-31T00:00:00",
      "quarter_label": "2024-12 (Q4)",
      "revenue": 624200000,
      "gross_profit": null,
      "operating_income": 126800000,
      "net_income": 71700000,
      "opex": 497400000,
      "cogs": null,
      "rd": null,
      "sga": 65700000,
      "fcf": null,
      "ocf": null,
      "capex": null,
      "gross_margin": null,
      "op_margin": 0.2031400192246075,
      "fcf_margin": null,
      "incr_op_margin_yoy": 0.326984126984127,
      "rev_growth_yoy": 0.11225944404846756,
      "rev_growth_yoy_accel": 0.01444285016200468
    },
    {
      "date": "2025-03-31T00:00:00",
      "quarter_label": "2025-03 (Q1)",
      "revenue": 642600000,
      "gross_profit": null,
      "operating_income": 134600000,
      "net_income": 76700000,
      "opex": 508000000,
      "cogs": null,
      "rd": null,
      "sga": 54500000,
      "fcf": 246500000,
      "ocf": 246500000,
      "capex": null,
      "gross_margin": null,
      "op_margin": 0.20946156240273886,
      "fcf_margin": 0.3835978835978836,
      "incr_op_margin_yoy": 0.16054158607350097,
      "rev_growth_yoy": 0.08749365374851921,
      "rev_growth_yoy_accel": -0.024765790299948354,
      "op_leverage_ratio": 1.3832286458742662
    },
    {
      "date": "2025-06-30T00:00:00",
      "quarter_label": "2025-06 (Q2)",
      "revenue": 934400000,
      "gross_profit": null,
      "operating_income": 327700000,
      "net_income": 216900000,
      "opex": 606700000,
      "cogs": null,
      "rd": null,
      "sga": 60900000,
      "fcf": null,
      "ocf": null,
      "capex": null,
      "gross_margin": null,
      "op_margin": 0.3507063356164384,
      "fcf_margin": null,
      "incr_op_margin_yoy": -0.05263157894736842,
      "rev_growth_yoy": 0.04906253508476479,
      "rev_growth_yoy_accel": -0.03843111866375442,
      "op_leverage_ratio": 2.3371744284790354
    },
    {
      "date": "2025-09-30T00:00:00",
      "quarter_label": "2025-09 (Q3)",
      "revenue": 683000000,
      "gross_profit": null,
      "operating_income": 98000000,
      "net_income": 38100000,
      "opex": 585000000,
      "cogs": null,
      "rd": null,
      "sga": 59300000,
      "fcf": null,
      "ocf": null,
      "capex": null,
      "gross_margin": null,
      "op_margin": 0.14348462664714495,
      "fcf_margin": null,
      "incr_op_margin_yoy": -0.5119266055045871,
      "rev_growth_yoy": 0.08671439936356404,
      "rev_growth_yoy_accel": 0.03765186427879925
    }
  ],
  "signals": [
    {
      "quarter": "2025-06 (Q2)",
      "signal": "OPERATING LEVERAGE",
      "detail": "Rev growth +45.4% vs OpEx growth +19.4% (leverage: 2.3x)",
      "severity": "MEDIUM"
    },
    {
      "quarter": "2024-12 (Q4)",
      "signal": "INCREMENTAL MARGIN (YoY)",
      "detail": "YoY Incr OPM: +32.7% vs year-ago OPM: +18.9%",
      "severity": "MEDIUM"
    },
    {
      "quarter": "2024-09 (Q3)",
      "signal": "YoY REVENUE GROWTH DECELERATION",
      "detail": "YoY growth: +9.8% vs prior quarter YoY: +15.9% (decel: -6.1%)",
      "severity": "WARNING"
    },
    {
      "quarter": "2024-06 (Q2)",
      "signal": "OPERATING LEVERAGE",
      "detail": "Rev growth +50.7% vs OpEx growth +20.7% (leverage: 2.5x)",
      "severity": "MEDIUM"
    },
    {
      "quarter": "2024-06 (Q2)",
      "signal": "YoY REVENUE GROWTH ACCELERATION",
      "detail": "YoY growth: +15.9% vs prior quarter YoY: +5.6% (accel: +10.3%)",
      "severity": "MEDIUM"
    },
    {
      "quarter": "2024-06 (Q2)",
      "signal": "INCREMENTAL MARGIN (YoY)",
      "detail": "YoY Incr OPM: +85.4% vs year-ago OPM: +29.4%",
      "severity": "HIGH"
    },
    {
      "quarter": "2024-03 (Q1)",
      "signal": "OPERATING LEVERAGE",
      "detail": "Rev growth +5.3% vs OpEx growth +2.1% (leverage: 2.5x)",
      "severity": "MEDIUM"
    },
    {
      "quarter": "2024-03 (Q1)",
      "signal": "YoY REVENUE GROWTH DECELERATION",
      "detail": "YoY growth: +5.6% vs prior quarter YoY: +16.9% (decel: -11.3%)",
      "severity": "WARNING"
    },
    {
      "quarter": "2023-12 (Q4)",
      "signal": "YoY REVENUE GROWTH DECELERATION",
      "detail": "YoY growth: +16.9% vs prior quarter YoY: +49.4% (decel: -32.5%)",
      "severity": "WARNING"
    },
    {
      "quarter": "2023-12 (Q4)",
      "signal": "INCREMENTAL MARGIN (YoY)",
      "detail": "YoY Incr OPM: +116.5% vs year-ago OPM: +2.4%",
      "severity": "HIGH"
    },
    {
      "quarter": "2023-09 (Q3)",
      "signal": "YoY REVENUE GROWTH ACCELERATION",
      "detail": "YoY growth: +49.4% vs prior quarter YoY: +31.9% (accel: +17.5%)",
      "severity": "HIGH"
    },
    {
      "quarter": "2023-06 (Q2)",
      "signal": "OPERATING LEVERAGE",
      "detail": "Rev growth +37.4% vs OpEx growth +23.5% (leverage: 1.6x)",
      "severity": "MEDIUM"
    },
    {
      "quarter": "2023-06 (Q2)",
      "signal": "YoY REVENUE GROWTH DECELERATION",
      "detail": "YoY growth: +31.9% vs prior quarter YoY: +53.7% (decel: -21.7%)",
      "severity": "WARNING"
    },
    {
      "quarter": "2023-03 (Q1)",
      "signal": "YoY REVENUE GROWTH ACCELERATION",
      "detail": "YoY growth: +53.7% vs prior quarter YoY: +31.6% (accel: +22.1%)",
      "severity": "HIGH"
    },
    {
      "quarter": "2023-03 (Q1)",
      "signal": "INCREMENTAL MARGIN (YoY)",
      "detail": "YoY Incr OPM: +37.1% vs year-ago OPM: +13.0%",
      "severity": "HIGH"
    },
    {
      "quarter": "2022-12 (Q4)",
      "signal": "YoY REVENUE GROWTH ACCELERATION",
      "detail": "YoY growth: +31.6% vs prior quarter YoY: -2.5% (accel: +34.1%)",
      "severity": "HIGH"
    },
    {
      "quarter": "2022-09 (Q3)",
      "signal": "YoY REVENUE GROWTH DECELERATION",
      "detail": "YoY growth: -2.5% vs prior quarter YoY: +13.1% (decel: -15.6%)",
      "severity": "WARNING"
    },
    {
      "quarter": "2022-09 (Q3)",
      "signal": "INCREMENTAL MARGIN (YoY)",
      "detail": "YoY Incr OPM: +46.5% vs year-ago OPM: +17.2%",
      "severity": "HIGH"
    },
    {
      "quarter": "2022-06 (Q2)",
      "signal": "OPERATING LEVERAGE",
      "detail": "Rev growth +60.0% vs OpEx growth +20.9% (leverage: 2.9x)",
      "severity": "MEDIUM"
    },
    {
      "quarter": "2022-06 (Q2)",
      "signal": "INCREMENTAL MARGIN (YoY)",
      "detail": "YoY Incr OPM: +95.4% vs year-ago OPM: +26.3%",
      "severity": "HIGH"
    },
    {
      "quarter": "2022-03 (Q1)",
      "signal": "YoY REVENUE GROWTH DECELERATION",
      "detail": "YoY growth: +12.3% vs prior quarter YoY: +31.1% (decel: -18.9%)",
      "severity": "WARNING"
    },
    {
      "quarter": "2021-06 (Q2)",
      "signal": "FCF TURNED POSITIVE",
      "detail": "FCF margin: -6.1% -> +44.7%",
      "severity": "HIGH"
    },
    {
      "quarter": "2021-06 (Q2)",
      "signal": "OPERATING LEVERAGE",
      "detail": "Rev growth +58.8% vs OpEx growth +36.8% (leverage: 1.6x)",
      "severity": "MEDIUM"
    },
    {
      "quarter": "2021-03 (Q1)",
      "signal": "OPERATING LEVERAGE",
      "detail": "Rev growth +16.6% vs OpEx growth +8.6% (leverage: 1.9x)",
      "severity": "MEDIUM"
    }
  ],
  "data_quality": {
    "n_quarters": 20,
    "coverage": {
      "revenue": [
        20,
        20
      ],
      "gross_profit": [
        0,
        20
      ],
      "op_income": [
        20,
        20
      ],
      "fcf": [
        7,
        20
      ]
    },
    "gaps": [],
    "warnings": [
      "gross_profit: no data",
      "fcf: 7/20Q"
    ]
  },
  "market_cap": null,
  "source": "SEC EDGAR",
  "last_updated": "2026-02-02T20:50:57.169797"
}