{
  "ticker": "CHEF",
  "name": "THE CHEFS\u2019 WAREHOUSE, INC.",
  "quarters": [
    {
      "date": "2020-12-25T00:00:00",
      "quarter_label": "2020-12 (Q4)",
      "revenue": 281674000,
      "gross_profit": 58875000,
      "operating_income": -48268000,
      "net_income": -37057000,
      "opex": 107143000,
      "cogs": 223793000,
      "rd": null,
      "sga": 81920000,
      "fcf": -10988000,
      "ocf": -10988000,
      "capex": null,
      "gross_margin": 0.20901822674439247,
      "op_margin": -0.17136121899784856,
      "fcf_margin": -0.039009635252099946
    },
    {
      "date": "2021-03-26T00:00:00",
      "quarter_label": "2021-03 (Q1)",
      "revenue": 280217000,
      "gross_profit": 58947000,
      "operating_income": -20128000,
      "net_income": -17921000,
      "opex": 79075000,
      "cogs": 221270000,
      "rd": null,
      "sga": 80245000,
      "fcf": -11663000,
      "ocf": -11663000,
      "capex": null,
      "gross_margin": 0.21036196947365793,
      "op_margin": -0.07183004600006423,
      "fcf_margin": -0.04162131490951655,
      "fcf_margin_change": -0.002611679657416606
    },
    {
      "date": "2021-06-25T00:00:00",
      "quarter_label": "2021-06 (Q2)",
      "revenue": 422968000,
      "gross_profit": 95874000,
      "operating_income": 4659000,
      "net_income": 1098000,
      "opex": 91215000,
      "cogs": 327094000,
      "rd": null,
      "sga": 90358000,
      "fcf": -12259000,
      "ocf": -12259000,
      "capex": null,
      "gross_margin": 0.22666962985379507,
      "op_margin": 0.011015017684552968,
      "fcf_margin": -0.028983280059011556,
      "op_leverage_ratio": 3.318220131868971,
      "fcf_margin_change": 0.012638034850504996
    },
    {
      "date": "2021-09-24T00:00:00",
      "quarter_label": "2021-09 (Q3)",
      "revenue": 484321000,
      "gross_profit": 109975000,
      "operating_income": 10439000,
      "net_income": 3456000,
      "opex": 99536000,
      "cogs": 374346000,
      "rd": null,
      "sga": 99431000,
      "fcf": -2408000,
      "ocf": -2408000,
      "capex": null,
      "gross_margin": 0.227070475985968,
      "op_margin": 0.021553886781700567,
      "fcf_margin": -0.004971909126385187,
      "op_leverage_ratio": 1.5900802091598982,
      "fcf_margin_change": 0.02401137093262637
    },
    {
      "date": "2021-12-24T00:00:00",
      "quarter_label": "2021-12 (Q4)",
      "revenue": 558251000,
      "gross_profit": 125689000,
      "operating_income": 15841000,
      "net_income": 8444000,
      "opex": 109848000,
      "cogs": 432562000,
      "rd": null,
      "sga": 109218000,
      "fcf": 6431000,
      "ocf": 6431000,
      "capex": null,
      "gross_margin": 0.22514782776922926,
      "op_margin": 0.028376124718092758,
      "fcf_margin": 0.011519907711764064,
      "incr_op_margin_yoy": 0.23179440083593358,
      "rev_growth_yoy": 0.9819046131343326,
      "op_leverage_ratio": 1.4734136384669791,
      "fcf_margin_change": 0.01649181683814925
    },
    {
      "date": "2022-03-25T00:00:00",
      "quarter_label": "2022-03 (Q1)",
      "revenue": 512103000,
      "gross_profit": 117513000,
      "operating_income": 6264000,
      "net_income": 1385000,
      "opex": 111249000,
      "cogs": 394590000,
      "rd": null,
      "sga": 110086000,
      "fcf": 10283000,
      "ocf": 10283000,
      "capex": null,
      "gross_margin": 0.2294714149301996,
      "op_margin": 0.012231914282868876,
      "fcf_margin": 0.020079944854843653,
      "incr_op_margin_yoy": 0.11381454680317052,
      "rev_growth_yoy": 0.8275229554238323,
      "rev_growth_yoy_accel": -0.1543816577105004,
      "fcf_margin_change": 0.00856003714307959
    },
    {
      "date": "2022-06-24T00:00:00",
      "quarter_label": "2022-06 (Q2)",
      "revenue": 648104000,
      "gross_profit": 156004000,
      "operating_income": 27634000,
      "net_income": 16915000,
      "opex": 128370000,
      "cogs": 492100000,
      "rd": null,
      "sga": 124487000,
      "fcf": 9498000,
      "ocf": 9498000,
      "capex": null,
      "gross_margin": 0.2407082813869379,
      "op_margin": 0.04263821855751546,
      "fcf_margin": 0.014655055361485194,
      "incr_op_margin_yoy": 0.1020494279013574,
      "rev_growth_yoy": 0.5322766734126458,
      "rev_growth_yoy_accel": -0.2952462820111864,
      "op_leverage_ratio": 1.725646243066271,
      "fcf_margin_change": -0.005424889493358459
    },
    {
      "date": "2022-09-23T00:00:00",
      "quarter_label": "2022-09 (Q3)",
      "revenue": 661856000,
      "gross_profit": 157788000,
      "operating_income": 22075000,
      "net_income": 8277000,
      "opex": 135713000,
      "cogs": 504068000,
      "rd": null,
      "sga": 130255000,
      "fcf": 11966000,
      "ocf": 11966000,
      "capex": null,
      "gross_margin": 0.23840231107672968,
      "op_margin": 0.03335317652178117,
      "fcf_margin": 0.018079461393414882,
      "incr_op_margin_yoy": 0.06554200580167291,
      "rev_growth_yoy": 0.3665647370235856,
      "rev_growth_yoy_accel": -0.16571193638906023,
      "op_leverage_ratio": 0.37094641209726503,
      "fcf_margin_change": 0.0034244060319296877
    },
    {
      "date": "2022-12-30T00:00:00",
      "quarter_label": "2022-12 (Q4)",
      "revenue": 791336000,
      "gross_profit": 187331000,
      "operating_income": 29765000,
      "net_income": 1173000,
      "opex": 157566000,
      "cogs": 604005000,
      "rd": null,
      "sga": 153391000,
      "fcf": -8613000,
      "ocf": -8613000,
      "capex": null,
      "gross_margin": 0.23672750892162114,
      "op_margin": 0.037613605345896056,
      "fcf_margin": -0.010884125074557457,
      "incr_op_margin_yoy": 0.059737863869403864,
      "rev_growth_yoy": 0.4175272413305126,
      "rev_growth_yoy_accel": 0.050962504306927,
      "op_leverage_ratio": 1.2149252707717353,
      "fcf_margin_change": -0.02896358646797234
    },
    {
      "date": "2023-03-31T00:00:00",
      "quarter_label": "2023-03 (Q1)",
      "revenue": 719645000,
      "gross_profit": 169708000,
      "operating_income": 11899000,
      "net_income": 1401000,
      "opex": 157809000,
      "cogs": 549937000,
      "rd": null,
      "sga": 156137000,
      "fcf": -2261000,
      "ocf": -2261000,
      "capex": null,
      "gross_margin": 0.23582182881837574,
      "op_margin": 0.01653454133635334,
      "fcf_margin": -0.0031418268729720904,
      "incr_op_margin_yoy": 0.027151130855441307,
      "rev_growth_yoy": 0.4052739390317963,
      "rev_growth_yoy_accel": -0.012253302298716295,
      "fcf_margin_change": 0.007742298201585366
    },
    {
      "date": "2023-06-30T00:00:00",
      "quarter_label": "2023-06 (Q2)",
      "revenue": 881820000,
      "gross_profit": 208444000,
      "operating_income": 25340000,
      "net_income": 9867000,
      "opex": 183104000,
      "cogs": 673376000,
      "rd": null,
      "sga": 179042000,
      "fcf": 13044000,
      "ocf": 13044000,
      "capex": null,
      "gross_margin": 0.23637930643441973,
      "op_margin": 0.02873602322469438,
      "fcf_margin": 0.01479213444920732,
      "incr_op_margin_yoy": -0.009815331427886837,
      "rev_growth_yoy": 0.36061496303062474,
      "rev_growth_yoy_accel": -0.04465897600117158,
      "op_leverage_ratio": 1.4059266988494556,
      "fcf_margin_change": 0.01793396132217941
    },
    {
      "date": "2023-09-29T00:00:00",
      "quarter_label": "2023-09 (Q3)",
      "revenue": 881825000,
      "gross_profit": 207698000,
      "operating_income": 25549000,
      "net_income": 7322000,
      "opex": 182149000,
      "cogs": 674127000,
      "rd": null,
      "sga": 179614000,
      "fcf": 9262000,
      "ocf": 9262000,
      "capex": null,
      "gross_margin": 0.23553199330933008,
      "op_margin": 0.02897286876647861,
      "fcf_margin": 0.010503217758625578,
      "incr_op_margin_yoy": 0.01579313448713228,
      "rev_growth_yoy": 0.3323517502296572,
      "rev_growth_yoy_accel": -0.028263212800967552,
      "fcf_margin_change": -0.004288916690581743
    },
    {
      "date": "2023-12-29T00:00:00",
      "quarter_label": "2023-12 (Q4)",
      "revenue": 950473000,
      "gross_profit": 228624000,
      "operating_income": 38155000,
      "net_income": 16000000,
      "opex": 190469000,
      "cogs": 721849000,
      "rd": null,
      "sga": 189965000,
      "fcf": 41594000,
      "ocf": 41594000,
      "capex": null,
      "gross_margin": 0.24053707995913615,
      "op_margin": 0.040143170821264784,
      "fcf_margin": 0.04376136933926582,
      "incr_op_margin_yoy": 0.052721868578646074,
      "rev_growth_yoy": 0.20109915383604435,
      "rev_growth_yoy_accel": -0.13125259639361284,
      "op_leverage_ratio": 1.7043113920213542,
      "fcf_margin_change": 0.033258151580640244
    },
    {
      "date": "2024-03-29T00:00:00",
      "quarter_label": "2024-03 (Q1)",
      "revenue": 874488000,
      "gross_profit": 209436000,
      "operating_income": 16003000,
      "net_income": 1931000,
      "opex": 193433000,
      "cogs": 665052000,
      "rd": null,
      "sga": 190321000,
      "fcf": 30900000,
      "ocf": 30900000,
      "capex": null,
      "gross_margin": 0.23949556769218103,
      "op_margin": 0.01829985088417451,
      "fcf_margin": 0.03533496171474051,
      "incr_op_margin_yoy": 0.026504265610973694,
      "rev_growth_yoy": 0.21516581092066228,
      "rev_growth_yoy_accel": 0.014066657084617934,
      "fcf_margin_change": -0.00842640762452531
    },
    {
      "date": "2024-06-28T00:00:00",
      "quarter_label": "2024-06 (Q2)",
      "revenue": 954704000,
      "gross_profit": 229002000,
      "operating_income": 33867000,
      "net_income": 15524000,
      "opex": 195135000,
      "cogs": 725702000,
      "rd": null,
      "sga": 194834000,
      "fcf": 29326000,
      "ocf": 29326000,
      "capex": null,
      "gross_margin": 0.23986701637366137,
      "op_margin": 0.035473822252761064,
      "fcf_margin": 0.030717374180897955,
      "incr_op_margin_yoy": 0.11699412765490368,
      "rev_growth_yoy": 0.08265178834682815,
      "rev_growth_yoy_accel": -0.13251402257383413,
      "op_leverage_ratio": 10.425050305212133,
      "fcf_margin_change": -0.004617587533842553
    },
    {
      "date": "2024-09-27T00:00:00",
      "quarter_label": "2024-09 (Q3)",
      "revenue": 931452000,
      "gross_profit": 224748000,
      "operating_income": 31882000,
      "net_income": 14098000,
      "opex": 192866000,
      "cogs": 706704000,
      "rd": null,
      "sga": 192894000,
      "fcf": 19831000,
      "ocf": 19831000,
      "capex": null,
      "gross_margin": 0.24128779582844848,
      "op_margin": 0.03422828014755457,
      "fcf_margin": 0.021290415394459403,
      "incr_op_margin_yoy": 0.1276119854111673,
      "rev_growth_yoy": 0.05627760610098376,
      "rev_growth_yoy_accel": -0.026374182245844396,
      "fcf_margin_change": -0.009426958786438552
    },
    {
      "date": "2024-12-27T00:00:00",
      "quarter_label": "2024-12 (Q4)",
      "revenue": 1033568000,
      "gross_profit": 250961000,
      "operating_income": 46455000,
      "net_income": 23926000,
      "opex": 204506000,
      "cogs": 782607000,
      "rd": null,
      "sga": 206803000,
      "fcf": 73004000,
      "ocf": 73004000,
      "capex": null,
      "gross_margin": 0.2428103424254621,
      "op_margin": 0.04494624446577294,
      "fcf_margin": 0.0706329917334902,
      "incr_op_margin_yoy": 0.09988567302485107,
      "rev_growth_yoy": 0.08742489265870783,
      "rev_growth_yoy_accel": 0.03114728655772407,
      "op_leverage_ratio": 1.8165025346452028,
      "fcf_margin_change": 0.0493425763390308
    },
    {
      "date": "2025-03-28T00:00:00",
      "quarter_label": "2025-03 (Q1)",
      "revenue": 950748000,
      "gross_profit": 225995000,
      "operating_income": 22735000,
      "net_income": 10288000,
      "opex": 203260000,
      "cogs": 724753000,
      "rd": null,
      "sga": 202763000,
      "fcf": 49566000,
      "ocf": 49566000,
      "capex": null,
      "gross_margin": 0.2377023143882501,
      "op_margin": 0.02391275080252601,
      "fcf_margin": 0.05213368842216865,
      "incr_op_margin_yoy": 0.08827694728560188,
      "rev_growth_yoy": 0.08720531328045668,
      "rev_growth_yoy_accel": -0.00021957937825115015,
      "fcf_margin_change": -0.018499303311321554
    },
    {
      "date": "2025-06-27T00:00:00",
      "quarter_label": "2025-06 (Q2)",
      "revenue": 1034906000,
      "gross_profit": 254339000,
      "operating_income": 40216000,
      "net_income": 21241000,
      "opex": 214123000,
      "cogs": 780567000,
      "rd": null,
      "sga": 213750000,
      "fcf": 14503000,
      "ocf": 14503000,
      "capex": null,
      "gross_margin": 0.24576048452709714,
      "op_margin": 0.0388595679221108,
      "fcf_margin": 0.014013833140401158,
      "incr_op_margin_yoy": 0.07916261439864343,
      "rev_growth_yoy": 0.08400718966297407,
      "rev_growth_yoy_accel": -0.003198123617482604,
      "op_leverage_ratio": 1.6562737818509958,
      "fcf_margin_change": -0.03811985528176749
    },
    {
      "date": "2025-09-26T00:00:00",
      "quarter_label": "2025-09 (Q3)",
      "revenue": 1021319000,
      "gross_profit": 247191000,
      "operating_income": 38936000,
      "net_income": 19148000,
      "opex": 208255000,
      "cogs": 774128000,
      "rd": null,
      "sga": 208125000,
      "fcf": -8717000,
      "ocf": -8717000,
      "capex": null,
      "gross_margin": 0.24203113816545074,
      "op_margin": 0.03812325042420635,
      "fcf_margin": -0.00853504145129974,
      "incr_op_margin_yoy": 0.07849377413288526,
      "rev_growth_yoy": 0.09648054864877632,
      "rev_growth_yoy_accel": 0.01247335898580225,
      "fcf_margin_change": -0.0225488745917009
    }
  ],
  "signals": [
    {
      "quarter": "2025-06 (Q2)",
      "signal": "OPERATING LEVERAGE",
      "detail": "Rev growth +8.9% vs OpEx growth +5.3% (leverage: 1.7x)",
      "severity": "MEDIUM"
    },
    {
      "quarter": "2024-12 (Q4)",
      "signal": "OPERATING LEVERAGE",
      "detail": "Rev growth +11.0% vs OpEx growth +6.0% (leverage: 1.8x)",
      "severity": "MEDIUM"
    },
    {
      "quarter": "2024-06 (Q2)",
      "signal": "OPERATING LEVERAGE",
      "detail": "Rev growth +9.2% vs OpEx growth +0.9% (leverage: 10.4x)",
      "severity": "MEDIUM"
    },
    {
      "quarter": "2024-06 (Q2)",
      "signal": "YoY REVENUE GROWTH DECELERATION",
      "detail": "YoY growth: +8.3% vs prior quarter YoY: +21.5% (decel: -13.3%)",
      "severity": "WARNING"
    },
    {
      "quarter": "2023-12 (Q4)",
      "signal": "OPERATING LEVERAGE",
      "detail": "Rev growth +7.8% vs OpEx growth +4.6% (leverage: 1.7x)",
      "severity": "MEDIUM"
    },
    {
      "quarter": "2023-12 (Q4)",
      "signal": "YoY REVENUE GROWTH DECELERATION",
      "detail": "YoY growth: +20.1% vs prior quarter YoY: +33.2% (decel: -13.1%)",
      "severity": "WARNING"
    },
    {
      "quarter": "2023-06 (Q2)",
      "signal": "FCF TURNED POSITIVE",
      "detail": "FCF margin: -0.3% -> +1.5%",
      "severity": "HIGH"
    },
    {
      "quarter": "2022-12 (Q4)",
      "signal": "YoY REVENUE GROWTH ACCELERATION",
      "detail": "YoY growth: +41.8% vs prior quarter YoY: +36.7% (accel: +5.1%)",
      "severity": "MEDIUM"
    },
    {
      "quarter": "2022-09 (Q3)",
      "signal": "YoY REVENUE GROWTH DECELERATION",
      "detail": "YoY growth: +36.7% vs prior quarter YoY: +53.2% (decel: -16.6%)",
      "severity": "WARNING"
    },
    {
      "quarter": "2022-06 (Q2)",
      "signal": "OPERATING LEVERAGE",
      "detail": "Rev growth +26.6% vs OpEx growth +15.4% (leverage: 1.7x)",
      "severity": "MEDIUM"
    },
    {
      "quarter": "2022-06 (Q2)",
      "signal": "YoY REVENUE GROWTH DECELERATION",
      "detail": "YoY growth: +53.2% vs prior quarter YoY: +82.8% (decel: -29.5%)",
      "severity": "WARNING"
    },
    {
      "quarter": "2022-03 (Q1)",
      "signal": "YoY REVENUE GROWTH DECELERATION",
      "detail": "YoY growth: +82.8% vs prior quarter YoY: +98.2% (decel: -15.4%)",
      "severity": "WARNING"
    },
    {
      "quarter": "2022-03 (Q1)",
      "signal": "OP MARGIN TURNED POSITIVE (YoY)",
      "detail": "Op margin: -7.2% (year-ago) -> +1.2%",
      "severity": "HIGH"
    },
    {
      "quarter": "2021-12 (Q4)",
      "signal": "FCF TURNED POSITIVE",
      "detail": "FCF margin: -0.5% -> +1.2%",
      "severity": "HIGH"
    },
    {
      "quarter": "2021-12 (Q4)",
      "signal": "OP MARGIN TURNED POSITIVE (YoY)",
      "detail": "Op margin: -17.1% (year-ago) -> +2.8%",
      "severity": "HIGH"
    },
    {
      "quarter": "2021-09 (Q3)",
      "signal": "OPERATING LEVERAGE",
      "detail": "Rev growth +14.5% vs OpEx growth +9.1% (leverage: 1.6x)",
      "severity": "MEDIUM"
    },
    {
      "quarter": "2021-06 (Q2)",
      "signal": "OPERATING LEVERAGE",
      "detail": "Rev growth +50.9% vs OpEx growth +15.4% (leverage: 3.3x)",
      "severity": "MEDIUM"
    },
    {
      "quarter": "2021-06 (Q2)",
      "signal": "OP MARGIN TURNED POSITIVE (QoQ)",
      "detail": "Op margin: -7.2% -> +1.1%",
      "severity": "HIGH"
    }
  ],
  "data_quality": {
    "n_quarters": 20,
    "coverage": {
      "revenue": [
        20,
        20
      ],
      "gross_profit": [
        20,
        20
      ],
      "op_income": [
        20,
        20
      ],
      "fcf": [
        20,
        20
      ]
    },
    "gaps": [],
    "warnings": []
  },
  "market_cap": null,
  "source": "SEC EDGAR",
  "last_updated": "2026-02-02T21:28:05.391808",
  "sector": "Consumer Defensive",
  "industry": "Food Distribution"
}