{
  "ticker": "CHH",
  "name": "CHOICE HOTELS INTERNATIONAL INC /DE",
  "quarters": [
    {
      "date": "2020-12-31T00:00:00",
      "quarter_label": "2020-12 (Q4)",
      "revenue": 193393000,
      "gross_profit": null,
      "operating_income": 16797000,
      "net_income": 7865000,
      "opex": 167361000,
      "cogs": null,
      "rd": null,
      "sga": 44312000,
      "fcf": 40381000,
      "ocf": 40381000,
      "capex": null,
      "gross_margin": null,
      "op_margin": 0.08685422947055994,
      "fcf_margin": 0.20880280051501346
    },
    {
      "date": "2021-03-31T00:00:00",
      "quarter_label": "2021-03 (Q1)",
      "revenue": 182947000,
      "gross_profit": null,
      "operating_income": 43998000,
      "net_income": 22337000,
      "opex": 138949000,
      "cogs": null,
      "rd": null,
      "sga": 30267000,
      "fcf": 120000,
      "ocf": 120000,
      "capex": null,
      "gross_margin": null,
      "op_margin": 0.2404958813208197,
      "fcf_margin": 0.0006559276730419192,
      "fcf_margin_change": -0.20814687284197153
    },
    {
      "date": "2021-06-30T00:00:00",
      "quarter_label": "2021-06 (Q2)",
      "revenue": 278344000,
      "gross_profit": null,
      "operating_income": 119024000,
      "net_income": 85882000,
      "opex": 159320000,
      "cogs": null,
      "rd": null,
      "sga": 34470000,
      "fcf": 102287000,
      "ocf": 102287000,
      "capex": null,
      "gross_margin": null,
      "op_margin": 0.4276147500934096,
      "fcf_margin": 0.36748412036903977,
      "op_leverage_ratio": 3.556743135321671,
      "fcf_margin_change": 0.36682819269599787
    },
    {
      "date": "2021-09-30T00:00:00",
      "quarter_label": "2021-09 (Q3)",
      "revenue": 323369000,
      "gross_profit": null,
      "operating_income": 159106000,
      "net_income": 116655000,
      "opex": 164263000,
      "cogs": null,
      "rd": null,
      "sga": 35110000,
      "fcf": 142837000,
      "ocf": 142837000,
      "capex": null,
      "gross_margin": null,
      "op_margin": 0.4920261373229963,
      "fcf_margin": 0.44171519224168054,
      "op_leverage_ratio": 5.21376610905204,
      "fcf_margin_change": 0.07423107187264077
    },
    {
      "date": "2021-12-31T00:00:00",
      "quarter_label": "2021-12 (Q4)",
      "revenue": 284638000,
      "gross_profit": null,
      "operating_income": 106805000,
      "net_income": 64083000,
      "opex": 177564000,
      "cogs": null,
      "rd": null,
      "sga": 45776000,
      "fcf": 138452000,
      "ocf": 138452000,
      "capex": null,
      "gross_margin": null,
      "op_margin": 0.37523099515876307,
      "fcf_margin": 0.48641432275381363,
      "incr_op_margin_yoy": 0.9864430927722067,
      "rev_growth_yoy": 0.471811285827305,
      "fcf_margin_change": 0.04469913051213309
    },
    {
      "date": "2022-03-31T00:00:00",
      "quarter_label": "2022-03 (Q1)",
      "revenue": 257727000,
      "gross_profit": null,
      "operating_income": 99397000,
      "net_income": 67391000,
      "opex": 158359000,
      "cogs": null,
      "rd": null,
      "sga": 30324000,
      "fcf": 63924000,
      "ocf": 63924000,
      "capex": null,
      "gross_margin": null,
      "op_margin": 0.38566778024809195,
      "fcf_margin": 0.2480298920951239,
      "incr_op_margin_yoy": 0.7408264241775876,
      "rev_growth_yoy": 0.408752261583956,
      "rev_growth_yoy_accel": -0.06305902424334903,
      "fcf_margin_change": -0.23838443065868972
    },
    {
      "date": "2022-06-30T00:00:00",
      "quarter_label": "2022-06 (Q2)",
      "revenue": 367974000,
      "gross_profit": null,
      "operating_income": 157349000,
      "net_income": 106168000,
      "opex": 213905000,
      "cogs": null,
      "rd": null,
      "sga": 43888000,
      "fcf": 95425000,
      "ocf": 95425000,
      "capex": null,
      "gross_margin": null,
      "op_margin": 0.427609015854381,
      "fcf_margin": 0.2593253871197422,
      "incr_op_margin_yoy": 0.42759120830079217,
      "rev_growth_yoy": 0.3220116115310551,
      "rev_growth_yoy_accel": -0.08674065005290088,
      "op_leverage_ratio": 1.2195421715714048,
      "fcf_margin_change": 0.011295495024618268
    },
    {
      "date": "2022-09-30T00:00:00",
      "quarter_label": "2022-09 (Q3)",
      "revenue": 414266000,
      "gross_profit": null,
      "operating_income": 145018000,
      "net_income": 103080000,
      "opex": 282627000,
      "cogs": null,
      "rd": null,
      "sga": 70202000,
      "fcf": 105853000,
      "ocf": 105853000,
      "capex": null,
      "gross_margin": null,
      "op_margin": 0.3500601063085071,
      "fcf_margin": 0.25551940057837236,
      "incr_op_margin_yoy": -0.1549886134855936,
      "rev_growth_yoy": 0.2810937350209822,
      "rev_growth_yoy_accel": -0.04091787651007289,
      "op_leverage_ratio": 0.39157409854334363,
      "fcf_margin_change": -0.0038059865413698213
    },
    {
      "date": "2022-12-31T00:00:00",
      "quarter_label": "2022-12 (Q4)",
      "revenue": 361982000,
      "gross_profit": null,
      "operating_income": 76837000,
      "net_income": 55513000,
      "opex": 284706000,
      "cogs": null,
      "rd": null,
      "sga": 62861000,
      "fcf": 101859000,
      "ocf": 101859000,
      "capex": null,
      "gross_margin": null,
      "op_margin": 0.2122674608129686,
      "fcf_margin": 0.28139244492820087,
      "incr_op_margin_yoy": -0.38746379809681425,
      "rev_growth_yoy": 0.2717275978611429,
      "rev_growth_yoy_accel": -0.009366137159839305,
      "fcf_margin_change": 0.02587304434982851
    },
    {
      "date": "2023-03-31T00:00:00",
      "quarter_label": "2023-03 (Q1)",
      "revenue": 332792000,
      "gross_profit": null,
      "operating_income": 77851000,
      "net_income": 52820000,
      "opex": 254941000,
      "cogs": null,
      "rd": null,
      "sga": 59283000,
      "fcf": 12033000,
      "ocf": 12033000,
      "capex": null,
      "gross_margin": null,
      "op_margin": 0.23393290704103464,
      "fcf_margin": 0.036157720137503305,
      "incr_op_margin_yoy": -0.28703123959235327,
      "rev_growth_yoy": 0.2912578038001451,
      "rev_growth_yoy_accel": 0.019530205939002176,
      "fcf_margin_change": -0.24523472479069758
    },
    {
      "date": "2023-06-30T00:00:00",
      "quarter_label": "2023-06 (Q2)",
      "revenue": 427420000,
      "gross_profit": null,
      "operating_income": 124389000,
      "net_income": 84710000,
      "opex": 303031000,
      "cogs": null,
      "rd": null,
      "sga": 67804000,
      "fcf": 113706000,
      "ocf": 113706000,
      "capex": null,
      "gross_margin": null,
      "op_margin": 0.2910228814748959,
      "fcf_margin": 0.2660287305226709,
      "incr_op_margin_yoy": -0.5544527806748982,
      "rev_growth_yoy": 0.1615494572986135,
      "rev_growth_yoy_accel": -0.1297083465015316,
      "op_leverage_ratio": 1.5074110391457887,
      "fcf_margin_change": 0.2298710103851676
    },
    {
      "date": "2023-09-30T00:00:00",
      "quarter_label": "2023-09 (Q3)",
      "revenue": 425557000,
      "gross_profit": null,
      "operating_income": 135042000,
      "net_income": 92024000,
      "opex": 290515000,
      "cogs": null,
      "rd": null,
      "sga": 54913000,
      "fcf": 121451000,
      "ocf": 121451000,
      "capex": null,
      "gross_margin": null,
      "op_margin": 0.3173299933968893,
      "fcf_margin": 0.2853930260811125,
      "incr_op_margin_yoy": -0.8835355592950137,
      "rev_growth_yoy": 0.027255434913799347,
      "rev_growth_yoy_accel": -0.13429402238481417,
      "fcf_margin_change": 0.019364295558441602
    },
    {
      "date": "2023-12-31T00:00:00",
      "quarter_label": "2023-12 (Q4)",
      "revenue": 358396000,
      "gross_profit": null,
      "operating_income": 37746000,
      "net_income": 28953000,
      "opex": 316914000,
      "cogs": null,
      "rd": null,
      "sga": 34081000,
      "fcf": 49364000,
      "ocf": 49364000,
      "capex": null,
      "gross_margin": null,
      "op_margin": 0.10531925579526558,
      "fcf_margin": 0.1377359122311633,
      "incr_op_margin_yoy": 10.90100390407139,
      "rev_growth_yoy": -0.009906569939941766,
      "rev_growth_yoy_accel": -0.03716200485374111,
      "fcf_margin_change": -0.1476571138499492
    },
    {
      "date": "2024-03-31T00:00:00",
      "quarter_label": "2024-03 (Q1)",
      "revenue": 331949000,
      "gross_profit": null,
      "operating_income": 60149000,
      "net_income": 31009000,
      "opex": 271800000,
      "cogs": null,
      "rd": null,
      "sga": 48625000,
      "fcf": 1741000,
      "ocf": 1741000,
      "capex": null,
      "gross_margin": null,
      "op_margin": 0.18119952161325986,
      "fcf_margin": 0.00524478157789299,
      "rev_growth_yoy": -0.00253311377677348,
      "rev_growth_yoy_accel": 0.007373456163168285,
      "fcf_margin_change": -0.1324911306532703
    },
    {
      "date": "2024-06-30T00:00:00",
      "quarter_label": "2024-06 (Q2)",
      "revenue": 435156000,
      "gross_profit": null,
      "operating_income": 132622000,
      "net_income": 87136000,
      "opex": 302534000,
      "cogs": null,
      "rd": null,
      "sga": 64995000,
      "fcf": 111854000,
      "ocf": 111854000,
      "capex": null,
      "gross_margin": null,
      "op_margin": 0.3047688644991681,
      "fcf_margin": 0.2570434510842089,
      "incr_op_margin_yoy": 1.064245087900724,
      "rev_growth_yoy": 0.018099293435028776,
      "rev_growth_yoy_accel": 0.020632407211802255,
      "op_leverage_ratio": 2.74959136372943,
      "fcf_margin_change": 0.2517986695063159
    },
    {
      "date": "2024-09-30T00:00:00",
      "quarter_label": "2024-09 (Q3)",
      "revenue": 427964000,
      "gross_profit": null,
      "operating_income": 151783000,
      "net_income": 105716000,
      "opex": 276181000,
      "cogs": null,
      "rd": null,
      "sga": 49077000,
      "fcf": 122945000,
      "ocf": 122945000,
      "capex": null,
      "gross_margin": null,
      "op_margin": 0.3546630090381434,
      "fcf_margin": 0.2872788365376527,
      "incr_op_margin_yoy": 6.955130868300789,
      "rev_growth_yoy": 0.005656116571928085,
      "rev_growth_yoy_accel": -0.012443176863100692,
      "fcf_margin_change": 0.030235385453443786
    },
    {
      "date": "2024-12-31T00:00:00",
      "quarter_label": "2024-12 (Q4)",
      "revenue": 389770000,
      "gross_profit": null,
      "operating_income": 119219000,
      "net_income": 75804000,
      "opex": 270551000,
      "cogs": null,
      "rd": null,
      "sga": 57181000,
      "fcf": 82863000,
      "ocf": 82863000,
      "capex": null,
      "gross_margin": null,
      "op_margin": 0.3058701285373425,
      "fcf_margin": 0.2125946070759679,
      "incr_op_margin_yoy": 2.596831771530567,
      "rev_growth_yoy": 0.08754003950936952,
      "rev_growth_yoy_accel": 0.08188392293744143,
      "fcf_margin_change": -0.07468422946168479
    },
    {
      "date": "2025-03-31T00:00:00",
      "quarter_label": "2025-03 (Q1)",
      "revenue": 332860000,
      "gross_profit": null,
      "operating_income": 79932000,
      "net_income": 44534000,
      "opex": 252928000,
      "cogs": null,
      "rd": null,
      "sga": 74210000,
      "fcf": 20467000,
      "ocf": 20467000,
      "capex": null,
      "gross_margin": null,
      "op_margin": 0.24013699453223578,
      "fcf_margin": 0.06148831340503515,
      "rev_growth_yoy": 0.0027443974827458433,
      "rev_growth_yoy_accel": -0.08479564202662368,
      "fcf_margin_change": -0.15110629367093276
    },
    {
      "date": "2025-06-30T00:00:00",
      "quarter_label": "2025-06 (Q2)",
      "revenue": 426443000,
      "gross_profit": null,
      "operating_income": 124597000,
      "net_income": 81734000,
      "opex": 301846000,
      "cogs": null,
      "rd": null,
      "sga": 89298000,
      "fcf": 95603000,
      "ocf": 95603000,
      "capex": null,
      "gross_margin": null,
      "op_margin": 0.29217738361281576,
      "fcf_margin": 0.2241870543073752,
      "incr_op_margin_yoy": 0.9210375301273959,
      "rev_growth_yoy": -0.02002270450137422,
      "rev_growth_yoy_accel": -0.02276710198412006,
      "op_leverage_ratio": 1.4536624481926852,
      "fcf_margin_change": 0.16269874090234004
    },
    {
      "date": "2025-09-30T00:00:00",
      "quarter_label": "2025-09 (Q3)",
      "revenue": 447340000,
      "gross_profit": null,
      "operating_income": 142416000,
      "net_income": 179996000,
      "opex": 304924000,
      "cogs": null,
      "rd": null,
      "sga": 79610000,
      "fcf": 68687000,
      "ocf": 68687000,
      "capex": null,
      "gross_margin": null,
      "op_margin": 0.3183618724013055,
      "fcf_margin": 0.1535454017078732,
      "incr_op_margin_yoy": -0.48343311312964493,
      "rev_growth_yoy": 0.0452748362011758,
      "rev_growth_yoy_accel": 0.06529754070255002,
      "op_leverage_ratio": 4.8055130651861555,
      "fcf_margin_change": -0.070641652599502
    }
  ],
  "signals": [
    {
      "quarter": "2025-09 (Q3)",
      "signal": "OPERATING LEVERAGE",
      "detail": "Rev growth +4.9% vs OpEx growth +1.0% (leverage: 4.8x)",
      "severity": "MEDIUM"
    },
    {
      "quarter": "2025-09 (Q3)",
      "signal": "YoY REVENUE GROWTH ACCELERATION",
      "detail": "YoY growth: +4.5% vs prior quarter YoY: -2.0% (accel: +6.5%)",
      "severity": "MEDIUM"
    },
    {
      "quarter": "2025-06 (Q2)",
      "signal": "FCF MARGIN EXPANSION",
      "detail": "FCF margin: +6.1% -> +22.4% (+16.3%)",
      "severity": "MEDIUM"
    },
    {
      "quarter": "2025-06 (Q2)",
      "signal": "INCREMENTAL MARGIN (YoY)",
      "detail": "YoY Incr OPM: +92.1% vs year-ago OPM: +30.5%",
      "severity": "HIGH"
    },
    {
      "quarter": "2025-03 (Q1)",
      "signal": "YoY REVENUE GROWTH DECELERATION",
      "detail": "YoY growth: +0.3% vs prior quarter YoY: +8.8% (decel: -8.5%)",
      "severity": "WARNING"
    },
    {
      "quarter": "2024-12 (Q4)",
      "signal": "YoY REVENUE GROWTH ACCELERATION",
      "detail": "YoY growth: +8.8% vs prior quarter YoY: +0.6% (accel: +8.2%)",
      "severity": "MEDIUM"
    },
    {
      "quarter": "2024-12 (Q4)",
      "signal": "INCREMENTAL MARGIN (YoY)",
      "detail": "YoY Incr OPM: +259.7% vs year-ago OPM: +10.5%",
      "severity": "HIGH"
    },
    {
      "quarter": "2024-09 (Q3)",
      "signal": "INCREMENTAL MARGIN (YoY)",
      "detail": "YoY Incr OPM: +695.5% vs year-ago OPM: +31.7%",
      "severity": "HIGH"
    },
    {
      "quarter": "2024-06 (Q2)",
      "signal": "FCF MARGIN EXPANSION",
      "detail": "FCF margin: +0.5% -> +25.7% (+25.2%)",
      "severity": "MEDIUM"
    },
    {
      "quarter": "2024-06 (Q2)",
      "signal": "OPERATING LEVERAGE",
      "detail": "Rev growth +31.1% vs OpEx growth +11.3% (leverage: 2.7x)",
      "severity": "MEDIUM"
    },
    {
      "quarter": "2024-06 (Q2)",
      "signal": "INCREMENTAL MARGIN (YoY)",
      "detail": "YoY Incr OPM: +106.4% vs year-ago OPM: +29.1%",
      "severity": "HIGH"
    },
    {
      "quarter": "2023-12 (Q4)",
      "signal": "INCREMENTAL MARGIN (YoY)",
      "detail": "YoY Incr OPM: +1090.1% vs year-ago OPM: +21.2%",
      "severity": "HIGH"
    },
    {
      "quarter": "2023-09 (Q3)",
      "signal": "YoY REVENUE GROWTH DECELERATION",
      "detail": "YoY growth: +2.7% vs prior quarter YoY: +16.2% (decel: -13.4%)",
      "severity": "WARNING"
    },
    {
      "quarter": "2023-06 (Q2)",
      "signal": "FCF MARGIN EXPANSION",
      "detail": "FCF margin: +3.6% -> +26.6% (+23.0%)",
      "severity": "MEDIUM"
    },
    {
      "quarter": "2023-06 (Q2)",
      "signal": "OPERATING LEVERAGE",
      "detail": "Rev growth +28.4% vs OpEx growth +18.9% (leverage: 1.5x)",
      "severity": "MEDIUM"
    },
    {
      "quarter": "2023-06 (Q2)",
      "signal": "YoY REVENUE GROWTH DECELERATION",
      "detail": "YoY growth: +16.2% vs prior quarter YoY: +29.1% (decel: -13.0%)",
      "severity": "WARNING"
    },
    {
      "quarter": "2022-06 (Q2)",
      "signal": "YoY REVENUE GROWTH DECELERATION",
      "detail": "YoY growth: +32.2% vs prior quarter YoY: +40.9% (decel: -8.7%)",
      "severity": "WARNING"
    },
    {
      "quarter": "2022-03 (Q1)",
      "signal": "YoY REVENUE GROWTH DECELERATION",
      "detail": "YoY growth: +40.9% vs prior quarter YoY: +47.2% (decel: -6.3%)",
      "severity": "WARNING"
    },
    {
      "quarter": "2022-03 (Q1)",
      "signal": "INCREMENTAL MARGIN (YoY)",
      "detail": "YoY Incr OPM: +74.1% vs year-ago OPM: +24.0%",
      "severity": "HIGH"
    },
    {
      "quarter": "2021-12 (Q4)",
      "signal": "INCREMENTAL MARGIN (YoY)",
      "detail": "YoY Incr OPM: +98.6% vs year-ago OPM: +8.7%",
      "severity": "HIGH"
    },
    {
      "quarter": "2021-09 (Q3)",
      "signal": "FCF MARGIN EXPANSION",
      "detail": "FCF margin: +36.7% -> +44.2% (+7.4%)",
      "severity": "MEDIUM"
    },
    {
      "quarter": "2021-09 (Q3)",
      "signal": "OPERATING LEVERAGE",
      "detail": "Rev growth +16.2% vs OpEx growth +3.1% (leverage: 5.2x)",
      "severity": "MEDIUM"
    },
    {
      "quarter": "2021-06 (Q2)",
      "signal": "FCF MARGIN EXPANSION",
      "detail": "FCF margin: +0.1% -> +36.7% (+36.7%)",
      "severity": "MEDIUM"
    },
    {
      "quarter": "2021-06 (Q2)",
      "signal": "OPERATING LEVERAGE",
      "detail": "Rev growth +52.1% vs OpEx growth +14.7% (leverage: 3.6x)",
      "severity": "MEDIUM"
    }
  ],
  "data_quality": {
    "n_quarters": 20,
    "coverage": {
      "revenue": [
        20,
        20
      ],
      "gross_profit": [
        0,
        20
      ],
      "op_income": [
        20,
        20
      ],
      "fcf": [
        20,
        20
      ]
    },
    "gaps": [],
    "warnings": [
      "gross_profit: no data"
    ]
  },
  "market_cap": null,
  "source": "SEC EDGAR",
  "last_updated": "2026-02-02T21:05:44.932178",
  "sector": "Consumer Cyclical",
  "industry": "Lodging"
}