{
  "ticker": "CHRD",
  "name": "Chord Energy Corporation",
  "quarters": [
    {
      "date": "2020-09-30T00:00:00",
      "quarter_label": "2020-09 (Q3)",
      "revenue": 271059000,
      "gross_profit": null,
      "operating_income": 38524000,
      "net_income": -55699000,
      "opex": 234008000,
      "cogs": null,
      "rd": null,
      "sga": null,
      "fcf": 95010000,
      "ocf": 95010000,
      "capex": null,
      "gross_margin": null,
      "op_margin": 0.14212403941577295,
      "fcf_margin": 0.35051409471738626
    },
    {
      "date": "2021-03-31T00:00:00",
      "quarter_label": "2021-03 (Q1)",
      "revenue": 355459000,
      "gross_profit": null,
      "operating_income": 150835000,
      "net_income": -43592000,
      "opex": 204712000,
      "cogs": null,
      "rd": null,
      "sga": null,
      "fcf": 190413000,
      "ocf": 190413000,
      "capex": null,
      "gross_margin": null,
      "op_margin": 0.42433867197060704,
      "fcf_margin": 0.5356820336522637,
      "op_leverage_ratio": Infinity,
      "fcf_margin_change": 0.18516793893487749
    },
    {
      "date": "2021-06-30T00:00:00",
      "quarter_label": "2021-06 (Q2)",
      "revenue": 393060000,
      "gross_profit": null,
      "operating_income": 375573000,
      "net_income": 73364000,
      "opex": 240467000,
      "cogs": null,
      "rd": null,
      "sga": null,
      "fcf": 159950000,
      "ocf": 159950000,
      "capex": null,
      "gross_margin": null,
      "op_margin": 0.955510609067318,
      "fcf_margin": 0.40693532793975473,
      "op_leverage_ratio": 0.6056425778393939,
      "fcf_margin_change": -0.128746705712509
    },
    {
      "date": "2021-09-30T00:00:00",
      "quarter_label": "2021-09 (Q3)",
      "revenue": 402039000,
      "gross_profit": null,
      "operating_income": 203590000,
      "net_income": 71950000,
      "opex": 203854000,
      "cogs": null,
      "rd": null,
      "sga": null,
      "fcf": 294383000,
      "ocf": 294383000,
      "capex": null,
      "gross_margin": null,
      "op_margin": 0.5063936583266797,
      "fcf_margin": 0.732224983148401,
      "incr_op_margin_yoy": 1.260238204306001,
      "rev_growth_yoy": 0.4832158312396932,
      "op_leverage_ratio": Infinity,
      "fcf_margin_change": 0.3252896552086463
    },
    {
      "date": "2021-12-31T00:00:00",
      "quarter_label": "2021-12 (Q4)",
      "revenue": 429368000,
      "gross_profit": null,
      "operating_income": 79446000,
      "net_income": 217880000,
      "opex": 344255000,
      "cogs": null,
      "rd": null,
      "sga": null,
      "fcf": 269390000,
      "ocf": 269390000,
      "capex": null,
      "gross_margin": null,
      "op_margin": 0.18503009073801494,
      "fcf_margin": 0.6274105196474818,
      "op_leverage_ratio": 0.09869714567843424,
      "fcf_margin_change": -0.10481446350091916
    },
    {
      "date": "2022-03-31T00:00:00",
      "quarter_label": "2022-03 (Q1)",
      "revenue": 652969000,
      "gross_profit": null,
      "operating_income": 291870000,
      "net_income": 466003000,
      "opex": 362620000,
      "cogs": null,
      "rd": null,
      "sga": null,
      "fcf": 265580000,
      "ocf": 265580000,
      "capex": null,
      "gross_margin": null,
      "op_margin": 0.44698906073642086,
      "fcf_margin": 0.40672681245204595,
      "incr_op_margin_yoy": 0.474051292393533,
      "rev_growth_yoy": 0.8369741657968992,
      "op_leverage_ratio": 9.761878352178076,
      "fcf_margin_change": -0.2206837071954359
    },
    {
      "date": "2022-06-30T00:00:00",
      "quarter_label": "2022-06 (Q2)",
      "revenue": 789380000,
      "gross_profit": null,
      "operating_income": 330777000,
      "net_income": 130839000,
      "opex": 458922000,
      "cogs": null,
      "rd": null,
      "sga": null,
      "fcf": 396411000,
      "ocf": 396411000,
      "capex": null,
      "gross_margin": null,
      "op_margin": 0.41903392535914263,
      "fcf_margin": 0.5021801920494565,
      "incr_op_margin_yoy": -0.11302987484860719,
      "rev_growth_yoy": 1.008293899150257,
      "rev_growth_yoy_accel": 0.17131973335335782,
      "op_leverage_ratio": 0.7866350188992509,
      "fcf_margin_change": 0.09545337959741057
    },
    {
      "date": "2022-09-30T00:00:00",
      "quarter_label": "2022-09 (Q3)",
      "revenue": 1188843000,
      "gross_profit": null,
      "operating_income": 537309000,
      "net_income": 881751000,
      "opex": 652289000,
      "cogs": null,
      "rd": null,
      "sga": null,
      "fcf": 783643000,
      "ocf": 783643000,
      "capex": null,
      "gross_margin": null,
      "op_margin": 0.45195959432826704,
      "fcf_margin": 0.6591644144769326,
      "incr_op_margin_yoy": 0.42414502214020267,
      "rev_growth_yoy": 1.9570340190877005,
      "rev_growth_yoy_accel": 0.9487401199374434,
      "op_leverage_ratio": 1.2010109269593554,
      "fcf_margin_change": 0.15698422242747612
    },
    {
      "date": "2022-12-31T00:00:00",
      "quarter_label": "2022-12 (Q4)",
      "revenue": 1015602000,
      "gross_profit": null,
      "operating_income": 423831000,
      "net_income": 377566000,
      "opex": 594043000,
      "cogs": null,
      "rd": null,
      "sga": null,
      "fcf": 478392000,
      "ocf": 478392000,
      "capex": null,
      "gross_margin": null,
      "op_margin": 0.4173199737692521,
      "fcf_margin": 0.47104279038442226,
      "incr_op_margin_yoy": 0.5874531330492602,
      "rev_growth_yoy": 1.3653416183786402,
      "rev_growth_yoy_accel": -0.5916924007090603,
      "fcf_margin_change": -0.18812162409251038
    },
    {
      "date": "2023-03-31T00:00:00",
      "quarter_label": "2023-03 (Q1)",
      "revenue": 896517000,
      "gross_profit": null,
      "operating_income": 326072000,
      "net_income": 296999000,
      "opex": 571672000,
      "cogs": null,
      "rd": null,
      "sga": null,
      "fcf": 468811000,
      "ocf": 468811000,
      "capex": null,
      "gross_margin": null,
      "op_margin": 0.36370977906721236,
      "fcf_margin": 0.5229248302040006,
      "incr_op_margin_yoy": 0.14043227618375023,
      "rev_growth_yoy": 0.37298554755279345,
      "rev_growth_yoy_accel": -0.9923560708258468,
      "fcf_margin_change": 0.05188203981957834
    },
    {
      "date": "2023-06-30T00:00:00",
      "quarter_label": "2023-06 (Q2)",
      "revenue": 912071000,
      "gross_profit": null,
      "operating_income": 251017000,
      "net_income": 216071000,
      "opex": 662667000,
      "cogs": null,
      "rd": null,
      "sga": null,
      "fcf": 408236000,
      "ocf": 408236000,
      "capex": null,
      "gross_margin": null,
      "op_margin": 0.27521651274955566,
      "fcf_margin": 0.4475923475255764,
      "incr_op_margin_yoy": -0.6500884335444328,
      "rev_growth_yoy": 0.15542704400922241,
      "rev_growth_yoy_accel": -0.21755850354357104,
      "op_leverage_ratio": 0.10899660164116654,
      "fcf_margin_change": -0.07533248267842418
    },
    {
      "date": "2023-09-30T00:00:00",
      "quarter_label": "2023-09 (Q3)",
      "revenue": 1123368000,
      "gross_profit": null,
      "operating_income": 352737000,
      "net_income": 209076000,
      "opex": 771530000,
      "cogs": null,
      "rd": null,
      "sga": null,
      "fcf": 399470000,
      "ocf": 399470000,
      "capex": null,
      "gross_margin": null,
      "op_margin": 0.31399950862050546,
      "fcf_margin": 0.35560030194913866,
      "incr_op_margin_yoy": 2.8189690721649483,
      "rev_growth_yoy": -0.05507455568144826,
      "rev_growth_yoy_accel": -0.21050159969067067,
      "op_leverage_ratio": 1.4101968144779626,
      "fcf_margin_change": -0.09199204557643775
    },
    {
      "date": "2023-12-31T00:00:00",
      "quarter_label": "2023-12 (Q4)",
      "revenue": 964685000,
      "gross_profit": null,
      "operating_income": 343356000,
      "net_income": 301633000,
      "opex": 614826000,
      "cogs": null,
      "rd": null,
      "sga": null,
      "fcf": 543334000,
      "ocf": 543334000,
      "capex": null,
      "gross_margin": null,
      "op_margin": 0.35592550936316,
      "fcf_margin": 0.5632242649154906,
      "incr_op_margin_yoy": 1.5805133845277608,
      "rev_growth_yoy": -0.05013479689878515,
      "rev_growth_yoy_accel": 0.00493975878266311,
      "fcf_margin_change": 0.20762396296635194
    },
    {
      "date": "2024-03-31T00:00:00",
      "quarter_label": "2024-03 (Q1)",
      "revenue": 1085260000,
      "gross_profit": null,
      "operating_income": 272939000,
      "net_income": 199353000,
      "opex": 813623000,
      "cogs": null,
      "rd": null,
      "sga": null,
      "fcf": 406698000,
      "ocf": 406698000,
      "capex": null,
      "gross_margin": null,
      "op_margin": 0.25149641560547703,
      "fcf_margin": 0.37474706521939444,
      "incr_op_margin_yoy": -0.2815097778460658,
      "rev_growth_yoy": 0.2105291924191064,
      "rev_growth_yoy_accel": 0.26066398931789153,
      "op_leverage_ratio": 0.3865575352359712,
      "fcf_margin_change": -0.18847719969609616
    },
    {
      "date": "2024-06-30T00:00:00",
      "quarter_label": "2024-06 (Q2)",
      "revenue": 1260680000,
      "gross_profit": null,
      "operating_income": 289021000,
      "net_income": 213361000,
      "opex": 987145000,
      "cogs": null,
      "rd": null,
      "sga": null,
      "fcf": 460876000,
      "ocf": 460876000,
      "capex": null,
      "gross_margin": null,
      "op_margin": 0.22925801948154964,
      "fcf_margin": 0.36557730748484946,
      "incr_op_margin_yoy": 0.10901611834462105,
      "rev_growth_yoy": 0.38221695460112204,
      "rev_growth_yoy_accel": 0.17168776218201565,
      "op_leverage_ratio": 0.7579036222681694,
      "fcf_margin_change": -0.009169757734544981
    },
    {
      "date": "2024-09-30T00:00:00",
      "quarter_label": "2024-09 (Q3)",
      "revenue": 1450467000,
      "gross_profit": 1120845000,
      "operating_income": 272893000,
      "net_income": 225316000,
      "opex": 1174601000,
      "cogs": 329622000,
      "rd": null,
      "sga": null,
      "fcf": 663198000,
      "ocf": 663198000,
      "capex": null,
      "gross_margin": 0.7727476736802699,
      "op_margin": 0.1881414744354749,
      "fcf_margin": 0.4572306712251985,
      "incr_op_margin_yoy": -0.2440973527892167,
      "rev_growth_yoy": 0.291177067532634,
      "rev_growth_yoy_accel": -0.09103988706848803,
      "op_leverage_ratio": 0.7927626893336139,
      "fcf_margin_change": 0.09165336374034905
    },
    {
      "date": "2024-12-31T00:00:00",
      "quarter_label": "2024-12 (Q4)",
      "revenue": 1454674000,
      "gross_profit": null,
      "operating_income": 265217000,
      "net_income": 210597000,
      "opex": 1192731000,
      "cogs": null,
      "rd": null,
      "sga": null,
      "fcf": 566455000,
      "ocf": 566455000,
      "capex": null,
      "gross_margin": null,
      "op_margin": 0.1823205749191915,
      "fcf_margin": 0.3894033989746156,
      "incr_op_margin_yoy": -0.15947092689835896,
      "rev_growth_yoy": 0.507926421578028,
      "rev_growth_yoy_accel": 0.21674935404539403,
      "fcf_margin_change": -0.06782727225058288
    },
    {
      "date": "2025-03-31T00:00:00",
      "quarter_label": "2025-03 (Q1)",
      "revenue": 1215047000,
      "gross_profit": null,
      "operating_income": 337996000,
      "net_income": 219837000,
      "opex": 882567000,
      "cogs": null,
      "rd": null,
      "sga": null,
      "fcf": 656893000,
      "ocf": 656893000,
      "capex": null,
      "gross_margin": null,
      "op_margin": 0.2781752475418646,
      "fcf_margin": 0.540631761569717,
      "incr_op_margin_yoy": 0.5012597563700525,
      "rev_growth_yoy": 0.11959069716012753,
      "rev_growth_yoy_accel": -0.3883357244179005,
      "fcf_margin_change": 0.15122836259510142
    },
    {
      "date": "2025-06-30T00:00:00",
      "quarter_label": "2025-06 (Q2)",
      "revenue": 1180560000,
      "gross_profit": null,
      "operating_income": -403215000,
      "net_income": -389905000,
      "opex": 1583253000,
      "cogs": null,
      "rd": null,
      "sga": null,
      "fcf": 419810000,
      "ocf": 419810000,
      "capex": null,
      "gross_margin": null,
      "op_margin": -0.34154553771091684,
      "fcf_margin": 0.35560242596733754,
      "incr_op_margin_yoy": 8.639990014977533,
      "rev_growth_yoy": -0.06355300314116191,
      "rev_growth_yoy_accel": -0.18314370030128946,
      "fcf_margin_change": -0.1850293356023795
    },
    {
      "date": "2025-09-30T00:00:00",
      "quarter_label": "2025-09 (Q3)",
      "revenue": 1312081000,
      "gross_profit": 971134000,
      "operating_income": 170790000,
      "net_income": 130111000,
      "opex": 1140926000,
      "cogs": 340947000,
      "rd": null,
      "sga": null,
      "fcf": 558967000,
      "ocf": 558967000,
      "capex": null,
      "gross_margin": 0.740147902454193,
      "op_margin": 0.13016726863661618,
      "fcf_margin": 0.4260156194625179,
      "incr_op_margin_yoy": 0.7378130735768069,
      "rev_growth_yoy": -0.0954078927683291,
      "rev_growth_yoy_accel": -0.03185488962716719,
      "op_leverage_ratio": Infinity,
      "fcf_margin_change": 0.07041319349518038
    }
  ],
  "signals": [
    {
      "quarter": "2025-09 (Q3)",
      "signal": "FCF MARGIN EXPANSION",
      "detail": "FCF margin: +35.6% -> +42.6% (+7.0%)",
      "severity": "MEDIUM"
    },
    {
      "quarter": "2025-09 (Q3)",
      "signal": "INCREMENTAL MARGIN (YoY)",
      "detail": "YoY Incr OPM: +73.8% vs year-ago OPM: +18.8%",
      "severity": "HIGH"
    },
    {
      "quarter": "2025-09 (Q3)",
      "signal": "OP MARGIN TURNED POSITIVE (QoQ)",
      "detail": "Op margin: -34.2% -> +13.0%",
      "severity": "HIGH"
    },
    {
      "quarter": "2025-06 (Q2)",
      "signal": "YoY REVENUE GROWTH DECELERATION",
      "detail": "YoY growth: -6.4% vs prior quarter YoY: +12.0% (decel: -18.3%)",
      "severity": "WARNING"
    },
    {
      "quarter": "2025-03 (Q1)",
      "signal": "FCF MARGIN EXPANSION",
      "detail": "FCF margin: +38.9% -> +54.1% (+15.1%)",
      "severity": "MEDIUM"
    },
    {
      "quarter": "2025-03 (Q1)",
      "signal": "YoY REVENUE GROWTH DECELERATION",
      "detail": "YoY growth: +12.0% vs prior quarter YoY: +50.8% (decel: -38.8%)",
      "severity": "WARNING"
    },
    {
      "quarter": "2025-03 (Q1)",
      "signal": "INCREMENTAL MARGIN (YoY)",
      "detail": "YoY Incr OPM: +50.1% vs year-ago OPM: +25.1%",
      "severity": "HIGH"
    },
    {
      "quarter": "2024-12 (Q4)",
      "signal": "YoY REVENUE GROWTH ACCELERATION",
      "detail": "YoY growth: +50.8% vs prior quarter YoY: +29.1% (accel: +21.7%)",
      "severity": "HIGH"
    },
    {
      "quarter": "2024-09 (Q3)",
      "signal": "FCF MARGIN EXPANSION",
      "detail": "FCF margin: +36.6% -> +45.7% (+9.2%)",
      "severity": "MEDIUM"
    },
    {
      "quarter": "2024-09 (Q3)",
      "signal": "YoY REVENUE GROWTH DECELERATION",
      "detail": "YoY growth: +29.1% vs prior quarter YoY: +38.2% (decel: -9.1%)",
      "severity": "WARNING"
    },
    {
      "quarter": "2024-06 (Q2)",
      "signal": "YoY REVENUE GROWTH ACCELERATION",
      "detail": "YoY growth: +38.2% vs prior quarter YoY: +21.1% (accel: +17.2%)",
      "severity": "HIGH"
    },
    {
      "quarter": "2024-03 (Q1)",
      "signal": "YoY REVENUE GROWTH ACCELERATION",
      "detail": "YoY growth: +21.1% vs prior quarter YoY: -5.0% (accel: +26.1%)",
      "severity": "HIGH"
    },
    {
      "quarter": "2023-12 (Q4)",
      "signal": "FCF MARGIN EXPANSION",
      "detail": "FCF margin: +35.6% -> +56.3% (+20.8%)",
      "severity": "MEDIUM"
    },
    {
      "quarter": "2023-12 (Q4)",
      "signal": "INCREMENTAL MARGIN (YoY)",
      "detail": "YoY Incr OPM: +158.1% vs year-ago OPM: +41.7%",
      "severity": "HIGH"
    },
    {
      "quarter": "2023-09 (Q3)",
      "signal": "YoY REVENUE GROWTH DECELERATION",
      "detail": "YoY growth: -5.5% vs prior quarter YoY: +15.5% (decel: -21.1%)",
      "severity": "WARNING"
    },
    {
      "quarter": "2023-09 (Q3)",
      "signal": "INCREMENTAL MARGIN (YoY)",
      "detail": "YoY Incr OPM: +281.9% vs year-ago OPM: +45.2%",
      "severity": "HIGH"
    },
    {
      "quarter": "2023-06 (Q2)",
      "signal": "YoY REVENUE GROWTH DECELERATION",
      "detail": "YoY growth: +15.5% vs prior quarter YoY: +37.3% (decel: -21.8%)",
      "severity": "WARNING"
    },
    {
      "quarter": "2023-03 (Q1)",
      "signal": "FCF MARGIN EXPANSION",
      "detail": "FCF margin: +47.1% -> +52.3% (+5.2%)",
      "severity": "MEDIUM"
    },
    {
      "quarter": "2023-03 (Q1)",
      "signal": "YoY REVENUE GROWTH DECELERATION",
      "detail": "YoY growth: +37.3% vs prior quarter YoY: +136.5% (decel: -99.2%)",
      "severity": "WARNING"
    },
    {
      "quarter": "2022-12 (Q4)",
      "signal": "YoY REVENUE GROWTH DECELERATION",
      "detail": "YoY growth: +136.5% vs prior quarter YoY: +195.7% (decel: -59.2%)",
      "severity": "WARNING"
    },
    {
      "quarter": "2022-12 (Q4)",
      "signal": "INCREMENTAL MARGIN (YoY)",
      "detail": "YoY Incr OPM: +58.7% vs year-ago OPM: +18.5%",
      "severity": "HIGH"
    },
    {
      "quarter": "2022-09 (Q3)",
      "signal": "FCF MARGIN EXPANSION",
      "detail": "FCF margin: +50.2% -> +65.9% (+15.7%)",
      "severity": "MEDIUM"
    },
    {
      "quarter": "2022-09 (Q3)",
      "signal": "YoY REVENUE GROWTH ACCELERATION",
      "detail": "YoY growth: +195.7% vs prior quarter YoY: +100.8% (accel: +94.9%)",
      "severity": "HIGH"
    },
    {
      "quarter": "2022-06 (Q2)",
      "signal": "FCF MARGIN EXPANSION",
      "detail": "FCF margin: +40.7% -> +50.2% (+9.5%)",
      "severity": "MEDIUM"
    },
    {
      "quarter": "2022-06 (Q2)",
      "signal": "YoY REVENUE GROWTH ACCELERATION",
      "detail": "YoY growth: +100.8% vs prior quarter YoY: +83.7% (accel: +17.1%)",
      "severity": "HIGH"
    },
    {
      "quarter": "2022-03 (Q1)",
      "signal": "OPERATING LEVERAGE",
      "detail": "Rev growth +52.1% vs OpEx growth +5.3% (leverage: 9.8x)",
      "severity": "MEDIUM"
    },
    {
      "quarter": "2021-09 (Q3)",
      "signal": "FCF MARGIN EXPANSION",
      "detail": "FCF margin: +40.7% -> +73.2% (+32.5%)",
      "severity": "MEDIUM"
    },
    {
      "quarter": "2021-09 (Q3)",
      "signal": "INCREMENTAL MARGIN (YoY)",
      "detail": "YoY Incr OPM: +126.0% vs year-ago OPM: +14.2%",
      "severity": "HIGH"
    },
    {
      "quarter": "2021-03 (Q1)",
      "signal": "FCF MARGIN EXPANSION",
      "detail": "FCF margin: +35.1% -> +53.6% (+18.5%)",
      "severity": "MEDIUM"
    }
  ],
  "data_quality": {
    "n_quarters": 20,
    "coverage": {
      "revenue": [
        20,
        20
      ],
      "gross_profit": [
        2,
        20
      ],
      "op_income": [
        20,
        20
      ],
      "fcf": [
        20,
        20
      ]
    },
    "gaps": [
      [
        "2020-09 (Q3)",
        "2021-03 (Q1)",
        182
      ]
    ],
    "warnings": [
      "gross_profit: 2/20Q",
      "gap: 1Q missing between 2020-09 (Q3) and 2021-03 (Q1)"
    ]
  },
  "market_cap": null,
  "source": "SEC EDGAR",
  "last_updated": "2026-02-02T20:59:01.767294"
}