{
  "ticker": "CHRW",
  "name": "C.H. ROBINSON WORLDWIDE, INC.",
  "quarters": [
    {
      "date": "2020-12-31T00:00:00",
      "quarter_label": "2020-12 (Q4)",
      "revenue": 4549452000,
      "gross_profit": null,
      "operating_income": 206802000,
      "net_income": 147807000,
      "opex": 4342650000,
      "cogs": null,
      "rd": null,
      "sga": null,
      "fcf": 156455000,
      "ocf": 162142000,
      "capex": -5687000,
      "gross_margin": null,
      "op_margin": 0.045456463767504306,
      "fcf_margin": 0.03438985618487677
    },
    {
      "date": "2021-03-31T00:00:00",
      "quarter_label": "2021-03 (Q1)",
      "revenue": 4803869000,
      "gross_profit": null,
      "operating_income": 223329000,
      "net_income": 173305000,
      "opex": 4580540000,
      "cogs": null,
      "rd": null,
      "sga": null,
      "fcf": -62127000,
      "ocf": -56692000,
      "capex": -5435000,
      "gross_margin": null,
      "op_margin": 0.04648940260444238,
      "fcf_margin": -0.012932700704369748,
      "op_leverage_ratio": 1.0208588122983853,
      "fcf_margin_change": -0.04732255688924652
    },
    {
      "date": "2021-06-30T00:00:00",
      "quarter_label": "2021-06 (Q2)",
      "revenue": 5532726000,
      "gross_profit": null,
      "operating_income": 260604000,
      "net_income": 193789000,
      "opex": 5272122000,
      "cogs": null,
      "rd": null,
      "sga": null,
      "fcf": 141869000,
      "ocf": 149290000,
      "capex": -7421000,
      "gross_margin": null,
      "op_margin": 0.04710227833440514,
      "fcf_margin": 0.0256417903218052,
      "op_leverage_ratio": 1.0049030678732729,
      "fcf_margin_change": 0.038574491026174954
    },
    {
      "date": "2021-09-30T00:00:00",
      "quarter_label": "2021-09 (Q3)",
      "revenue": 6263695000,
      "gross_profit": null,
      "operating_income": 310769000,
      "net_income": 247053000,
      "opex": 5952926000,
      "cogs": null,
      "rd": null,
      "sga": null,
      "fcf": -87145000,
      "ocf": -73498000,
      "capex": -13647000,
      "gross_margin": null,
      "op_margin": 0.0496143250908609,
      "fcf_margin": -0.013912714460075084,
      "op_leverage_ratio": 1.0231119304648302,
      "fcf_margin_change": -0.03955450478188029
    },
    {
      "date": "2021-12-31T00:00:00",
      "quarter_label": "2021-12 (Q4)",
      "revenue": 6501848000,
      "gross_profit": null,
      "operating_income": 287406000,
      "net_income": 230098000,
      "opex": 6214442000,
      "cogs": null,
      "rd": null,
      "sga": null,
      "fcf": 68161000,
      "ocf": 75855000,
      "capex": -7694000,
      "gross_margin": null,
      "op_margin": 0.04420374022893184,
      "fcf_margin": 0.010483327201743258,
      "incr_op_margin_yoy": 0.04128465741581114,
      "rev_growth_yoy": 0.42914970858028617,
      "op_leverage_ratio": 0.8654812693549772,
      "fcf_margin_change": 0.024396041661818343
    },
    {
      "date": "2022-03-31T00:00:00",
      "quarter_label": "2022-03 (Q1)",
      "revenue": 6815953000,
      "gross_profit": null,
      "operating_income": 345474000,
      "net_income": 270348000,
      "opex": 6470479000,
      "cogs": null,
      "rd": null,
      "sga": null,
      "fcf": -23974000,
      "ocf": -13928000,
      "capex": -10046000,
      "gross_margin": null,
      "op_margin": 0.05068608894456872,
      "fcf_margin": -0.0035173364605066964,
      "incr_op_margin_yoy": 0.060705716063544066,
      "rev_growth_yoy": 0.4188465588882628,
      "rev_growth_yoy_accel": -0.010303149692023394,
      "op_leverage_ratio": 1.1725664031971605,
      "fcf_margin_change": -0.014000663662249955
    },
    {
      "date": "2022-06-30T00:00:00",
      "quarter_label": "2022-06 (Q2)",
      "revenue": 6798475000,
      "gross_profit": null,
      "operating_income": 469665000,
      "net_income": 348185000,
      "opex": 6328810000,
      "cogs": null,
      "rd": null,
      "sga": null,
      "fcf": 238522000,
      "ocf": 265257000,
      "capex": -26735000,
      "gross_margin": null,
      "op_margin": 0.06908387542794524,
      "fcf_margin": 0.03508463295077205,
      "incr_op_margin_yoy": 0.16516781763208976,
      "rev_growth_yoy": 0.22877492939285263,
      "rev_growth_yoy_accel": -0.19007162949541015,
      "fcf_margin_change": 0.03860196941127875
    },
    {
      "date": "2022-09-30T00:00:00",
      "quarter_label": "2022-09 (Q3)",
      "revenue": 6015376000,
      "gross_profit": null,
      "operating_income": 287609000,
      "net_income": 225798000,
      "opex": 5727767000,
      "cogs": null,
      "rd": null,
      "sga": null,
      "fcf": 611522000,
      "ocf": 625460000,
      "capex": -13938000,
      "gross_margin": null,
      "op_margin": 0.04781230632964589,
      "fcf_margin": 0.10165981311891394,
      "incr_op_margin_yoy": 0.09326712816981383,
      "rev_growth_yoy": -0.0396441716909907,
      "rev_growth_yoy_accel": -0.2684191010838433,
      "fcf_margin_change": 0.06657518016814189
    },
    {
      "date": "2022-12-31T00:00:00",
      "quarter_label": "2022-12 (Q4)",
      "revenue": 5066821000,
      "gross_profit": null,
      "operating_income": 164034000,
      "net_income": 96193000,
      "opex": 4902787000,
      "cogs": null,
      "rd": null,
      "sga": null,
      "fcf": 762186000,
      "ocf": 773382000,
      "capex": -11196000,
      "gross_margin": null,
      "op_margin": 0.032374145445438075,
      "fcf_margin": 0.1504268652869324,
      "incr_op_margin_yoy": 0.08597190157397736,
      "rev_growth_yoy": -0.22071063488411294,
      "rev_growth_yoy_accel": -0.18106646319312225,
      "fcf_margin_change": 0.04876705216801845
    },
    {
      "date": "2023-03-31T00:00:00",
      "quarter_label": "2023-03 (Q1)",
      "revenue": 4611670000,
      "gross_profit": null,
      "operating_income": 161033000,
      "net_income": 114891000,
      "opex": 4450637000,
      "cogs": null,
      "rd": null,
      "sga": null,
      "fcf": 243173000,
      "ocf": 254544000,
      "capex": -11371000,
      "gross_margin": null,
      "op_margin": 0.03491858697608458,
      "fcf_margin": 0.0527299221323295,
      "incr_op_margin_yoy": 0.0836739202724877,
      "rev_growth_yoy": -0.3234005574862385,
      "rev_growth_yoy_accel": -0.10268992260212559,
      "fcf_margin_change": -0.0976969431546029
    },
    {
      "date": "2023-06-30T00:00:00",
      "quarter_label": "2023-06 (Q2)",
      "revenue": 4421856000,
      "gross_profit": null,
      "operating_income": 132623000,
      "net_income": 97316000,
      "opex": 4289233000,
      "cogs": null,
      "rd": null,
      "sga": null,
      "fcf": 214524000,
      "ocf": 224832000,
      "capex": -10308000,
      "gross_margin": null,
      "op_margin": 0.02999260943820875,
      "fcf_margin": 0.04851446994203339,
      "incr_op_margin_yoy": 0.14181574749675904,
      "rev_growth_yoy": -0.34958119284104155,
      "rev_growth_yoy_accel": -0.026180635354803028,
      "fcf_margin_change": -0.004215452190296107
    },
    {
      "date": "2023-09-30T00:00:00",
      "quarter_label": "2023-09 (Q3)",
      "revenue": 4341030000,
      "gross_profit": null,
      "operating_income": 113522000,
      "net_income": 81949000,
      "opex": 4227508000,
      "cogs": null,
      "rd": null,
      "sga": null,
      "fcf": 201029000,
      "ocf": 205239000,
      "capex": -4210000,
      "gross_margin": null,
      "op_margin": 0.026150936528888304,
      "fcf_margin": 0.04630905568494113,
      "incr_op_margin_yoy": 0.10397313339058951,
      "rev_growth_yoy": -0.2783443628461463,
      "rev_growth_yoy_accel": 0.07123682999489528,
      "fcf_margin_change": -0.00220541425709226
    },
    {
      "date": "2023-12-31T00:00:00",
      "quarter_label": "2023-12 (Q4)",
      "revenue": 4221887000,
      "gross_profit": null,
      "operating_income": 107429000,
      "net_income": 30973000,
      "opex": 4114458000,
      "cogs": null,
      "rd": null,
      "sga": null,
      "fcf": 43231000,
      "ocf": 47331000,
      "capex": -4100000,
      "gross_margin": null,
      "op_margin": 0.025445730783415093,
      "fcf_margin": 0.010239734033620511,
      "incr_op_margin_yoy": 0.06699339830093239,
      "rev_growth_yoy": -0.16675820993084223,
      "rev_growth_yoy_accel": 0.11158615291530405,
      "fcf_margin_change": -0.036069321651320624
    },
    {
      "date": "2024-03-31T00:00:00",
      "quarter_label": "2024-03 (Q1)",
      "revenue": 4412311000,
      "gross_profit": null,
      "operating_income": 127133000,
      "net_income": 92904000,
      "opex": 4285178000,
      "cogs": null,
      "rd": null,
      "sga": null,
      "fcf": -41943000,
      "ocf": -33323000,
      "capex": -8620000,
      "gross_margin": null,
      "op_margin": 0.028813245485189053,
      "fcf_margin": -0.009505902915728288,
      "incr_op_margin_yoy": 0.17004499420643163,
      "rev_growth_yoy": -0.04322924233520612,
      "rev_growth_yoy_accel": 0.12352896759563611,
      "op_leverage_ratio": 1.0870344550216668,
      "fcf_margin_change": -0.019745636949348798
    },
    {
      "date": "2024-06-30T00:00:00",
      "quarter_label": "2024-06 (Q2)",
      "revenue": 4483348000,
      "gross_profit": null,
      "operating_income": 178090000,
      "net_income": 126251000,
      "opex": 4305258000,
      "cogs": null,
      "rd": null,
      "sga": null,
      "fcf": 159804000,
      "ocf": 166422000,
      "capex": -6618000,
      "gross_margin": null,
      "op_margin": 0.0397225466325612,
      "fcf_margin": 0.03564389826531422,
      "incr_op_margin_yoy": 0.7393969947310219,
      "rev_growth_yoy": 0.013906377774400614,
      "rev_growth_yoy_accel": 0.05713562010960674,
      "op_leverage_ratio": 3.435766607593059,
      "fcf_margin_change": 0.04514980118104251
    },
    {
      "date": "2024-09-30T00:00:00",
      "quarter_label": "2024-09 (Q3)",
      "revenue": 4644641000,
      "gross_profit": null,
      "operating_income": 180119000,
      "net_income": 97229000,
      "opex": 4464522000,
      "cogs": null,
      "rd": null,
      "sga": null,
      "fcf": 103316000,
      "ocf": 108055000,
      "capex": -4739000,
      "gross_margin": null,
      "op_margin": 0.03877996168056907,
      "fcf_margin": 0.022244130385965243,
      "incr_op_margin_yoy": 0.21934976005480697,
      "rev_growth_yoy": 0.06993985298419961,
      "rev_growth_yoy_accel": 0.056033475209799,
      "op_leverage_ratio": 0.9725112472749291,
      "fcf_margin_change": -0.013399767879348979
    },
    {
      "date": "2024-12-31T00:00:00",
      "quarter_label": "2024-12 (Q4)",
      "revenue": 4184656000,
      "gross_profit": null,
      "operating_income": 183799000,
      "net_income": 149306000,
      "opex": 4000857000,
      "cogs": null,
      "rd": null,
      "sga": null,
      "fcf": 265254000,
      "ocf": 267930000,
      "capex": -2676000,
      "gross_margin": null,
      "op_margin": 0.043922128844043576,
      "fcf_margin": 0.06338728918219323,
      "incr_op_margin_yoy": -2.0512476162337836,
      "rev_growth_yoy": -0.00881856856898349,
      "rev_growth_yoy_accel": -0.07875842155318309,
      "fcf_margin_change": 0.041143158796227985
    },
    {
      "date": "2025-03-31T00:00:00",
      "quarter_label": "2025-03 (Q1)",
      "revenue": 4046740000,
      "gross_profit": null,
      "operating_income": 176853000,
      "net_income": 135302000,
      "opex": 3869887000,
      "cogs": null,
      "rd": null,
      "sga": null,
      "fcf": 103183000,
      "ocf": 106531000,
      "capex": -3348000,
      "gross_margin": null,
      "op_margin": 0.04370258529087611,
      "fcf_margin": 0.02549780811220884,
      "incr_op_margin_yoy": -0.13600641188715734,
      "rev_growth_yoy": -0.08285250065101939,
      "rev_growth_yoy_accel": -0.0740339320820359,
      "fcf_margin_change": -0.037889481069984396
    },
    {
      "date": "2025-06-30T00:00:00",
      "quarter_label": "2025-06 (Q2)",
      "revenue": 4136543000,
      "gross_profit": null,
      "operating_income": 215919000,
      "net_income": 152471000,
      "opex": 3920624000,
      "cogs": null,
      "rd": null,
      "sga": null,
      "fcf": 219836000,
      "ocf": 227128000,
      "capex": -7292000,
      "gross_margin": null,
      "op_margin": 0.05219793436209898,
      "fcf_margin": 0.05314486033385849,
      "incr_op_margin_yoy": -0.10907858883234094,
      "rev_growth_yoy": -0.07735402203888701,
      "rev_growth_yoy_accel": 0.005498478612132374,
      "op_leverage_ratio": 1.692618340326063,
      "fcf_margin_change": 0.027647052221649652
    },
    {
      "date": "2025-09-30T00:00:00",
      "quarter_label": "2025-09 (Q3)",
      "revenue": 4136846000,
      "gross_profit": null,
      "operating_income": 220836000,
      "net_income": 162987000,
      "opex": 3916010000,
      "cogs": null,
      "rd": null,
      "sga": null,
      "fcf": 269471000,
      "ocf": 275446000,
      "capex": -5975000,
      "gross_margin": null,
      "op_margin": 0.05338269783308346,
      "fcf_margin": 0.06513923892743409,
      "incr_op_margin_yoy": -0.08018393249244282,
      "rev_growth_yoy": -0.10932922479907489,
      "rev_growth_yoy_accel": -0.03197520276018788,
      "fcf_margin_change": 0.011994378593575598
    }
  ],
  "signals": [
    {
      "quarter": "2025-06 (Q2)",
      "signal": "OPERATING LEVERAGE",
      "detail": "Rev growth +2.2% vs OpEx growth +1.3% (leverage: 1.7x)",
      "severity": "MEDIUM"
    },
    {
      "quarter": "2025-03 (Q1)",
      "signal": "YoY REVENUE GROWTH DECELERATION",
      "detail": "YoY growth: -8.3% vs prior quarter YoY: -0.9% (decel: -7.4%)",
      "severity": "WARNING"
    },
    {
      "quarter": "2024-12 (Q4)",
      "signal": "YoY REVENUE GROWTH DECELERATION",
      "detail": "YoY growth: -0.9% vs prior quarter YoY: +7.0% (decel: -7.9%)",
      "severity": "WARNING"
    },
    {
      "quarter": "2024-09 (Q3)",
      "signal": "YoY REVENUE GROWTH ACCELERATION",
      "detail": "YoY growth: +7.0% vs prior quarter YoY: +1.4% (accel: +5.6%)",
      "severity": "MEDIUM"
    },
    {
      "quarter": "2024-09 (Q3)",
      "signal": "INCREMENTAL MARGIN (YoY)",
      "detail": "YoY Incr OPM: +21.9% vs year-ago OPM: +2.6%",
      "severity": "MEDIUM"
    },
    {
      "quarter": "2024-06 (Q2)",
      "signal": "FCF TURNED POSITIVE",
      "detail": "FCF margin: -1.0% -> +3.6%",
      "severity": "HIGH"
    },
    {
      "quarter": "2024-06 (Q2)",
      "signal": "OPERATING LEVERAGE",
      "detail": "Rev growth +1.6% vs OpEx growth +0.5% (leverage: 3.4x)",
      "severity": "MEDIUM"
    },
    {
      "quarter": "2024-06 (Q2)",
      "signal": "YoY REVENUE GROWTH ACCELERATION",
      "detail": "YoY growth: +1.4% vs prior quarter YoY: -4.3% (accel: +5.7%)",
      "severity": "MEDIUM"
    },
    {
      "quarter": "2024-06 (Q2)",
      "signal": "INCREMENTAL MARGIN (YoY)",
      "detail": "YoY Incr OPM: +73.9% vs year-ago OPM: +3.0%",
      "severity": "HIGH"
    },
    {
      "quarter": "2024-03 (Q1)",
      "signal": "YoY REVENUE GROWTH ACCELERATION",
      "detail": "YoY growth: -4.3% vs prior quarter YoY: -16.7% (accel: +12.4%)",
      "severity": "MEDIUM"
    },
    {
      "quarter": "2024-03 (Q1)",
      "signal": "INCREMENTAL MARGIN (YoY)",
      "detail": "YoY Incr OPM: +17.0% vs year-ago OPM: +3.5%",
      "severity": "MEDIUM"
    },
    {
      "quarter": "2023-12 (Q4)",
      "signal": "YoY REVENUE GROWTH ACCELERATION",
      "detail": "YoY growth: -16.7% vs prior quarter YoY: -27.8% (accel: +11.2%)",
      "severity": "MEDIUM"
    },
    {
      "quarter": "2023-09 (Q3)",
      "signal": "YoY REVENUE GROWTH ACCELERATION",
      "detail": "YoY growth: -27.8% vs prior quarter YoY: -35.0% (accel: +7.1%)",
      "severity": "MEDIUM"
    },
    {
      "quarter": "2023-03 (Q1)",
      "signal": "YoY REVENUE GROWTH DECELERATION",
      "detail": "YoY growth: -32.3% vs prior quarter YoY: -22.1% (decel: -10.3%)",
      "severity": "WARNING"
    },
    {
      "quarter": "2022-12 (Q4)",
      "signal": "YoY REVENUE GROWTH DECELERATION",
      "detail": "YoY growth: -22.1% vs prior quarter YoY: -4.0% (decel: -18.1%)",
      "severity": "WARNING"
    },
    {
      "quarter": "2022-09 (Q3)",
      "signal": "FCF MARGIN EXPANSION",
      "detail": "FCF margin: +3.5% -> +10.2% (+6.7%)",
      "severity": "MEDIUM"
    },
    {
      "quarter": "2022-09 (Q3)",
      "signal": "YoY REVENUE GROWTH DECELERATION",
      "detail": "YoY growth: -4.0% vs prior quarter YoY: +22.9% (decel: -26.8%)",
      "severity": "WARNING"
    },
    {
      "quarter": "2022-06 (Q2)",
      "signal": "FCF TURNED POSITIVE",
      "detail": "FCF margin: -0.4% -> +3.5%",
      "severity": "HIGH"
    },
    {
      "quarter": "2022-06 (Q2)",
      "signal": "YoY REVENUE GROWTH DECELERATION",
      "detail": "YoY growth: +22.9% vs prior quarter YoY: +41.9% (decel: -19.0%)",
      "severity": "WARNING"
    },
    {
      "quarter": "2022-06 (Q2)",
      "signal": "INCREMENTAL MARGIN (YoY)",
      "detail": "YoY Incr OPM: +16.5% vs year-ago OPM: +4.7%",
      "severity": "MEDIUM"
    },
    {
      "quarter": "2021-12 (Q4)",
      "signal": "FCF TURNED POSITIVE",
      "detail": "FCF margin: -1.4% -> +1.0%",
      "severity": "HIGH"
    },
    {
      "quarter": "2021-06 (Q2)",
      "signal": "FCF TURNED POSITIVE",
      "detail": "FCF margin: -1.3% -> +2.6%",
      "severity": "HIGH"
    }
  ],
  "data_quality": {
    "n_quarters": 20,
    "coverage": {
      "revenue": [
        20,
        20
      ],
      "gross_profit": [
        0,
        20
      ],
      "op_income": [
        20,
        20
      ],
      "fcf": [
        20,
        20
      ]
    },
    "gaps": [],
    "warnings": [
      "gross_profit: no data"
    ]
  },
  "market_cap": null,
  "source": "SEC EDGAR",
  "last_updated": "2026-02-02T20:17:25.991249"
}