{
  "ticker": "CHTH",
  "name": "CNL Healthcare Properties, Inc.",
  "quarters": [
    {
      "date": "2020-12-31T00:00:00",
      "quarter_label": "2020-12 (Q4)",
      "revenue": 70807000,
      "gross_profit": null,
      "operating_income": 399000,
      "net_income": 688000,
      "opex": 283864000,
      "cogs": null,
      "rd": null,
      "sga": null,
      "fcf": 15622000,
      "ocf": 15622000,
      "capex": null,
      "gross_margin": null,
      "op_margin": 0.005635036084002994,
      "fcf_margin": 0.2206279040207889
    },
    {
      "date": "2021-03-31T00:00:00",
      "quarter_label": "2021-03 (Q1)",
      "revenue": 72083000,
      "gross_profit": null,
      "operating_income": 1804000,
      "net_income": -2147000,
      "opex": 753000,
      "cogs": null,
      "rd": null,
      "sga": null,
      "fcf": 12633000,
      "ocf": 12633000,
      "capex": null,
      "gross_margin": null,
      "op_margin": 0.025026705325804977,
      "fcf_margin": 0.17525630176324514,
      "op_leverage_ratio": Infinity,
      "fcf_margin_change": -0.045371602257543775
    },
    {
      "date": "2021-06-30T00:00:00",
      "quarter_label": "2021-06 (Q2)",
      "revenue": 73329000,
      "gross_profit": null,
      "operating_income": 4175000,
      "net_income": 594000,
      "opex": 720000,
      "cogs": null,
      "rd": null,
      "sga": null,
      "fcf": 11560000,
      "ocf": 11560000,
      "capex": null,
      "gross_margin": null,
      "op_margin": 0.056935182533513345,
      "fcf_margin": 0.1576456790628537,
      "op_leverage_ratio": Infinity,
      "fcf_margin_change": -0.017610622700391432
    },
    {
      "date": "2021-09-30T00:00:00",
      "quarter_label": "2021-09 (Q3)",
      "revenue": 74183000,
      "gross_profit": null,
      "operating_income": 3033000,
      "net_income": -533000,
      "opex": 887000,
      "cogs": null,
      "rd": null,
      "sga": null,
      "fcf": 8719000,
      "ocf": 8719000,
      "capex": null,
      "gross_margin": null,
      "op_margin": 0.04088537805157516,
      "fcf_margin": 0.11753366674305434,
      "op_leverage_ratio": 0.0502109147494807,
      "fcf_margin_change": -0.04011201231979937
    },
    {
      "date": "2021-12-31T00:00:00",
      "quarter_label": "2021-12 (Q4)",
      "revenue": 75827000,
      "gross_profit": null,
      "operating_income": -9189000,
      "net_income": -20796000,
      "opex": 293239000,
      "cogs": null,
      "rd": null,
      "sga": null,
      "fcf": 13450000,
      "ocf": 13450000,
      "capex": null,
      "gross_margin": null,
      "op_margin": -0.12118374721405305,
      "fcf_margin": 0.17737745130362537,
      "incr_op_margin_yoy": -1.9099601593625497,
      "rev_growth_yoy": 0.07089694521728078,
      "op_leverage_ratio": 6.723802856961886e-05,
      "fcf_margin_change": 0.05984378456057103
    },
    {
      "date": "2022-03-31T00:00:00",
      "quarter_label": "2022-03 (Q1)",
      "revenue": 78597000,
      "gross_profit": null,
      "operating_income": -105000,
      "net_income": 4303000,
      "opex": 807000,
      "cogs": null,
      "rd": null,
      "sga": null,
      "fcf": 8236000,
      "ocf": 8236000,
      "capex": null,
      "gross_margin": null,
      "op_margin": -0.001335928852246269,
      "fcf_margin": 0.10478771454381211,
      "incr_op_margin_yoy": -0.29306109917101625,
      "rev_growth_yoy": 0.09036804794473038,
      "rev_growth_yoy_accel": 0.019471102727449605,
      "op_leverage_ratio": Infinity,
      "fcf_margin_change": -0.07258973675981326
    },
    {
      "date": "2022-06-30T00:00:00",
      "quarter_label": "2022-06 (Q2)",
      "revenue": 81039000,
      "gross_profit": null,
      "operating_income": 839000,
      "net_income": 1000,
      "opex": 748000,
      "cogs": null,
      "rd": null,
      "sga": null,
      "fcf": 15840000,
      "ocf": 15840000,
      "capex": null,
      "gross_margin": null,
      "op_margin": 0.010353039894371845,
      "fcf_margin": 0.19546144448969016,
      "incr_op_margin_yoy": -0.43268482490272375,
      "rev_growth_yoy": 0.10514257660679949,
      "rev_growth_yoy_accel": 0.014774528662069103,
      "op_leverage_ratio": Infinity,
      "fcf_margin_change": 0.09067372994587805
    },
    {
      "date": "2022-09-30T00:00:00",
      "quarter_label": "2022-09 (Q3)",
      "revenue": 81492000,
      "gross_profit": null,
      "operating_income": 7339000,
      "net_income": 322000,
      "opex": 835000,
      "cogs": null,
      "rd": null,
      "sga": null,
      "fcf": 10318000,
      "ocf": 10318000,
      "capex": null,
      "gross_margin": null,
      "op_margin": 0.09005791979580818,
      "fcf_margin": 0.12661365532813038,
      "incr_op_margin_yoy": 0.5891366808044877,
      "rev_growth_yoy": 0.09852661661027459,
      "rev_growth_yoy_accel": -0.006615959996524895,
      "fcf_margin_change": -0.06884778916155979
    },
    {
      "date": "2022-12-31T00:00:00",
      "quarter_label": "2022-12 (Q4)",
      "revenue": 81533000,
      "gross_profit": null,
      "operating_income": 797000,
      "net_income": -6079000,
      "opex": 317683000,
      "cogs": null,
      "rd": null,
      "sga": null,
      "fcf": 9452000,
      "ocf": 9452000,
      "capex": null,
      "gross_margin": null,
      "op_margin": 0.009775183054714042,
      "fcf_margin": 0.11592851974047318,
      "incr_op_margin_yoy": 1.7500876270592358,
      "rev_growth_yoy": 0.07525024067944136,
      "rev_growth_yoy_accel": -0.023276375930833232,
      "fcf_margin_change": -0.010685135587657199
    },
    {
      "date": "2023-03-31T00:00:00",
      "quarter_label": "2023-03 (Q1)",
      "revenue": 83659000,
      "gross_profit": null,
      "operating_income": 2846000,
      "net_income": -5851000,
      "opex": 722000,
      "cogs": null,
      "rd": null,
      "sga": null,
      "fcf": 5328000,
      "ocf": 5328000,
      "capex": null,
      "gross_margin": null,
      "op_margin": 0.03401905353877049,
      "fcf_margin": 0.06368711077110652,
      "incr_op_margin_yoy": 0.5829711576451996,
      "rev_growth_yoy": 0.06440449381019632,
      "rev_growth_yoy_accel": -0.01084574686924504,
      "op_leverage_ratio": Infinity,
      "fcf_margin_change": -0.05224140896936666
    },
    {
      "date": "2023-06-30T00:00:00",
      "quarter_label": "2023-06 (Q2)",
      "revenue": 85186000,
      "gross_profit": null,
      "operating_income": 4107000,
      "net_income": -5315000,
      "opex": 81079000,
      "cogs": null,
      "rd": null,
      "sga": null,
      "fcf": 11415000,
      "ocf": 11415000,
      "capex": null,
      "gross_margin": null,
      "op_margin": 0.04821214753598009,
      "fcf_margin": 0.13400089216537928,
      "incr_op_margin_yoy": 0.7880395466602363,
      "rev_growth_yoy": 0.05117289206431471,
      "rev_growth_yoy_accel": -0.013231601745881609,
      "op_leverage_ratio": 0.00016399849059103104,
      "fcf_margin_change": 0.07031378139427276
    },
    {
      "date": "2023-09-30T00:00:00",
      "quarter_label": "2023-09 (Q3)",
      "revenue": 86213000,
      "gross_profit": null,
      "operating_income": 4975000,
      "net_income": -5414000,
      "opex": 81238000,
      "cogs": null,
      "rd": null,
      "sga": null,
      "fcf": 7873000,
      "ocf": 7873000,
      "capex": null,
      "gross_margin": null,
      "op_margin": 0.057705914421258976,
      "fcf_margin": 0.09132033452031596,
      "incr_op_margin_yoy": -0.5007413683541623,
      "rev_growth_yoy": 0.05793206695135719,
      "rev_growth_yoy_accel": 0.006759174887042481,
      "op_leverage_ratio": 6.14771147472043,
      "fcf_margin_change": -0.042680557645063316
    },
    {
      "date": "2023-12-31T00:00:00",
      "quarter_label": "2023-12 (Q4)",
      "revenue": 86422000,
      "gross_profit": null,
      "operating_income": 1728000,
      "net_income": -9118000,
      "opex": 84694000,
      "cogs": null,
      "rd": null,
      "sga": null,
      "fcf": 7338000,
      "ocf": 7338000,
      "capex": null,
      "gross_margin": null,
      "op_margin": 0.019994908703802272,
      "fcf_margin": 0.08490893522482701,
      "incr_op_margin_yoy": 0.19042749028431172,
      "rev_growth_yoy": 0.05996345038205389,
      "rev_growth_yoy_accel": 0.0020313834306966982,
      "fcf_margin_change": -0.006411399295488951
    },
    {
      "date": "2024-03-31T00:00:00",
      "quarter_label": "2024-03 (Q1)",
      "revenue": 89081000,
      "gross_profit": null,
      "operating_income": 6331000,
      "net_income": -5035000,
      "opex": 82750000,
      "cogs": null,
      "rd": null,
      "sga": null,
      "fcf": 7148000,
      "ocf": 7148000,
      "capex": null,
      "gross_margin": null,
      "op_margin": 0.07107014963909251,
      "fcf_margin": 0.0802415778897857,
      "incr_op_margin_yoy": 0.6427517521209886,
      "rev_growth_yoy": 0.06481071970738354,
      "rev_growth_yoy_accel": 0.004847269325329653,
      "op_leverage_ratio": Infinity,
      "fcf_margin_change": -0.004667357335041311
    },
    {
      "date": "2024-06-30T00:00:00",
      "quarter_label": "2024-06 (Q2)",
      "revenue": 90884000,
      "gross_profit": null,
      "operating_income": 10042000,
      "net_income": -1302000,
      "opex": 80842000,
      "cogs": null,
      "rd": null,
      "sga": null,
      "fcf": 13505000,
      "ocf": 13505000,
      "capex": null,
      "gross_margin": null,
      "op_margin": 0.11049249592887637,
      "fcf_margin": 0.14859601249944984,
      "incr_op_margin_yoy": 1.0415935415935416,
      "rev_growth_yoy": 0.06688892541027869,
      "rev_growth_yoy_accel": 0.0020782057028951445,
      "op_leverage_ratio": Infinity,
      "fcf_margin_change": 0.06835443460966414
    },
    {
      "date": "2024-09-30T00:00:00",
      "quarter_label": "2024-09 (Q3)",
      "revenue": 92797000,
      "gross_profit": null,
      "operating_income": 8141000,
      "net_income": -3174000,
      "opex": 84656000,
      "cogs": null,
      "rd": null,
      "sga": null,
      "fcf": 10312000,
      "ocf": 10312000,
      "capex": null,
      "gross_margin": null,
      "op_margin": 0.08772912917443453,
      "fcf_margin": 0.11112428203497958,
      "incr_op_margin_yoy": 0.48086269744835963,
      "rev_growth_yoy": 0.07636899307529027,
      "rev_growth_yoy_accel": 0.009480067665011582,
      "op_leverage_ratio": 0.44615308214159927,
      "fcf_margin_change": -0.03747173046447026
    },
    {
      "date": "2024-12-31T00:00:00",
      "quarter_label": "2024-12 (Q4)",
      "revenue": 93198000,
      "gross_profit": null,
      "operating_income": 6396000,
      "net_income": -4951000,
      "opex": 86802000,
      "cogs": null,
      "rd": null,
      "sga": null,
      "fcf": 9325000,
      "ocf": 9325000,
      "capex": null,
      "gross_margin": null,
      "op_margin": 0.06862808214768558,
      "fcf_margin": 0.10005579518873796,
      "incr_op_margin_yoy": 0.6889020070838253,
      "rev_growth_yoy": 0.07840596144500243,
      "rev_growth_yoy_accel": 0.0020369683697121638,
      "fcf_margin_change": -0.01106848684624162
    },
    {
      "date": "2025-03-31T00:00:00",
      "quarter_label": "2025-03 (Q1)",
      "revenue": 95639000,
      "gross_profit": null,
      "operating_income": 8466000,
      "net_income": -2568000,
      "opex": 87173000,
      "cogs": null,
      "rd": null,
      "sga": null,
      "fcf": 14300000,
      "ocf": 14300000,
      "capex": null,
      "gross_margin": null,
      "op_margin": 0.08852037348780309,
      "fcf_margin": 0.1495205930634992,
      "incr_op_margin_yoy": 0.32555657212564804,
      "rev_growth_yoy": 0.07361839224975023,
      "rev_growth_yoy_accel": -0.004787569195252209,
      "op_leverage_ratio": 6.127975340909702,
      "fcf_margin_change": 0.049464797874761254
    },
    {
      "date": "2025-06-30T00:00:00",
      "quarter_label": "2025-06 (Q2)",
      "revenue": 97364000,
      "gross_profit": null,
      "operating_income": 9550000,
      "net_income": -1492000,
      "opex": 87814000,
      "cogs": null,
      "rd": null,
      "sga": null,
      "fcf": 16165000,
      "ocf": 16165000,
      "capex": null,
      "gross_margin": null,
      "op_margin": 0.0980855346945483,
      "fcf_margin": 0.16602645741752597,
      "incr_op_margin_yoy": -0.07592592592592592,
      "rev_growth_yoy": 0.07129967871132432,
      "rev_growth_yoy_accel": -0.002318713538425901,
      "op_leverage_ratio": 2.4528897905359432,
      "fcf_margin_change": 0.01650586435402676
    },
    {
      "date": "2025-09-30T00:00:00",
      "quarter_label": "2025-09 (Q3)",
      "revenue": 99294000,
      "gross_profit": null,
      "operating_income": 9428000,
      "net_income": -1578000,
      "opex": 89866000,
      "cogs": null,
      "rd": null,
      "sga": null,
      "fcf": 13427000,
      "ocf": 13427000,
      "capex": null,
      "gross_margin": null,
      "op_margin": 0.09495034946723871,
      "fcf_margin": 0.1352246862851733,
      "incr_op_margin_yoy": 0.19809142681237493,
      "rev_growth_yoy": 0.07001303921462979,
      "rev_growth_yoy_accel": -0.0012866394966945388,
      "op_leverage_ratio": 0.8482918703896306,
      "fcf_margin_change": -0.030801771132352662
    }
  ],
  "signals": [
    {
      "quarter": "2025-09 (Q3)",
      "signal": "INCREMENTAL MARGIN (YoY)",
      "detail": "YoY Incr OPM: +19.8% vs year-ago OPM: +8.8%",
      "severity": "MEDIUM"
    },
    {
      "quarter": "2025-06 (Q2)",
      "signal": "OPERATING LEVERAGE",
      "detail": "Rev growth +1.8% vs OpEx growth +0.7% (leverage: 2.5x)",
      "severity": "MEDIUM"
    },
    {
      "quarter": "2025-03 (Q1)",
      "signal": "OPERATING LEVERAGE",
      "detail": "Rev growth +2.6% vs OpEx growth +0.4% (leverage: 6.1x)",
      "severity": "MEDIUM"
    },
    {
      "quarter": "2025-03 (Q1)",
      "signal": "INCREMENTAL MARGIN (YoY)",
      "detail": "YoY Incr OPM: +32.6% vs year-ago OPM: +7.1%",
      "severity": "HIGH"
    },
    {
      "quarter": "2024-12 (Q4)",
      "signal": "INCREMENTAL MARGIN (YoY)",
      "detail": "YoY Incr OPM: +68.9% vs year-ago OPM: +2.0%",
      "severity": "HIGH"
    },
    {
      "quarter": "2024-09 (Q3)",
      "signal": "INCREMENTAL MARGIN (YoY)",
      "detail": "YoY Incr OPM: +48.1% vs year-ago OPM: +5.8%",
      "severity": "HIGH"
    },
    {
      "quarter": "2024-06 (Q2)",
      "signal": "FCF MARGIN EXPANSION",
      "detail": "FCF margin: +8.0% -> +14.9% (+6.8%)",
      "severity": "MEDIUM"
    },
    {
      "quarter": "2024-06 (Q2)",
      "signal": "INCREMENTAL MARGIN (YoY)",
      "detail": "YoY Incr OPM: +104.2% vs year-ago OPM: +4.8%",
      "severity": "HIGH"
    },
    {
      "quarter": "2024-03 (Q1)",
      "signal": "INCREMENTAL MARGIN (YoY)",
      "detail": "YoY Incr OPM: +64.3% vs year-ago OPM: +3.4%",
      "severity": "HIGH"
    },
    {
      "quarter": "2023-12 (Q4)",
      "signal": "INCREMENTAL MARGIN (YoY)",
      "detail": "YoY Incr OPM: +19.0% vs year-ago OPM: +1.0%",
      "severity": "MEDIUM"
    },
    {
      "quarter": "2023-09 (Q3)",
      "signal": "OPERATING LEVERAGE",
      "detail": "Rev growth +1.2% vs OpEx growth +0.2% (leverage: 6.1x)",
      "severity": "MEDIUM"
    },
    {
      "quarter": "2023-06 (Q2)",
      "signal": "FCF MARGIN EXPANSION",
      "detail": "FCF margin: +6.4% -> +13.4% (+7.0%)",
      "severity": "MEDIUM"
    },
    {
      "quarter": "2023-06 (Q2)",
      "signal": "INCREMENTAL MARGIN (YoY)",
      "detail": "YoY Incr OPM: +78.8% vs year-ago OPM: +1.0%",
      "severity": "HIGH"
    },
    {
      "quarter": "2023-03 (Q1)",
      "signal": "OP MARGIN TURNED POSITIVE (YoY)",
      "detail": "Op margin: -0.1% (year-ago) -> +3.4%",
      "severity": "HIGH"
    },
    {
      "quarter": "2022-12 (Q4)",
      "signal": "OP MARGIN TURNED POSITIVE (YoY)",
      "detail": "Op margin: -12.1% (year-ago) -> +1.0%",
      "severity": "HIGH"
    },
    {
      "quarter": "2022-09 (Q3)",
      "signal": "INCREMENTAL MARGIN (YoY)",
      "detail": "YoY Incr OPM: +58.9% vs year-ago OPM: +4.1%",
      "severity": "HIGH"
    },
    {
      "quarter": "2022-06 (Q2)",
      "signal": "FCF MARGIN EXPANSION",
      "detail": "FCF margin: +10.5% -> +19.5% (+9.1%)",
      "severity": "MEDIUM"
    },
    {
      "quarter": "2022-06 (Q2)",
      "signal": "OP MARGIN TURNED POSITIVE (QoQ)",
      "detail": "Op margin: -0.1% -> +1.0%",
      "severity": "HIGH"
    },
    {
      "quarter": "2021-12 (Q4)",
      "signal": "FCF MARGIN EXPANSION",
      "detail": "FCF margin: +11.8% -> +17.7% (+6.0%)",
      "severity": "MEDIUM"
    }
  ],
  "data_quality": {
    "n_quarters": 20,
    "coverage": {
      "revenue": [
        20,
        20
      ],
      "gross_profit": [
        0,
        20
      ],
      "op_income": [
        20,
        20
      ],
      "fcf": [
        20,
        20
      ]
    },
    "gaps": [],
    "warnings": [
      "gross_profit: no data"
    ]
  },
  "market_cap": null,
  "source": "SEC EDGAR",
  "last_updated": "2026-02-03T00:56:58.676995"
}