{
  "ticker": "CHTR",
  "name": "Charter Communications, Inc.",
  "quarters": [
    {
      "date": "2021-03-31T00:00:00",
      "quarter_label": "2021-03 (Q1)",
      "revenue": 12522000000,
      "gross_profit": null,
      "operating_income": 2068000000,
      "net_income": 807000000,
      "opex": 7711000000,
      "cogs": null,
      "rd": null,
      "sga": null,
      "fcf": 1930000000,
      "ocf": 3751000000,
      "capex": -1821000000,
      "gross_margin": null,
      "op_margin": 0.1651493371665868,
      "fcf_margin": 0.15412873342916467
    },
    {
      "date": "2021-06-30T00:00:00",
      "quarter_label": "2021-06 (Q2)",
      "revenue": 12802000000,
      "gross_profit": null,
      "operating_income": 2575000000,
      "net_income": 1020000000,
      "opex": 7882000000,
      "cogs": null,
      "rd": null,
      "sga": null,
      "fcf": 2118000000,
      "ocf": 3999000000,
      "capex": -1881000000,
      "gross_margin": null,
      "op_margin": 0.2011404468051867,
      "fcf_margin": 0.1654428995469458,
      "op_leverage_ratio": 1.008321261013365,
      "fcf_margin_change": 0.011314166117781133
    },
    {
      "date": "2021-09-30T00:00:00",
      "quarter_label": "2021-09 (Q3)",
      "revenue": 13146000000,
      "gross_profit": null,
      "operating_income": 2927000000,
      "net_income": 1217000000,
      "opex": 7958000000,
      "cogs": null,
      "rd": null,
      "sga": null,
      "fcf": 2402000000,
      "ocf": 4263000000,
      "capex": -1861000000,
      "gross_margin": null,
      "op_margin": 0.2226532785638217,
      "fcf_margin": 0.18271717632739998,
      "op_leverage_ratio": 2.7867849595869068,
      "fcf_margin_change": 0.01727427678045418
    },
    {
      "date": "2021-12-31T00:00:00",
      "quarter_label": "2021-12 (Q4)",
      "revenue": 13212000000,
      "gross_profit": null,
      "operating_income": 2956000000,
      "net_income": 1610000000,
      "opex": 7931000000,
      "cogs": null,
      "rd": null,
      "sga": null,
      "fcf": 2154000000,
      "ocf": 4226000000,
      "capex": -2072000000,
      "gross_margin": null,
      "op_margin": 0.22373599757795942,
      "fcf_margin": 0.16303360581289736,
      "fcf_margin_change": -0.01968357051450262
    },
    {
      "date": "2022-03-31T00:00:00",
      "quarter_label": "2022-03 (Q1)",
      "revenue": 13200000000,
      "gross_profit": null,
      "operating_income": 2771000000,
      "net_income": 1203000000,
      "opex": 8134000000,
      "cogs": null,
      "rd": null,
      "sga": null,
      "fcf": 1790000000,
      "ocf": 3647000000,
      "capex": -1857000000,
      "gross_margin": null,
      "op_margin": 0.20992424242424243,
      "fcf_margin": 0.13560606060606062,
      "incr_op_margin_yoy": 1.036873156342183,
      "rev_growth_yoy": 0.05414470531863919,
      "fcf_margin_change": -0.02742754520683674
    },
    {
      "date": "2022-06-30T00:00:00",
      "quarter_label": "2022-06 (Q2)",
      "revenue": 13598000000,
      "gross_profit": null,
      "operating_income": 3227000000,
      "net_income": 1471000000,
      "opex": 8193000000,
      "cogs": null,
      "rd": null,
      "sga": null,
      "fcf": 1541000000,
      "ocf": 3734000000,
      "capex": -2193000000,
      "gross_margin": null,
      "op_margin": 0.23731431092807767,
      "fcf_margin": 0.11332548904250625,
      "incr_op_margin_yoy": 0.8190954773869347,
      "rev_growth_yoy": 0.06217778472113732,
      "rev_growth_yoy_accel": 0.00803307940249813,
      "op_leverage_ratio": 4.156820749871597,
      "fcf_margin_change": -0.02228057156355437
    },
    {
      "date": "2022-09-30T00:00:00",
      "quarter_label": "2022-09 (Q3)",
      "revenue": 13550000000,
      "gross_profit": null,
      "operating_income": 2924000000,
      "net_income": 1185000000,
      "opex": 8247000000,
      "cogs": null,
      "rd": null,
      "sga": null,
      "fcf": 1351000000,
      "ocf": 3757000000,
      "capex": -2406000000,
      "gross_margin": null,
      "op_margin": 0.21579335793357934,
      "fcf_margin": 0.09970479704797049,
      "incr_op_margin_yoy": -0.007425742574257425,
      "rev_growth_yoy": 0.030731781530503575,
      "rev_growth_yoy_accel": -0.031446003190633745,
      "fcf_margin_change": -0.013620691994535764
    },
    {
      "date": "2022-12-31T00:00:00",
      "quarter_label": "2022-12 (Q4)",
      "revenue": 13674000000,
      "gross_profit": null,
      "operating_income": 3040000000,
      "net_income": 1196000000,
      "opex": 8302000000,
      "cogs": null,
      "rd": null,
      "sga": null,
      "fcf": 867000000,
      "ocf": 3787000000,
      "capex": -2920000000,
      "gross_margin": null,
      "op_margin": 0.22231973087611526,
      "fcf_margin": 0.06340500219394471,
      "incr_op_margin_yoy": 0.18181818181818182,
      "rev_growth_yoy": 0.03496821071752952,
      "rev_growth_yoy_accel": 0.004236429187025947,
      "fcf_margin_change": -0.03629979485402578
    },
    {
      "date": "2023-03-31T00:00:00",
      "quarter_label": "2023-03 (Q1)",
      "revenue": 13653000000,
      "gross_profit": null,
      "operating_income": 2926000000,
      "net_income": 1021000000,
      "opex": 8511000000,
      "cogs": null,
      "rd": null,
      "sga": null,
      "fcf": 859000000,
      "ocf": 3323000000,
      "capex": -2464000000,
      "gross_margin": null,
      "op_margin": 0.2143118728484582,
      "fcf_margin": 0.06291657511169706,
      "incr_op_margin_yoy": 0.34216335540838855,
      "rev_growth_yoy": 0.03431818181818182,
      "rev_growth_yoy_accel": -0.0006500288993477044,
      "fcf_margin_change": -0.0004884270822476527
    },
    {
      "date": "2023-06-30T00:00:00",
      "quarter_label": "2023-06 (Q2)",
      "revenue": 13659000000,
      "gross_profit": null,
      "operating_income": 3240000000,
      "net_income": 1223000000,
      "opex": 8305000000,
      "cogs": null,
      "rd": null,
      "sga": null,
      "fcf": 477000000,
      "ocf": 3311000000,
      "capex": -2834000000,
      "gross_margin": null,
      "op_margin": 0.23720623764550847,
      "fcf_margin": 0.0349220294311443,
      "incr_op_margin_yoy": 0.21311475409836064,
      "rev_growth_yoy": 0.0044859538167377555,
      "rev_growth_yoy_accel": -0.029832228001444062,
      "fcf_margin_change": -0.027994545680552756
    },
    {
      "date": "2023-09-30T00:00:00",
      "quarter_label": "2023-09 (Q3)",
      "revenue": 13584000000,
      "gross_profit": null,
      "operating_income": 3126000000,
      "net_income": 1255000000,
      "opex": 8299000000,
      "cogs": null,
      "rd": null,
      "sga": null,
      "fcf": 983000000,
      "ocf": 3944000000,
      "capex": -2961000000,
      "gross_margin": null,
      "op_margin": 0.23012367491166077,
      "fcf_margin": 0.07236454652532391,
      "incr_op_margin_yoy": 5.9411764705882355,
      "rev_growth_yoy": 0.0025092250922509225,
      "rev_growth_yoy_accel": -0.001976728724486833,
      "fcf_margin_change": 0.03744251709417961
    },
    {
      "date": "2023-12-31T00:00:00",
      "quarter_label": "2023-12 (Q4)",
      "revenue": 13711000000,
      "gross_profit": null,
      "operating_income": 3267000000,
      "net_income": 1058000000,
      "opex": 8290000000,
      "cogs": null,
      "rd": null,
      "sga": null,
      "fcf": 999000000,
      "ocf": 3855000000,
      "capex": -2856000000,
      "gross_margin": null,
      "op_margin": 0.2382758369192619,
      "fcf_margin": 0.0728612063306834,
      "incr_op_margin_yoy": 6.135135135135135,
      "rev_growth_yoy": 0.002705865145531666,
      "rev_growth_yoy_accel": 0.00019664005328074363,
      "fcf_margin_change": 0.000496659805359484
    },
    {
      "date": "2024-03-31T00:00:00",
      "quarter_label": "2024-03 (Q1)",
      "revenue": 13679000000,
      "gross_profit": null,
      "operating_income": 3131000000,
      "net_income": 1106000000,
      "opex": 8396000000,
      "cogs": null,
      "rd": null,
      "sga": null,
      "fcf": 421000000,
      "ocf": 3212000000,
      "capex": -2791000000,
      "gross_margin": null,
      "op_margin": 0.22889100080415234,
      "fcf_margin": 0.03077710358944367,
      "incr_op_margin_yoy": 7.884615384615385,
      "rev_growth_yoy": 0.001904343367758002,
      "rev_growth_yoy_accel": -0.0008015217777736642,
      "fcf_margin_change": -0.04208410274123972
    },
    {
      "date": "2024-06-30T00:00:00",
      "quarter_label": "2024-06 (Q2)",
      "revenue": 13685000000,
      "gross_profit": null,
      "operating_income": 3263000000,
      "net_income": 1231000000,
      "opex": 8173000000,
      "cogs": null,
      "rd": null,
      "sga": null,
      "fcf": 1000000000,
      "ocf": 3853000000,
      "capex": -2853000000,
      "gross_margin": null,
      "op_margin": 0.23843624406284253,
      "fcf_margin": 0.0730727073438071,
      "incr_op_margin_yoy": 0.8846153846153846,
      "rev_growth_yoy": 0.001903506845303463,
      "rev_growth_yoy_accel": -8.365224545389856e-07,
      "fcf_margin_change": 0.04229560375436342
    },
    {
      "date": "2024-09-30T00:00:00",
      "quarter_label": "2024-09 (Q3)",
      "revenue": 13795000000,
      "gross_profit": null,
      "operating_income": 3335000000,
      "net_income": 1280000000,
      "opex": 8294000000,
      "cogs": null,
      "rd": null,
      "sga": null,
      "fcf": 1342000000,
      "ocf": 3905000000,
      "capex": -2563000000,
      "gross_margin": null,
      "op_margin": 0.24175425878941645,
      "fcf_margin": 0.0972816237767307,
      "incr_op_margin_yoy": 0.990521327014218,
      "rev_growth_yoy": 0.015532979976442873,
      "rev_growth_yoy_accel": 0.01362947313113941,
      "fcf_margin_change": 0.02420891643292361
    },
    {
      "date": "2024-12-31T00:00:00",
      "quarter_label": "2024-12 (Q4)",
      "revenue": 13926000000,
      "gross_profit": null,
      "operating_income": 3389000000,
      "net_income": 1466000000,
      "opex": 8304000000,
      "cogs": null,
      "rd": null,
      "sga": null,
      "fcf": 398000000,
      "ocf": 3460000000,
      "capex": -3062000000,
      "gross_margin": null,
      "op_margin": 0.2433577480970846,
      "fcf_margin": 0.028579635214706304,
      "incr_op_margin_yoy": 0.5674418604651162,
      "rev_growth_yoy": 0.015680840201298226,
      "rev_growth_yoy_accel": 0.00014786022485535275,
      "fcf_margin_change": -0.0687019885620244
    },
    {
      "date": "2025-03-31T00:00:00",
      "quarter_label": "2025-03 (Q1)",
      "revenue": 13735000000,
      "gross_profit": null,
      "operating_income": 3237000000,
      "net_income": 1217000000,
      "opex": 8194000000,
      "cogs": null,
      "rd": null,
      "sga": null,
      "fcf": 1837000000,
      "ocf": 4236000000,
      "capex": -2399000000,
      "gross_margin": null,
      "op_margin": 0.2356752821259556,
      "fcf_margin": 0.13374590462322533,
      "incr_op_margin_yoy": 1.8928571428571428,
      "rev_growth_yoy": 0.0040938665107098475,
      "rev_growth_yoy_accel": -0.011586973690588379,
      "fcf_margin_change": 0.10516626940851903
    },
    {
      "date": "2025-06-30T00:00:00",
      "quarter_label": "2025-06 (Q2)",
      "revenue": 13766000000,
      "gross_profit": null,
      "operating_income": 3279000000,
      "net_income": 1301000000,
      "opex": 8230000000,
      "cogs": null,
      "rd": null,
      "sga": null,
      "fcf": 726000000,
      "ocf": 3600000000,
      "capex": -2874000000,
      "gross_margin": null,
      "op_margin": 0.238195554264129,
      "fcf_margin": 0.05273863141072207,
      "incr_op_margin_yoy": 0.19753086419753085,
      "rev_growth_yoy": 0.005918889294848374,
      "rev_growth_yoy_accel": 0.0018250227841385266,
      "fcf_margin_change": -0.08100727321250326
    },
    {
      "date": "2025-09-30T00:00:00",
      "quarter_label": "2025-09 (Q3)",
      "revenue": 13672000000,
      "gross_profit": null,
      "operating_income": 3131000000,
      "net_income": 1137000000,
      "opex": 8262000000,
      "cogs": null,
      "rd": null,
      "sga": null,
      "fcf": 1429000000,
      "ocf": 4480000000,
      "capex": -3051000000,
      "gross_margin": null,
      "op_margin": 0.2290081919251024,
      "fcf_margin": 0.10452018724400235,
      "incr_op_margin_yoy": 1.6585365853658536,
      "rev_growth_yoy": -0.008916274012323306,
      "rev_growth_yoy_accel": -0.014835163307171679,
      "fcf_margin_change": 0.05178155583328028
    },
    {
      "date": "2025-12-31T00:00:00",
      "quarter_label": "2025-12 (Q4)",
      "revenue": 13601000000,
      "gross_profit": null,
      "operating_income": 3261000000,
      "net_income": 1332000000,
      "opex": 8053000000,
      "cogs": null,
      "rd": null,
      "sga": null,
      "fcf": 426000000,
      "ocf": 3761000000,
      "capex": -3335000000,
      "gross_margin": null,
      "op_margin": 0.23976178222189545,
      "fcf_margin": 0.0313212263804132,
      "incr_op_margin_yoy": 0.39384615384615385,
      "rev_growth_yoy": -0.023337641821054144,
      "rev_growth_yoy_accel": -0.014421367808730838,
      "fcf_margin_change": -0.07319896086358915
    }
  ],
  "signals": [
    {
      "quarter": "2025-12 (Q4)",
      "signal": "INCREMENTAL MARGIN (YoY)",
      "detail": "YoY Incr OPM: +39.4% vs year-ago OPM: +24.3%",
      "severity": "MEDIUM"
    },
    {
      "quarter": "2025-09 (Q3)",
      "signal": "FCF MARGIN EXPANSION",
      "detail": "FCF margin: +5.3% -> +10.5% (+5.2%)",
      "severity": "MEDIUM"
    },
    {
      "quarter": "2025-09 (Q3)",
      "signal": "INCREMENTAL MARGIN (YoY)",
      "detail": "YoY Incr OPM: +165.9% vs year-ago OPM: +24.2%",
      "severity": "HIGH"
    },
    {
      "quarter": "2025-03 (Q1)",
      "signal": "FCF MARGIN EXPANSION",
      "detail": "FCF margin: +2.9% -> +13.4% (+10.5%)",
      "severity": "MEDIUM"
    },
    {
      "quarter": "2025-03 (Q1)",
      "signal": "INCREMENTAL MARGIN (YoY)",
      "detail": "YoY Incr OPM: +189.3% vs year-ago OPM: +22.9%",
      "severity": "HIGH"
    },
    {
      "quarter": "2024-12 (Q4)",
      "signal": "INCREMENTAL MARGIN (YoY)",
      "detail": "YoY Incr OPM: +56.7% vs year-ago OPM: +23.8%",
      "severity": "HIGH"
    },
    {
      "quarter": "2024-09 (Q3)",
      "signal": "INCREMENTAL MARGIN (YoY)",
      "detail": "YoY Incr OPM: +99.1% vs year-ago OPM: +23.0%",
      "severity": "HIGH"
    },
    {
      "quarter": "2024-06 (Q2)",
      "signal": "INCREMENTAL MARGIN (YoY)",
      "detail": "YoY Incr OPM: +88.5% vs year-ago OPM: +23.7%",
      "severity": "HIGH"
    },
    {
      "quarter": "2024-03 (Q1)",
      "signal": "INCREMENTAL MARGIN (YoY)",
      "detail": "YoY Incr OPM: +788.5% vs year-ago OPM: +21.4%",
      "severity": "HIGH"
    },
    {
      "quarter": "2023-12 (Q4)",
      "signal": "INCREMENTAL MARGIN (YoY)",
      "detail": "YoY Incr OPM: +613.5% vs year-ago OPM: +22.2%",
      "severity": "HIGH"
    },
    {
      "quarter": "2023-09 (Q3)",
      "signal": "INCREMENTAL MARGIN (YoY)",
      "detail": "YoY Incr OPM: +594.1% vs year-ago OPM: +21.6%",
      "severity": "HIGH"
    },
    {
      "quarter": "2023-03 (Q1)",
      "signal": "INCREMENTAL MARGIN (YoY)",
      "detail": "YoY Incr OPM: +34.2% vs year-ago OPM: +21.0%",
      "severity": "MEDIUM"
    },
    {
      "quarter": "2022-06 (Q2)",
      "signal": "OPERATING LEVERAGE",
      "detail": "Rev growth +3.0% vs OpEx growth +0.7% (leverage: 4.2x)",
      "severity": "MEDIUM"
    },
    {
      "quarter": "2022-06 (Q2)",
      "signal": "INCREMENTAL MARGIN (YoY)",
      "detail": "YoY Incr OPM: +81.9% vs year-ago OPM: +20.1%",
      "severity": "HIGH"
    },
    {
      "quarter": "2022-03 (Q1)",
      "signal": "INCREMENTAL MARGIN (YoY)",
      "detail": "YoY Incr OPM: +103.7% vs year-ago OPM: +16.5%",
      "severity": "HIGH"
    },
    {
      "quarter": "2021-09 (Q3)",
      "signal": "OPERATING LEVERAGE",
      "detail": "Rev growth +2.7% vs OpEx growth +1.0% (leverage: 2.8x)",
      "severity": "MEDIUM"
    }
  ],
  "data_quality": {
    "n_quarters": 20,
    "coverage": {
      "revenue": [
        20,
        20
      ],
      "gross_profit": [
        0,
        20
      ],
      "op_income": [
        20,
        20
      ],
      "fcf": [
        20,
        20
      ]
    },
    "gaps": [],
    "warnings": [
      "gross_profit: no data"
    ]
  },
  "market_cap": null,
  "source": "SEC EDGAR",
  "last_updated": "2026-02-03T16:23:17.971142"
}