{
  "ticker": "CHUC",
  "name": "CHARLIE\u2019S HOLDINGS, INC.",
  "quarters": [
    {
      "date": "2020-12-31T00:00:00",
      "quarter_label": "2020-12 (Q4)",
      "revenue": 4230000,
      "gross_profit": 2113000,
      "operating_income": -740000,
      "net_income": 4197000,
      "opex": 4970000,
      "cogs": 2117000,
      "rd": 6000,
      "sga": null,
      "fcf": 213000,
      "ocf": 229000,
      "capex": -16000,
      "gross_margin": 0.4995271867612293,
      "op_margin": -0.17494089834515367,
      "fcf_margin": 0.05035460992907802
    },
    {
      "date": "2021-03-31T00:00:00",
      "quarter_label": "2021-03 (Q1)",
      "revenue": 4361000,
      "gross_profit": 2418000,
      "operating_income": -229000,
      "net_income": -20137000,
      "opex": 4590000,
      "cogs": 1943000,
      "rd": 9000,
      "sga": null,
      "fcf": 249000,
      "ocf": 268000,
      "capex": -19000,
      "gross_margin": 0.5544599862416877,
      "op_margin": -0.052510891997248337,
      "fcf_margin": 0.05709699610181151,
      "op_leverage_ratio": Infinity,
      "fcf_margin_change": 0.00674238617273349
    },
    {
      "date": "2021-06-30T00:00:00",
      "quarter_label": "2021-06 (Q2)",
      "revenue": 5433000,
      "gross_profit": 2639000,
      "operating_income": -168000,
      "net_income": 19764000,
      "opex": 5601000,
      "cogs": 2794000,
      "rd": 0,
      "sga": null,
      "fcf": -614000,
      "ocf": -593000,
      "capex": -21000,
      "gross_margin": 0.4857353211853488,
      "op_margin": -0.030922142462727776,
      "fcf_margin": -0.11301306828639794,
      "op_leverage_ratio": 1.1160155056588035,
      "fcf_margin_change": -0.17011006438820944
    },
    {
      "date": "2021-09-30T00:00:00",
      "quarter_label": "2021-09 (Q3)",
      "revenue": 5219000,
      "gross_profit": null,
      "operating_income": 378000,
      "net_income": 3107000,
      "opex": 4841000,
      "cogs": null,
      "rd": 5000,
      "sga": null,
      "fcf": -688000,
      "ocf": -655000,
      "capex": -33000,
      "gross_margin": null,
      "op_margin": 0.07242766813565817,
      "fcf_margin": -0.1318260203104043,
      "fcf_margin_change": -0.01881295202400636
    },
    {
      "date": "2021-12-31T00:00:00",
      "quarter_label": "2021-12 (Q4)",
      "revenue": 6483000,
      "gross_profit": null,
      "operating_income": 584000,
      "net_income": 2074000,
      "opex": 5899000,
      "cogs": null,
      "rd": 10000,
      "sga": null,
      "fcf": -404000,
      "ocf": -367000,
      "capex": -37000,
      "gross_margin": null,
      "op_margin": 0.09008175227518124,
      "fcf_margin": -0.062316828628721274,
      "incr_op_margin_yoy": 0.5876608965823347,
      "rev_growth_yoy": 0.5326241134751774,
      "op_leverage_ratio": 1.1081771526243176,
      "fcf_margin_change": 0.06950919168168303
    },
    {
      "date": "2022-03-31T00:00:00",
      "quarter_label": "2022-03 (Q1)",
      "revenue": 8074000,
      "gross_profit": null,
      "operating_income": 367000,
      "net_income": 706000,
      "opex": 7707000,
      "cogs": null,
      "rd": 11000,
      "sga": null,
      "fcf": -457000,
      "ocf": -372000,
      "capex": -85000,
      "gross_margin": null,
      "op_margin": 0.045454545454545456,
      "fcf_margin": -0.056601436710428533,
      "incr_op_margin_yoy": 0.16051710207379477,
      "rev_growth_yoy": 0.8514102270121532,
      "rev_growth_yoy_accel": 0.31878611353697583,
      "op_leverage_ratio": 0.8007079270631563,
      "fcf_margin_change": 0.005715391918292741
    },
    {
      "date": "2022-06-30T00:00:00",
      "quarter_label": "2022-06 (Q2)",
      "revenue": 7397000,
      "gross_profit": null,
      "operating_income": -562000,
      "net_income": -636000,
      "opex": 7959000,
      "cogs": null,
      "rd": 744000,
      "sga": null,
      "fcf": -921000,
      "ocf": -904000,
      "capex": -17000,
      "gross_margin": null,
      "op_margin": -0.07597674732999865,
      "fcf_margin": -0.12450993646072732,
      "incr_op_margin_yoy": -0.20061099796334012,
      "rev_growth_yoy": 0.36149457021903186,
      "rev_growth_yoy_accel": -0.4899156567931213,
      "fcf_margin_change": -0.06790849975029878
    },
    {
      "date": "2022-09-30T00:00:00",
      "quarter_label": "2022-09 (Q3)",
      "revenue": 6427000,
      "gross_profit": null,
      "operating_income": 46000,
      "net_income": 241000,
      "opex": 6381000,
      "cogs": null,
      "rd": 9000,
      "sga": null,
      "fcf": -322000,
      "ocf": -246000,
      "capex": -76000,
      "gross_margin": null,
      "op_margin": 0.007157305119029096,
      "fcf_margin": -0.05010113583320367,
      "incr_op_margin_yoy": -0.27483443708609273,
      "rev_growth_yoy": 0.2314619658938494,
      "rev_growth_yoy_accel": -0.13003260432518246,
      "fcf_margin_change": 0.07440880062752364
    },
    {
      "date": "2022-12-31T00:00:00",
      "quarter_label": "2022-12 (Q4)",
      "revenue": 4526000,
      "gross_profit": null,
      "operating_income": -1669000,
      "net_income": -1903000,
      "opex": 6195000,
      "cogs": null,
      "rd": 40000,
      "sga": null,
      "fcf": -209000,
      "ocf": -198000,
      "capex": -11000,
      "gross_margin": null,
      "op_margin": -0.3687582854617764,
      "fcf_margin": -0.04617764030048608,
      "incr_op_margin_yoy": 1.1512519161982626,
      "rev_growth_yoy": -0.30186641986734536,
      "rev_growth_yoy_accel": -0.5333283857611948,
      "fcf_margin_change": 0.003923495532717591
    },
    {
      "date": "2023-03-31T00:00:00",
      "quarter_label": "2023-03 (Q1)",
      "revenue": 4030000,
      "gross_profit": null,
      "operating_income": -1517000,
      "net_income": -1390000,
      "opex": 5547000,
      "cogs": null,
      "rd": 52000,
      "sga": null,
      "fcf": -241000,
      "ocf": -241000,
      "capex": null,
      "gross_margin": null,
      "op_margin": -0.3764267990074442,
      "fcf_margin": -0.0598014888337469,
      "incr_op_margin_yoy": 0.4658753709198813,
      "rev_growth_yoy": -0.5008669804310131,
      "rev_growth_yoy_accel": -0.19900056056366772,
      "fcf_margin_change": -0.013623848533260818
    },
    {
      "date": "2023-06-30T00:00:00",
      "quarter_label": "2023-06 (Q2)",
      "revenue": 3970000,
      "gross_profit": null,
      "operating_income": 42000,
      "net_income": 32000,
      "opex": 4012000,
      "cogs": null,
      "rd": 39000,
      "sga": null,
      "fcf": 365000,
      "ocf": 365000,
      "capex": null,
      "gross_margin": null,
      "op_margin": 0.01057934508816121,
      "fcf_margin": 0.09193954659949623,
      "incr_op_margin_yoy": -0.17624744674642545,
      "rev_growth_yoy": -0.4632959307827498,
      "rev_growth_yoy_accel": 0.0375710496482633,
      "fcf_margin_change": 0.15174103543324313
    },
    {
      "date": "2023-09-30T00:00:00",
      "quarter_label": "2023-09 (Q3)",
      "revenue": 2706000,
      "gross_profit": null,
      "operating_income": -742000,
      "net_income": -708000,
      "opex": 3448000,
      "cogs": null,
      "rd": 41000,
      "sga": null,
      "fcf": -860000,
      "ocf": -860000,
      "capex": null,
      "gross_margin": null,
      "op_margin": -0.27420546932742057,
      "fcf_margin": -0.3178122690317812,
      "incr_op_margin_yoy": 0.21177102929320074,
      "rev_growth_yoy": -0.5789637466936363,
      "rev_growth_yoy_accel": -0.11566781591088648,
      "fcf_margin_change": -0.40975181563127744
    },
    {
      "date": "2023-12-31T00:00:00",
      "quarter_label": "2023-12 (Q4)",
      "revenue": 5544000,
      "gross_profit": null,
      "operating_income": 99000,
      "net_income": -27000,
      "opex": 5445000,
      "cogs": null,
      "rd": 37000,
      "sga": null,
      "fcf": -47000,
      "ocf": -47000,
      "capex": null,
      "gross_margin": null,
      "op_margin": 0.017857142857142856,
      "fcf_margin": -0.008477633477633478,
      "incr_op_margin_yoy": 1.7367387033398822,
      "rev_growth_yoy": 0.22492266902342023,
      "rev_growth_yoy_accel": 0.8038864157170564,
      "op_leverage_ratio": 1.810813781648082,
      "fcf_margin_change": 0.30933463555414775
    },
    {
      "date": "2024-03-31T00:00:00",
      "quarter_label": "2024-03 (Q1)",
      "revenue": 3051000,
      "gross_profit": null,
      "operating_income": -941000,
      "net_income": -1045000,
      "opex": 3992000,
      "cogs": null,
      "rd": 6000,
      "sga": null,
      "fcf": -431000,
      "ocf": -431000,
      "capex": null,
      "gross_margin": null,
      "op_margin": -0.3084234677155031,
      "fcf_margin": -0.141265158964274,
      "rev_growth_yoy": -0.24292803970223326,
      "rev_growth_yoy_accel": -0.4678507087256535,
      "fcf_margin_change": -0.13278752548664052
    },
    {
      "date": "2024-06-30T00:00:00",
      "quarter_label": "2024-06 (Q2)",
      "revenue": 2043000,
      "gross_profit": null,
      "operating_income": -736000,
      "net_income": -967000,
      "opex": 2779000,
      "cogs": null,
      "rd": null,
      "sga": null,
      "fcf": 131000,
      "ocf": 131000,
      "capex": null,
      "gross_margin": null,
      "op_margin": -0.3602545276554087,
      "fcf_margin": 0.06412139011257954,
      "incr_op_margin_yoy": 0.4037363777893098,
      "rev_growth_yoy": -0.4853904282115869,
      "rev_growth_yoy_accel": -0.24246238850935364,
      "fcf_margin_change": 0.20538654907685355
    },
    {
      "date": "2024-09-30T00:00:00",
      "quarter_label": "2024-09 (Q3)",
      "revenue": 1624000,
      "gross_profit": 630000,
      "operating_income": -876000,
      "net_income": -1022000,
      "opex": 2500000,
      "cogs": 994000,
      "rd": null,
      "sga": null,
      "fcf": -944000,
      "ocf": -944000,
      "capex": null,
      "gross_margin": 0.3879310344827586,
      "op_margin": -0.5394088669950738,
      "fcf_margin": -0.5812807881773399,
      "incr_op_margin_yoy": 0.12384473197781885,
      "rev_growth_yoy": -0.3998521803399852,
      "rev_growth_yoy_accel": 0.08553824787160169,
      "fcf_margin_change": -0.6454021782899194
    },
    {
      "date": "2024-12-31T00:00:00",
      "quarter_label": "2024-12 (Q4)",
      "revenue": 1776000,
      "gross_profit": null,
      "operating_income": -899000,
      "net_income": -1125000,
      "opex": 2675000,
      "cogs": null,
      "rd": null,
      "sga": null,
      "fcf": -377000,
      "ocf": -377000,
      "capex": null,
      "gross_margin": null,
      "op_margin": -0.5061936936936937,
      "fcf_margin": -0.21227477477477477,
      "incr_op_margin_yoy": 0.2648619957537155,
      "rev_growth_yoy": -0.6796536796536796,
      "rev_growth_yoy_accel": -0.2798014993136944,
      "op_leverage_ratio": 1.3370865587614353,
      "fcf_margin_change": 0.3690060134025651
    },
    {
      "date": "2025-03-31T00:00:00",
      "quarter_label": "2025-03 (Q1)",
      "revenue": 2306000,
      "gross_profit": null,
      "operating_income": -826000,
      "net_income": -1217000,
      "opex": 3132000,
      "cogs": null,
      "rd": null,
      "sga": null,
      "fcf": -409000,
      "ocf": -409000,
      "capex": null,
      "gross_margin": null,
      "op_margin": -0.35819601040763227,
      "fcf_margin": -0.17736339982653945,
      "rev_growth_yoy": -0.2441822353326778,
      "rev_growth_yoy_accel": 0.4354714443210018,
      "op_leverage_ratio": 1.7467891852465158,
      "fcf_margin_change": 0.03491137494823532
    },
    {
      "date": "2025-06-30T00:00:00",
      "quarter_label": "2025-06 (Q2)",
      "revenue": 2544000,
      "gross_profit": null,
      "operating_income": -877000,
      "net_income": 4961000,
      "opex": 3421000,
      "cogs": null,
      "rd": null,
      "sga": null,
      "fcf": 6581000,
      "ocf": 6581000,
      "capex": null,
      "gross_margin": null,
      "op_margin": -0.34473270440251574,
      "fcf_margin": 2.58687106918239,
      "rev_growth_yoy": 0.24522760646108663,
      "rev_growth_yoy_accel": 0.48940984179376446,
      "op_leverage_ratio": 1.1185143615121678,
      "fcf_margin_change": 2.7642344690089296
    },
    {
      "date": "2025-09-30T00:00:00",
      "quarter_label": "2025-09 (Q3)",
      "revenue": 7084000,
      "gross_profit": 1762000,
      "operating_income": -339000,
      "net_income": 624000,
      "opex": 2101000,
      "cogs": 5322000,
      "rd": null,
      "sga": null,
      "fcf": -12344000,
      "ocf": -12344000,
      "capex": null,
      "gross_margin": 0.24872953133822698,
      "op_margin": -0.04785431959345003,
      "fcf_margin": -1.7425183512140034,
      "incr_op_margin_yoy": 0.09835164835164835,
      "rev_growth_yoy": 3.3620689655172415,
      "rev_growth_yoy_accel": 3.116841359056155,
      "op_leverage_ratio": Infinity,
      "fcf_margin_change": -4.329389420396393
    }
  ],
  "signals": [
    {
      "quarter": "2025-09 (Q3)",
      "signal": "YoY REVENUE GROWTH ACCELERATION",
      "detail": "YoY growth: +336.2% vs prior quarter YoY: +24.5% (accel: +311.7%)",
      "severity": "HIGH"
    },
    {
      "quarter": "2025-06 (Q2)",
      "signal": "FCF TURNED POSITIVE",
      "detail": "FCF margin: -17.7% -> +258.7%",
      "severity": "HIGH"
    },
    {
      "quarter": "2025-06 (Q2)",
      "signal": "YoY REVENUE GROWTH ACCELERATION",
      "detail": "YoY growth: +24.5% vs prior quarter YoY: -24.4% (accel: +48.9%)",
      "severity": "HIGH"
    },
    {
      "quarter": "2025-03 (Q1)",
      "signal": "OPERATING LEVERAGE",
      "detail": "Rev growth +29.8% vs OpEx growth +17.1% (leverage: 1.7x)",
      "severity": "MEDIUM"
    },
    {
      "quarter": "2025-03 (Q1)",
      "signal": "YoY REVENUE GROWTH ACCELERATION",
      "detail": "YoY growth: -24.4% vs prior quarter YoY: -68.0% (accel: +43.5%)",
      "severity": "HIGH"
    },
    {
      "quarter": "2024-12 (Q4)",
      "signal": "FCF MARGIN EXPANSION",
      "detail": "FCF margin: -58.1% -> -21.2% (+36.9%)",
      "severity": "MEDIUM"
    },
    {
      "quarter": "2024-12 (Q4)",
      "signal": "YoY REVENUE GROWTH DECELERATION",
      "detail": "YoY growth: -68.0% vs prior quarter YoY: -40.0% (decel: -28.0%)",
      "severity": "WARNING"
    },
    {
      "quarter": "2024-09 (Q3)",
      "signal": "YoY REVENUE GROWTH ACCELERATION",
      "detail": "YoY growth: -40.0% vs prior quarter YoY: -48.5% (accel: +8.6%)",
      "severity": "MEDIUM"
    },
    {
      "quarter": "2024-06 (Q2)",
      "signal": "FCF TURNED POSITIVE",
      "detail": "FCF margin: -14.1% -> +6.4%",
      "severity": "HIGH"
    },
    {
      "quarter": "2024-06 (Q2)",
      "signal": "YoY REVENUE GROWTH DECELERATION",
      "detail": "YoY growth: -48.5% vs prior quarter YoY: -24.3% (decel: -24.2%)",
      "severity": "WARNING"
    },
    {
      "quarter": "2024-03 (Q1)",
      "signal": "YoY REVENUE GROWTH DECELERATION",
      "detail": "YoY growth: -24.3% vs prior quarter YoY: +22.5% (decel: -46.8%)",
      "severity": "WARNING"
    },
    {
      "quarter": "2023-12 (Q4)",
      "signal": "FCF MARGIN EXPANSION",
      "detail": "FCF margin: -31.8% -> -0.8% (+30.9%)",
      "severity": "MEDIUM"
    },
    {
      "quarter": "2023-12 (Q4)",
      "signal": "OPERATING LEVERAGE",
      "detail": "Rev growth +104.9% vs OpEx growth +57.9% (leverage: 1.8x)",
      "severity": "MEDIUM"
    },
    {
      "quarter": "2023-12 (Q4)",
      "signal": "YoY REVENUE GROWTH ACCELERATION",
      "detail": "YoY growth: +22.5% vs prior quarter YoY: -57.9% (accel: +80.4%)",
      "severity": "HIGH"
    },
    {
      "quarter": "2023-12 (Q4)",
      "signal": "OP MARGIN TURNED POSITIVE (YoY)",
      "detail": "Op margin: -36.9% (year-ago) -> +1.8%",
      "severity": "HIGH"
    },
    {
      "quarter": "2023-12 (Q4)",
      "signal": "OP MARGIN TURNED POSITIVE (QoQ)",
      "detail": "Op margin: -27.4% -> +1.8%",
      "severity": "HIGH"
    },
    {
      "quarter": "2023-09 (Q3)",
      "signal": "YoY REVENUE GROWTH DECELERATION",
      "detail": "YoY growth: -57.9% vs prior quarter YoY: -46.3% (decel: -11.6%)",
      "severity": "WARNING"
    },
    {
      "quarter": "2023-06 (Q2)",
      "signal": "FCF TURNED POSITIVE",
      "detail": "FCF margin: -6.0% -> +9.2%",
      "severity": "HIGH"
    },
    {
      "quarter": "2023-06 (Q2)",
      "signal": "OP MARGIN TURNED POSITIVE (YoY)",
      "detail": "Op margin: -7.6% (year-ago) -> +1.1%",
      "severity": "HIGH"
    },
    {
      "quarter": "2023-06 (Q2)",
      "signal": "OP MARGIN TURNED POSITIVE (QoQ)",
      "detail": "Op margin: -37.6% -> +1.1%",
      "severity": "HIGH"
    },
    {
      "quarter": "2023-03 (Q1)",
      "signal": "YoY REVENUE GROWTH DECELERATION",
      "detail": "YoY growth: -50.1% vs prior quarter YoY: -30.2% (decel: -19.9%)",
      "severity": "WARNING"
    },
    {
      "quarter": "2022-12 (Q4)",
      "signal": "YoY REVENUE GROWTH DECELERATION",
      "detail": "YoY growth: -30.2% vs prior quarter YoY: +23.1% (decel: -53.3%)",
      "severity": "WARNING"
    },
    {
      "quarter": "2022-09 (Q3)",
      "signal": "FCF MARGIN EXPANSION",
      "detail": "FCF margin: -12.5% -> -5.0% (+7.4%)",
      "severity": "MEDIUM"
    },
    {
      "quarter": "2022-09 (Q3)",
      "signal": "YoY REVENUE GROWTH DECELERATION",
      "detail": "YoY growth: +23.1% vs prior quarter YoY: +36.1% (decel: -13.0%)",
      "severity": "WARNING"
    },
    {
      "quarter": "2022-09 (Q3)",
      "signal": "OP MARGIN TURNED POSITIVE (QoQ)",
      "detail": "Op margin: -7.6% -> +0.7%",
      "severity": "HIGH"
    },
    {
      "quarter": "2022-06 (Q2)",
      "signal": "YoY REVENUE GROWTH DECELERATION",
      "detail": "YoY growth: +36.1% vs prior quarter YoY: +85.1% (decel: -49.0%)",
      "severity": "WARNING"
    },
    {
      "quarter": "2022-03 (Q1)",
      "signal": "YoY REVENUE GROWTH ACCELERATION",
      "detail": "YoY growth: +85.1% vs prior quarter YoY: +53.3% (accel: +31.9%)",
      "severity": "HIGH"
    },
    {
      "quarter": "2022-03 (Q1)",
      "signal": "OP MARGIN TURNED POSITIVE (YoY)",
      "detail": "Op margin: -5.3% (year-ago) -> +4.5%",
      "severity": "HIGH"
    },
    {
      "quarter": "2021-12 (Q4)",
      "signal": "FCF MARGIN EXPANSION",
      "detail": "FCF margin: -13.2% -> -6.2% (+7.0%)",
      "severity": "MEDIUM"
    },
    {
      "quarter": "2021-12 (Q4)",
      "signal": "OP MARGIN TURNED POSITIVE (YoY)",
      "detail": "Op margin: -17.5% (year-ago) -> +9.0%",
      "severity": "HIGH"
    },
    {
      "quarter": "2021-09 (Q3)",
      "signal": "OP MARGIN TURNED POSITIVE (QoQ)",
      "detail": "Op margin: -3.1% -> +7.2%",
      "severity": "HIGH"
    }
  ],
  "data_quality": {
    "n_quarters": 20,
    "coverage": {
      "revenue": [
        20,
        20
      ],
      "gross_profit": [
        5,
        20
      ],
      "op_income": [
        20,
        20
      ],
      "fcf": [
        20,
        20
      ]
    },
    "gaps": [],
    "warnings": [
      "gross_profit: 5/20Q"
    ]
  },
  "market_cap": null,
  "source": "SEC EDGAR",
  "last_updated": "2026-02-02T23:28:54.258232",
  "sector": "Consumer Defensive",
  "industry": "Tobacco"
}