{
  "ticker": "CHWY",
  "name": "CHEWY, INC.",
  "quarters": [
    {
      "date": "2021-01-31T00:00:00",
      "quarter_label": "2021-01 (Q1)",
      "revenue": 2043012000,
      "gross_profit": 554184000,
      "operating_income": 21601000,
      "net_income": 21048000,
      "opex": 532583000,
      "cogs": 1488828000,
      "rd": null,
      "sga": 382481000,
      "fcf": 77467000,
      "ocf": 77467000,
      "capex": null,
      "gross_margin": 0.27125831860018446,
      "op_margin": 0.010573114597466878,
      "fcf_margin": 0.03791803474477879
    },
    {
      "date": "2021-05-02T00:00:00",
      "quarter_label": "2021-05 (Q2)",
      "revenue": 2135178000,
      "gross_profit": 589776000,
      "operating_income": 39121000,
      "net_income": 38719000,
      "opex": 550655000,
      "cogs": 1545402000,
      "rd": null,
      "sga": 406220000,
      "fcf": 98366000,
      "ocf": 98366000,
      "capex": null,
      "gross_margin": 0.27621865717986976,
      "op_margin": 0.01832212583681548,
      "fcf_margin": 0.04606922701526524,
      "op_leverage_ratio": 1.3294772306393572,
      "fcf_margin_change": 0.008151192270486447
    },
    {
      "date": "2021-08-01T00:00:00",
      "quarter_label": "2021-08 (Q3)",
      "revenue": 2155036000,
      "gross_profit": 593454000,
      "operating_income": -16186000,
      "net_income": -16686000,
      "opex": 609640000,
      "cogs": 1561582000,
      "rd": null,
      "sga": 437672000,
      "fcf": 85085000,
      "ocf": 85085000,
      "capex": null,
      "gross_margin": 0.2753800864579524,
      "op_margin": -0.007510779402293047,
      "fcf_margin": 0.03948193904881404,
      "fcf_margin_change": -0.006587287966451201
    },
    {
      "date": "2021-10-31T00:00:00",
      "quarter_label": "2021-10 (Q4)",
      "revenue": 2212161000,
      "gross_profit": 584841000,
      "operating_income": -31928000,
      "net_income": -32241000,
      "opex": 616769000,
      "cogs": 1627320000,
      "rd": null,
      "sga": 466434000,
      "fcf": 74255000,
      "ocf": 74255000,
      "capex": null,
      "gross_margin": 0.2643754229461599,
      "op_margin": -0.014432945884137727,
      "fcf_margin": 0.033566725025890976,
      "op_leverage_ratio": 2.2668173253284505,
      "fcf_margin_change": -0.005915214022923061
    },
    {
      "date": "2022-01-30T00:00:00",
      "quarter_label": "2022-01 (Q1)",
      "revenue": 2388398000,
      "gross_profit": 605511000,
      "operating_income": -63185000,
      "net_income": -63609000,
      "opex": 668696000,
      "cogs": 1782887000,
      "rd": null,
      "sga": 516532000,
      "fcf": -65963000,
      "ocf": -65963000,
      "capex": null,
      "gross_margin": 0.2535218167156395,
      "op_margin": -0.02645497107266042,
      "fcf_margin": -0.027618093801786803,
      "incr_op_margin_yoy": -0.2454818666651225,
      "rev_growth_yoy": 0.169057254680834,
      "op_leverage_ratio": 0.9462582182206782,
      "fcf_margin_change": -0.061184818827677775
    },
    {
      "date": "2022-05-01T00:00:00",
      "quarter_label": "2022-05 (Q2)",
      "revenue": 2428327000,
      "gross_profit": 667820000,
      "operating_income": 18816000,
      "net_income": 18472000,
      "opex": 649004000,
      "cogs": 1760507000,
      "rd": null,
      "sga": 504283000,
      "fcf": 82433000,
      "ocf": 82433000,
      "capex": null,
      "gross_margin": 0.27501238507005027,
      "op_margin": 0.007748544574103899,
      "fcf_margin": 0.03394641660698909,
      "incr_op_margin_yoy": -0.06926511773876083,
      "rev_growth_yoy": 0.1372948765864017,
      "rev_growth_yoy_accel": -0.0317623780944323,
      "op_leverage_ratio": Infinity,
      "fcf_margin_change": 0.06156451040877589
    },
    {
      "date": "2022-07-31T00:00:00",
      "quarter_label": "2022-07 (Q3)",
      "revenue": 2431011000,
      "gross_profit": 682797000,
      "operating_income": 21655000,
      "net_income": 22345000,
      "opex": 661142000,
      "cogs": 1748214000,
      "rd": null,
      "sga": 516983000,
      "fcf": 49172000,
      "ocf": 49172000,
      "capex": null,
      "gross_margin": 0.2808695641443005,
      "op_margin": 0.008907816542171139,
      "fcf_margin": 0.020226975525820326,
      "incr_op_margin_yoy": 0.13711749252649696,
      "rev_growth_yoy": 0.12806050571776992,
      "rev_growth_yoy_accel": -0.00923437086863177,
      "fcf_margin_change": -0.013719441081168765
    },
    {
      "date": "2022-10-30T00:00:00",
      "quarter_label": "2022-10 (Q4)",
      "revenue": 2532122000,
      "gross_profit": 720177000,
      "operating_income": -434000,
      "net_income": 2311000,
      "opex": 720611000,
      "cogs": 1811945000,
      "rd": null,
      "sga": 543532000,
      "fcf": 117415000,
      "ocf": 117415000,
      "capex": null,
      "gross_margin": 0.284416390679438,
      "op_margin": -0.00017139774465843273,
      "fcf_margin": 0.04637019859232691,
      "incr_op_margin_yoy": 0.09843074624719887,
      "rev_growth_yoy": 0.1446373026194748,
      "rev_growth_yoy_accel": 0.016576796901704882,
      "op_leverage_ratio": 0.4623976233297835,
      "fcf_margin_change": 0.026143223066506585
    },
    {
      "date": "2023-01-29T00:00:00",
      "quarter_label": "2023-01 (Q1)",
      "revenue": 2707479000,
      "gross_profit": 760111000,
      "operating_income": 15716000,
      "net_income": 6104000,
      "opex": 744395000,
      "cogs": 1947368000,
      "rd": null,
      "sga": 560968000,
      "fcf": 100757000,
      "ocf": 100757000,
      "capex": null,
      "gross_margin": 0.2807449291388779,
      "op_margin": 0.005804661827478625,
      "fcf_margin": 0.03721432373067344,
      "incr_op_margin_yoy": 0.24727577010226243,
      "rev_growth_yoy": 0.13359624317220162,
      "rev_growth_yoy_accel": -0.011041059447273183,
      "op_leverage_ratio": 2.0982366639204626,
      "fcf_margin_change": -0.009155874861653472
    },
    {
      "date": "2023-04-30T00:00:00",
      "quarter_label": "2023-04 (Q2)",
      "revenue": 2784675000,
      "gross_profit": 791455000,
      "operating_income": 24056000,
      "net_income": 22181000,
      "opex": 767399000,
      "cogs": 1993220000,
      "rd": null,
      "sga": 583666000,
      "fcf": 148712000,
      "ocf": 148712000,
      "capex": null,
      "gross_margin": 0.28421808649124225,
      "op_margin": 0.008638710082864248,
      "fcf_margin": 0.05340371856679864,
      "incr_op_margin_yoy": 0.014704726840055226,
      "rev_growth_yoy": 0.14674629899515182,
      "rev_growth_yoy_accel": 0.013150055822950202,
      "op_leverage_ratio": 0.9226347102838975,
      "fcf_margin_change": 0.0161893948361252
    },
    {
      "date": "2023-07-30T00:00:00",
      "quarter_label": "2023-07 (Q3)",
      "revenue": 2777769000,
      "gross_profit": 786773000,
      "operating_income": -17920000,
      "net_income": 18946000,
      "opex": 804693000,
      "cogs": 1990996000,
      "rd": null,
      "sga": 619202000,
      "fcf": 158575000,
      "ocf": 158575000,
      "capex": null,
      "gross_margin": 0.2832391750357931,
      "op_margin": -0.006451220385856419,
      "fcf_margin": 0.05708718039549005,
      "incr_op_margin_yoy": -0.11412858535347419,
      "rev_growth_yoy": 0.14263942038929484,
      "rev_growth_yoy_accel": -0.004106878605856984,
      "fcf_margin_change": 0.003683461828691413
    },
    {
      "date": "2023-10-29T00:00:00",
      "quarter_label": "2023-10 (Q4)",
      "revenue": 2738611000,
      "gross_profit": 780761000,
      "operating_income": -10157000,
      "net_income": -35810000,
      "opex": 790918000,
      "cogs": 1957850000,
      "rd": null,
      "sga": 611718000,
      "fcf": 79377000,
      "ocf": 79377000,
      "capex": null,
      "gross_margin": 0.28509379389770945,
      "op_margin": -0.003708814431841543,
      "fcf_margin": 0.02898440121652911,
      "incr_op_margin_yoy": -0.04708725404258823,
      "rev_growth_yoy": 0.08154780851791502,
      "rev_growth_yoy_accel": -0.06109161187137982,
      "fcf_margin_change": -0.02810277917896094
    },
    {
      "date": "2024-01-28T00:00:00",
      "quarter_label": "2024-01 (Q1)",
      "revenue": 2846665000,
      "gross_profit": 802529000,
      "operating_income": -19604000,
      "net_income": 34263000,
      "opex": 822133000,
      "cogs": 2044136000,
      "rd": null,
      "sga": 628097000,
      "fcf": 99547000,
      "ocf": 99547000,
      "capex": null,
      "gross_margin": 0.28191901751698917,
      "op_margin": -0.006886655085863633,
      "fcf_margin": 0.034969692605206444,
      "incr_op_margin_yoy": -0.2537611541390657,
      "rev_growth_yoy": 0.051407970292659706,
      "rev_growth_yoy_accel": -0.03013983822525531,
      "op_leverage_ratio": 0.9997205523127118,
      "fcf_margin_change": 0.005985291388677334
    },
    {
      "date": "2024-04-28T00:00:00",
      "quarter_label": "2024-04 (Q2)",
      "revenue": 2877725000,
      "gross_profit": 853992000,
      "operating_income": 64616000,
      "net_income": 66897000,
      "opex": 789376000,
      "cogs": 2023733000,
      "rd": null,
      "sga": 602561000,
      "fcf": 81900000,
      "ocf": 81900000,
      "capex": null,
      "gross_margin": 0.29675941933298006,
      "op_margin": 0.022453848091808632,
      "fcf_margin": 0.028459981408925455,
      "incr_op_margin_yoy": 0.4358946802794197,
      "rev_growth_yoy": 0.033415030479319846,
      "rev_growth_yoy_accel": -0.01799293981333986,
      "op_leverage_ratio": Infinity,
      "fcf_margin_change": -0.006509711196280989
    },
    {
      "date": "2024-07-28T00:00:00",
      "quarter_label": "2024-07 (Q3)",
      "revenue": 2858589000,
      "gross_profit": 843836000,
      "operating_income": 32051000,
      "net_income": 299117000,
      "opex": 811785000,
      "cogs": 2014753000,
      "rd": null,
      "sga": 621267000,
      "fcf": 123400000,
      "ocf": 123400000,
      "capex": null,
      "gross_margin": 0.29519318796791005,
      "op_margin": 0.011212174957645187,
      "fcf_margin": 0.04316815044065446,
      "incr_op_margin_yoy": 0.6182999257609503,
      "rev_growth_yoy": 0.029095291941122533,
      "rev_growth_yoy_accel": -0.004319738538197313,
      "fcf_margin_change": 0.014708169031729005
    },
    {
      "date": "2024-10-27T00:00:00",
      "quarter_label": "2024-10 (Q4)",
      "revenue": 2877635000,
      "gross_profit": 843873000,
      "operating_income": 25632000,
      "net_income": 3932000,
      "opex": 818241000,
      "cogs": 2033762000,
      "rd": null,
      "sga": 626471000,
      "fcf": 183500000,
      "ocf": 183500000,
      "capex": null,
      "gross_margin": 0.29325227139647664,
      "op_margin": 0.008907314513480688,
      "fcf_margin": 0.06376764252589366,
      "incr_op_margin_yoy": 0.2574303717343768,
      "rev_growth_yoy": 0.050764420357619244,
      "rev_growth_yoy_accel": 0.02166912841649671,
      "fcf_margin_change": 0.0205994920852392
    },
    {
      "date": "2025-02-02T00:00:00",
      "quarter_label": "2025-02 (Q1)",
      "revenue": 3247386000,
      "gross_profit": 926003000,
      "operating_income": -9712000,
      "net_income": 22792000,
      "opex": 935715000,
      "cogs": 2321383000,
      "rd": null,
      "sga": 700705000,
      "fcf": 207525000,
      "ocf": 207525000,
      "capex": null,
      "gross_margin": 0.28515335103372375,
      "op_margin": -0.0029907131458964224,
      "fcf_margin": 0.06390524563448878,
      "incr_op_margin_yoy": 0.02468550437835801,
      "rev_growth_yoy": 0.1407685835881637,
      "rev_growth_yoy_accel": 0.09000416323054444,
      "op_leverage_ratio": 0.8949795882701246,
      "fcf_margin_change": 0.00013760310859511904
    },
    {
      "date": "2025-05-04T00:00:00",
      "quarter_label": "2025-05 (Q2)",
      "revenue": 3116000000,
      "gross_profit": 923800000,
      "operating_income": 76900000,
      "net_income": 62400000,
      "opex": 846900000,
      "cogs": 2192200000,
      "rd": null,
      "sga": 653100000,
      "fcf": 86400000,
      "ocf": 86400000,
      "capex": null,
      "gross_margin": 0.29646983311938385,
      "op_margin": 0.024679075738125802,
      "fcf_margin": 0.02772785622593068,
      "incr_op_margin_yoy": 0.05155387682299863,
      "rev_growth_yoy": 0.08279978107706608,
      "rev_growth_yoy_accel": -0.05796880251109761,
      "fcf_margin_change": -0.0361773894085581
    },
    {
      "date": "2025-08-03T00:00:00",
      "quarter_label": "2025-08 (Q3)",
      "revenue": 3104200000,
      "gross_profit": 942200000,
      "operating_income": 69700000,
      "net_income": 62000000,
      "opex": 872500000,
      "cogs": 2162000000,
      "rd": null,
      "sga": 671900000,
      "fcf": 133900000,
      "ocf": 133900000,
      "capex": null,
      "gross_margin": 0.30352425745763806,
      "op_margin": 0.022453450164293537,
      "fcf_margin": 0.04313510727401585,
      "incr_op_margin_yoy": 0.1532871084764119,
      "rev_growth_yoy": 0.0859203614090728,
      "rev_growth_yoy_accel": 0.0031205803320067255,
      "fcf_margin_change": 0.015407251048085172
    },
    {
      "date": "2025-11-02T00:00:00",
      "quarter_label": "2025-11 (Q4)",
      "revenue": 3116600000,
      "gross_profit": 928200000,
      "operating_income": 65200000,
      "net_income": 59200000,
      "opex": 863000000,
      "cogs": 2188400000,
      "rd": null,
      "sga": 665100000,
      "fcf": 207900000,
      "ocf": 207900000,
      "capex": null,
      "gross_margin": 0.2978245523968427,
      "op_margin": 0.020920233587884234,
      "fcf_margin": 0.06670730924725662,
      "incr_op_margin_yoy": 0.16558073358023143,
      "rev_growth_yoy": 0.083042150932971,
      "rev_growth_yoy_accel": -0.002878210476101803,
      "fcf_margin_change": 0.023572201973240774
    }
  ],
  "signals": [
    {
      "quarter": "2025-11 (Q4)",
      "signal": "INCREMENTAL MARGIN (YoY)",
      "detail": "YoY Incr OPM: +16.6% vs year-ago OPM: +0.9%",
      "severity": "MEDIUM"
    },
    {
      "quarter": "2025-08 (Q3)",
      "signal": "INCREMENTAL MARGIN (YoY)",
      "detail": "YoY Incr OPM: +15.3% vs year-ago OPM: +1.1%",
      "severity": "MEDIUM"
    },
    {
      "quarter": "2025-05 (Q2)",
      "signal": "YoY REVENUE GROWTH DECELERATION",
      "detail": "YoY growth: +8.3% vs prior quarter YoY: +14.1% (decel: -5.8%)",
      "severity": "WARNING"
    },
    {
      "quarter": "2025-05 (Q2)",
      "signal": "OP MARGIN TURNED POSITIVE (QoQ)",
      "detail": "Op margin: -0.3% -> +2.5%",
      "severity": "HIGH"
    },
    {
      "quarter": "2025-02 (Q1)",
      "signal": "YoY REVENUE GROWTH ACCELERATION",
      "detail": "YoY growth: +14.1% vs prior quarter YoY: +5.1% (accel: +9.0%)",
      "severity": "MEDIUM"
    },
    {
      "quarter": "2024-10 (Q4)",
      "signal": "OP MARGIN TURNED POSITIVE (YoY)",
      "detail": "Op margin: -0.4% (year-ago) -> +0.9%",
      "severity": "HIGH"
    },
    {
      "quarter": "2024-07 (Q3)",
      "signal": "OP MARGIN TURNED POSITIVE (YoY)",
      "detail": "Op margin: -0.6% (year-ago) -> +1.1%",
      "severity": "HIGH"
    },
    {
      "quarter": "2024-04 (Q2)",
      "signal": "INCREMENTAL MARGIN (YoY)",
      "detail": "YoY Incr OPM: +43.6% vs year-ago OPM: +0.9%",
      "severity": "HIGH"
    },
    {
      "quarter": "2024-04 (Q2)",
      "signal": "OP MARGIN TURNED POSITIVE (QoQ)",
      "detail": "Op margin: -0.7% -> +2.2%",
      "severity": "HIGH"
    },
    {
      "quarter": "2023-10 (Q4)",
      "signal": "YoY REVENUE GROWTH DECELERATION",
      "detail": "YoY growth: +8.2% vs prior quarter YoY: +14.3% (decel: -6.1%)",
      "severity": "WARNING"
    },
    {
      "quarter": "2023-01 (Q1)",
      "signal": "OPERATING LEVERAGE",
      "detail": "Rev growth +6.9% vs OpEx growth +3.3% (leverage: 2.1x)",
      "severity": "MEDIUM"
    },
    {
      "quarter": "2023-01 (Q1)",
      "signal": "OP MARGIN TURNED POSITIVE (YoY)",
      "detail": "Op margin: -2.6% (year-ago) -> +0.6%",
      "severity": "HIGH"
    },
    {
      "quarter": "2023-01 (Q1)",
      "signal": "OP MARGIN TURNED POSITIVE (QoQ)",
      "detail": "Op margin: -0.0% -> +0.6%",
      "severity": "HIGH"
    },
    {
      "quarter": "2022-07 (Q3)",
      "signal": "OP MARGIN TURNED POSITIVE (YoY)",
      "detail": "Op margin: -0.8% (year-ago) -> +0.9%",
      "severity": "HIGH"
    },
    {
      "quarter": "2022-05 (Q2)",
      "signal": "FCF TURNED POSITIVE",
      "detail": "FCF margin: -2.8% -> +3.4%",
      "severity": "HIGH"
    },
    {
      "quarter": "2022-05 (Q2)",
      "signal": "GROSS MARGIN INFLECTION",
      "detail": "GM: +26.4% -> +25.4% -> +27.5% (reversal +2.1%)",
      "severity": "MEDIUM"
    },
    {
      "quarter": "2022-05 (Q2)",
      "signal": "OP MARGIN TURNED POSITIVE (QoQ)",
      "detail": "Op margin: -2.6% -> +0.8%",
      "severity": "HIGH"
    },
    {
      "quarter": "2021-10 (Q4)",
      "signal": "OPERATING LEVERAGE",
      "detail": "Rev growth +2.7% vs OpEx growth +1.2% (leverage: 2.3x)",
      "severity": "MEDIUM"
    }
  ],
  "data_quality": {
    "n_quarters": 20,
    "coverage": {
      "revenue": [
        20,
        20
      ],
      "gross_profit": [
        20,
        20
      ],
      "op_income": [
        20,
        20
      ],
      "fcf": [
        20,
        20
      ]
    },
    "gaps": [],
    "warnings": []
  },
  "market_cap": null,
  "source": "SEC EDGAR",
  "last_updated": "2026-02-02T20:30:33.300290",
  "sector": "Consumer Cyclical",
  "industry": "Internet Retail"
}