{
  "ticker": "CI",
  "name": "The Cigna Group",
  "quarters": [
    {
      "date": "2020-12-31T00:00:00",
      "quarter_label": "2020-12 (Q4)",
      "revenue": 41712000000,
      "gross_profit": 14653000000,
      "operating_income": 1345000000,
      "net_income": null,
      "opex": 13308000000,
      "cogs": 27059000000,
      "rd": null,
      "sga": 3966000000,
      "fcf": 4294000000,
      "ocf": 4294000000,
      "capex": null,
      "gross_margin": 0.3512897967011891,
      "op_margin": 0.032244917529727656,
      "fcf_margin": 0.1029439969313387
    },
    {
      "date": "2021-03-31T00:00:00",
      "quarter_label": "2021-03 (Q1)",
      "revenue": 40971000000,
      "gross_profit": 13736000000,
      "operating_income": 1957000000,
      "net_income": null,
      "opex": 11779000000,
      "cogs": 27235000000,
      "rd": null,
      "sga": 3279000000,
      "fcf": 1093000000,
      "ocf": 1093000000,
      "capex": null,
      "gross_margin": 0.33526152644553464,
      "op_margin": 0.04776549266554392,
      "fcf_margin": 0.026677405970076395,
      "fcf_margin_change": -0.0762665909612623
    },
    {
      "date": "2021-06-30T00:00:00",
      "quarter_label": "2021-06 (Q2)",
      "revenue": 43131000000,
      "gross_profit": 14130000000,
      "operating_income": 2147000000,
      "net_income": null,
      "opex": 11983000000,
      "cogs": 29001000000,
      "rd": null,
      "sga": 2996000000,
      "fcf": -296000000,
      "ocf": -296000000,
      "capex": null,
      "gross_margin": 0.32760659386520136,
      "op_margin": 0.04977858153068559,
      "fcf_margin": -0.006862813289745195,
      "op_leverage_ratio": 3.0440756517881367,
      "fcf_margin_change": -0.03354021925982159
    },
    {
      "date": "2021-09-30T00:00:00",
      "quarter_label": "2021-09 (Q3)",
      "revenue": 44288000000,
      "gross_profit": 14218000000,
      "operating_income": 2294000000,
      "net_income": null,
      "opex": 11924000000,
      "cogs": 30070000000,
      "rd": null,
      "sga": 3093000000,
      "fcf": 2119000000,
      "ocf": 2119000000,
      "capex": null,
      "gross_margin": 0.32103504335260113,
      "op_margin": 0.05179732658959538,
      "fcf_margin": 0.047845917630057806,
      "op_leverage_ratio": Infinity,
      "fcf_margin_change": 0.054708730919803
    },
    {
      "date": "2021-12-31T00:00:00",
      "quarter_label": "2021-12 (Q4)",
      "revenue": 45688000000,
      "gross_profit": 14441000000,
      "operating_income": 1537000000,
      "net_income": null,
      "opex": 12904000000,
      "cogs": 31247000000,
      "rd": null,
      "sga": 3662000000,
      "fcf": 4275000000,
      "ocf": 4275000000,
      "capex": null,
      "gross_margin": 0.3160786202066188,
      "op_margin": 0.033641218700752935,
      "fcf_margin": 0.09356942742076695,
      "incr_op_margin_yoy": 0.0482897384305835,
      "rev_growth_yoy": 0.09532029152282318,
      "op_leverage_ratio": 0.3846253096614369,
      "fcf_margin_change": 0.04572350979070914
    },
    {
      "date": "2022-03-31T00:00:00",
      "quarter_label": "2022-03 (Q1)",
      "revenue": 44005000000,
      "gross_profit": 14192000000,
      "operating_income": 2167000000,
      "net_income": null,
      "opex": 12025000000,
      "cogs": 29813000000,
      "rd": null,
      "sga": 3299000000,
      "fcf": 2030000000,
      "ocf": 2030000000,
      "capex": null,
      "gross_margin": 0.3225088058175207,
      "op_margin": 0.04924440404499489,
      "fcf_margin": 0.04613112146347006,
      "incr_op_margin_yoy": 0.06921555702043507,
      "rev_growth_yoy": 0.07405237851163017,
      "rev_growth_yoy_accel": -0.021267913011193004,
      "fcf_margin_change": -0.04743830595729689
    },
    {
      "date": "2022-06-30T00:00:00",
      "quarter_label": "2022-06 (Q2)",
      "revenue": 45480000000,
      "gross_profit": 14330000000,
      "operating_income": 2381000000,
      "net_income": null,
      "opex": 11949000000,
      "cogs": 31150000000,
      "rd": null,
      "sga": 3256000000,
      "fcf": 1244000000,
      "ocf": 1244000000,
      "capex": null,
      "gross_margin": 0.31508355321020226,
      "op_margin": 0.05235268249780123,
      "fcf_margin": 0.02735268249780123,
      "incr_op_margin_yoy": 0.09961685823754789,
      "rev_growth_yoy": 0.05446198789733602,
      "rev_growth_yoy_accel": -0.01959039061429415,
      "op_leverage_ratio": Infinity,
      "fcf_margin_change": -0.018778438965668828
    },
    {
      "date": "2022-09-30T00:00:00",
      "quarter_label": "2022-09 (Q3)",
      "revenue": 45280000000,
      "gross_profit": 13503000000,
      "operating_income": 2141000000,
      "net_income": null,
      "opex": 11362000000,
      "cogs": 31777000000,
      "rd": null,
      "sga": 3148000000,
      "fcf": 3283000000,
      "ocf": 3283000000,
      "capex": null,
      "gross_margin": 0.29821113074204947,
      "op_margin": 0.04728356890459364,
      "fcf_margin": 0.07250441696113075,
      "incr_op_margin_yoy": -0.15423387096774194,
      "rev_growth_yoy": 0.022398843930635837,
      "rev_growth_yoy_accel": -0.03206314396670018,
      "fcf_margin_change": 0.04515173446332951
    },
    {
      "date": "2022-12-31T00:00:00",
      "quarter_label": "2022-12 (Q4)",
      "revenue": 45751000000,
      "gross_profit": 13657000000,
      "operating_income": 1725000000,
      "net_income": null,
      "opex": 11932000000,
      "cogs": 32094000000,
      "rd": null,
      "sga": 3483000000,
      "fcf": 2099000000,
      "ocf": 2099000000,
      "capex": null,
      "gross_margin": 0.2985071364560338,
      "op_margin": 0.03770409389958689,
      "fcf_margin": 0.04587877860593211,
      "incr_op_margin_yoy": 2.984126984126984,
      "rev_growth_yoy": 0.0013789178777797234,
      "rev_growth_yoy_accel": -0.021019926052856113,
      "op_leverage_ratio": 0.207345406360424,
      "fcf_margin_change": -0.026625638355198634
    },
    {
      "date": "2023-03-31T00:00:00",
      "quarter_label": "2023-03 (Q1)",
      "revenue": 46517000000,
      "gross_profit": 15058000000,
      "operating_income": 2015000000,
      "net_income": null,
      "opex": 13043000000,
      "cogs": 31459000000,
      "rd": null,
      "sga": 3538000000,
      "fcf": 5028000000,
      "ocf": 5028000000,
      "capex": null,
      "gross_margin": 0.32370961153986716,
      "op_margin": 0.04331749682911624,
      "fcf_margin": 0.10808951566094116,
      "incr_op_margin_yoy": -0.06050955414012739,
      "rev_growth_yoy": 0.05708442222474719,
      "rev_growth_yoy_accel": 0.055705504346967465,
      "op_leverage_ratio": 0.17981559909832429,
      "fcf_margin_change": 0.06221073705500905
    },
    {
      "date": "2023-06-30T00:00:00",
      "quarter_label": "2023-06 (Q2)",
      "revenue": 48586000000,
      "gross_profit": 15144000000,
      "operating_income": 2221000000,
      "net_income": null,
      "opex": 12923000000,
      "cogs": 33442000000,
      "rd": null,
      "sga": 3434000000,
      "fcf": 2492000000,
      "ocf": 2492000000,
      "capex": null,
      "gross_margin": 0.3116947268760548,
      "op_margin": 0.04571275676120693,
      "fcf_margin": 0.051290495204379866,
      "incr_op_margin_yoy": -0.051513200257566,
      "rev_growth_yoy": 0.06829375549692172,
      "rev_growth_yoy_accel": 0.011209333272174535,
      "op_leverage_ratio": Infinity,
      "fcf_margin_change": -0.056799020456561294
    },
    {
      "date": "2023-09-30T00:00:00",
      "quarter_label": "2023-09 (Q3)",
      "revenue": 49048000000,
      "gross_profit": 15409000000,
      "operating_income": 2240000000,
      "net_income": null,
      "opex": 13169000000,
      "cogs": 33639000000,
      "rd": null,
      "sga": 3788000000,
      "fcf": 2826000000,
      "ocf": 2826000000,
      "capex": null,
      "gross_margin": 0.31416163757951393,
      "op_margin": 0.0456695481976839,
      "fcf_margin": 0.05761702821725657,
      "incr_op_margin_yoy": 0.026273885350318472,
      "rev_growth_yoy": 0.08321554770318021,
      "rev_growth_yoy_accel": 0.014921792206258486,
      "fcf_margin_change": 0.006326533012876702
    },
    {
      "date": "2023-12-31T00:00:00",
      "quarter_label": "2023-12 (Q4)",
      "revenue": 51114000000,
      "gross_profit": 15853000000,
      "operating_income": 2060000000,
      "net_income": null,
      "opex": 13793000000,
      "cogs": 35261000000,
      "rd": null,
      "sga": 4062000000,
      "fcf": 1467000000,
      "ocf": 1467000000,
      "capex": null,
      "gross_margin": 0.3101498610948077,
      "op_margin": 0.040302069883006615,
      "fcf_margin": 0.028700551707946942,
      "incr_op_margin_yoy": 0.06246503822487414,
      "rev_growth_yoy": 0.11722148149767218,
      "rev_growth_yoy_accel": 0.034005933794491974,
      "op_leverage_ratio": 0.8889497702930463,
      "fcf_margin_change": -0.028916476509309626
    },
    {
      "date": "2024-03-31T00:00:00",
      "quarter_label": "2024-03 (Q1)",
      "revenue": 57255000000,
      "gross_profit": 15824000000,
      "operating_income": 2256000000,
      "net_income": null,
      "opex": 13568000000,
      "cogs": 41431000000,
      "rd": null,
      "sga": 3705000000,
      "fcf": 4840000000,
      "ocf": 4840000000,
      "capex": null,
      "gross_margin": 0.27637760894245045,
      "op_margin": 0.03940267225569819,
      "fcf_margin": 0.0845341018251681,
      "incr_op_margin_yoy": 0.022443658036878377,
      "rev_growth_yoy": 0.2308403379409678,
      "rev_growth_yoy_accel": 0.11361885644329563,
      "op_leverage_ratio": Infinity,
      "fcf_margin_change": 0.05583355011722116
    },
    {
      "date": "2024-06-30T00:00:00",
      "quarter_label": "2024-06 (Q2)",
      "revenue": 60523000000,
      "gross_profit": 16031000000,
      "operating_income": 2412000000,
      "net_income": null,
      "opex": 13619000000,
      "cogs": 44492000000,
      "rd": null,
      "sga": 3684000000,
      "fcf": 265000000,
      "ocf": 265000000,
      "capex": null,
      "gross_margin": 0.2648745105166631,
      "op_margin": 0.0398526180129868,
      "fcf_margin": 0.00437850073525767,
      "incr_op_margin_yoy": 0.016000670185138646,
      "rev_growth_yoy": 0.24568805828839582,
      "rev_growth_yoy_accel": 0.014847720347428012,
      "op_leverage_ratio": 15.184982217496202,
      "fcf_margin_change": -0.08015560108991043
    },
    {
      "date": "2024-09-30T00:00:00",
      "quarter_label": "2024-09 (Q3)",
      "revenue": 63694000000,
      "gross_profit": 16129000000,
      "operating_income": 2576000000,
      "net_income": null,
      "opex": 13553000000,
      "cogs": 47565000000,
      "rd": null,
      "sga": 3590000000,
      "fcf": 46000000,
      "ocf": 46000000,
      "capex": null,
      "gross_margin": 0.2532263635507269,
      "op_margin": 0.04044336986215342,
      "fcf_margin": 0.0007222030332527397,
      "incr_op_margin_yoy": 0.02294141745186399,
      "rev_growth_yoy": 0.29860544772467784,
      "rev_growth_yoy_accel": 0.05291738943628202,
      "op_leverage_ratio": Infinity,
      "fcf_margin_change": -0.0036562977020049305
    },
    {
      "date": "2024-12-31T00:00:00",
      "quarter_label": "2024-12 (Q4)",
      "revenue": 65649000000,
      "gross_profit": 16628000000,
      "operating_income": 2173000000,
      "net_income": null,
      "opex": 14455000000,
      "cogs": 49021000000,
      "rd": null,
      "sga": 3865000000,
      "fcf": 5212000000,
      "ocf": 5212000000,
      "capex": null,
      "gross_margin": 0.25328641715791556,
      "op_margin": 0.0331002757086932,
      "fcf_margin": 0.07939191762250758,
      "incr_op_margin_yoy": 0.007774337805297558,
      "rev_growth_yoy": 0.2843643620143209,
      "rev_growth_yoy_accel": -0.014241085710356927,
      "op_leverage_ratio": 0.4611870872074957,
      "fcf_margin_change": 0.07866971458925484
    },
    {
      "date": "2025-03-31T00:00:00",
      "quarter_label": "2025-03 (Q1)",
      "revenue": 65502000000,
      "gross_profit": 17104000000,
      "operating_income": 1971000000,
      "net_income": null,
      "opex": 15133000000,
      "cogs": 48398000000,
      "rd": null,
      "sga": 4213000000,
      "fcf": 1920000000,
      "ocf": 1920000000,
      "capex": null,
      "gross_margin": 0.2611217978077005,
      "op_margin": 0.030090684253915912,
      "fcf_margin": 0.029312082073829807,
      "incr_op_margin_yoy": -0.034558021098581304,
      "rev_growth_yoy": 0.1440398218496201,
      "rev_growth_yoy_accel": -0.1403245401647008,
      "fcf_margin_change": -0.05007983554867777
    },
    {
      "date": "2025-06-30T00:00:00",
      "quarter_label": "2025-06 (Q2)",
      "revenue": 67178000000,
      "gross_profit": 13910000000,
      "operating_income": 2306000000,
      "net_income": null,
      "opex": 11604000000,
      "cogs": 53268000000,
      "rd": null,
      "sga": 3433000000,
      "fcf": -1886000000,
      "ocf": -1886000000,
      "capex": null,
      "gross_margin": 0.2070618357200274,
      "op_margin": 0.034326714102831286,
      "fcf_margin": -0.028074667301795232,
      "incr_op_margin_yoy": -0.01592787377911345,
      "rev_growth_yoy": 0.1099581977099615,
      "rev_growth_yoy_accel": -0.03408162413965861,
      "op_leverage_ratio": Infinity,
      "fcf_margin_change": -0.05738674937562504
    },
    {
      "date": "2025-09-30T00:00:00",
      "quarter_label": "2025-09 (Q3)",
      "revenue": 69748000000,
      "gross_profit": 14218000000,
      "operating_income": 2578000000,
      "net_income": null,
      "opex": 11640000000,
      "cogs": 55530000000,
      "rd": null,
      "sga": 3362000000,
      "fcf": 3418000000,
      "ocf": 3418000000,
      "capex": null,
      "gross_margin": 0.20384813901473878,
      "op_margin": 0.03696163330848196,
      "fcf_margin": 0.049004989390376785,
      "incr_op_margin_yoy": 0.0003303600925008259,
      "rev_growth_yoy": 0.09504819920243665,
      "rev_growth_yoy_accel": -0.01490999850752485,
      "op_leverage_ratio": 12.331368404338722,
      "fcf_margin_change": 0.07707965669217201
    }
  ],
  "signals": [
    {
      "quarter": "2025-09 (Q3)",
      "signal": "FCF TURNED POSITIVE",
      "detail": "FCF margin: -2.8% -> +4.9%",
      "severity": "HIGH"
    },
    {
      "quarter": "2025-09 (Q3)",
      "signal": "OPERATING LEVERAGE",
      "detail": "Rev growth +3.8% vs OpEx growth +0.3% (leverage: 12.3x)",
      "severity": "MEDIUM"
    },
    {
      "quarter": "2025-03 (Q1)",
      "signal": "YoY REVENUE GROWTH DECELERATION",
      "detail": "YoY growth: +14.4% vs prior quarter YoY: +28.4% (decel: -14.0%)",
      "severity": "WARNING"
    },
    {
      "quarter": "2024-12 (Q4)",
      "signal": "FCF MARGIN EXPANSION",
      "detail": "FCF margin: +0.1% -> +7.9% (+7.9%)",
      "severity": "MEDIUM"
    },
    {
      "quarter": "2024-09 (Q3)",
      "signal": "YoY REVENUE GROWTH ACCELERATION",
      "detail": "YoY growth: +29.9% vs prior quarter YoY: +24.6% (accel: +5.3%)",
      "severity": "MEDIUM"
    },
    {
      "quarter": "2024-06 (Q2)",
      "signal": "OPERATING LEVERAGE",
      "detail": "Rev growth +5.7% vs OpEx growth +0.4% (leverage: 15.2x)",
      "severity": "MEDIUM"
    },
    {
      "quarter": "2024-03 (Q1)",
      "signal": "FCF MARGIN EXPANSION",
      "detail": "FCF margin: +2.9% -> +8.5% (+5.6%)",
      "severity": "MEDIUM"
    },
    {
      "quarter": "2024-03 (Q1)",
      "signal": "YoY REVENUE GROWTH ACCELERATION",
      "detail": "YoY growth: +23.1% vs prior quarter YoY: +11.7% (accel: +11.4%)",
      "severity": "MEDIUM"
    },
    {
      "quarter": "2023-03 (Q1)",
      "signal": "FCF MARGIN EXPANSION",
      "detail": "FCF margin: +4.6% -> +10.8% (+6.2%)",
      "severity": "MEDIUM"
    },
    {
      "quarter": "2023-03 (Q1)",
      "signal": "YoY REVENUE GROWTH ACCELERATION",
      "detail": "YoY growth: +5.7% vs prior quarter YoY: +0.1% (accel: +5.6%)",
      "severity": "MEDIUM"
    },
    {
      "quarter": "2022-12 (Q4)",
      "signal": "INCREMENTAL MARGIN (YoY)",
      "detail": "YoY Incr OPM: +298.4% vs year-ago OPM: +3.4%",
      "severity": "HIGH"
    },
    {
      "quarter": "2021-09 (Q3)",
      "signal": "FCF TURNED POSITIVE",
      "detail": "FCF margin: -0.7% -> +4.8%",
      "severity": "HIGH"
    },
    {
      "quarter": "2021-06 (Q2)",
      "signal": "OPERATING LEVERAGE",
      "detail": "Rev growth +5.3% vs OpEx growth +1.7% (leverage: 3.0x)",
      "severity": "MEDIUM"
    }
  ],
  "data_quality": {
    "n_quarters": 20,
    "coverage": {
      "revenue": [
        20,
        20
      ],
      "gross_profit": [
        20,
        20
      ],
      "op_income": [
        20,
        20
      ],
      "fcf": [
        20,
        20
      ]
    },
    "gaps": [],
    "warnings": []
  },
  "market_cap": null,
  "source": "SEC EDGAR",
  "last_updated": "2026-02-02T19:54:34.117547",
  "sector": "Healthcare",
  "industry": "Healthcare Plans"
}