{
  "ticker": "CIA",
  "name": "CITIZENS, INC.",
  "quarters": [
    {
      "date": "2020-12-31T00:00:00",
      "quarter_label": "2020-12 (Q4)",
      "revenue": 64968000,
      "gross_profit": null,
      "operating_income": null,
      "net_income": 1538000,
      "opex": null,
      "cogs": null,
      "rd": null,
      "sga": null,
      "fcf": 14721000,
      "ocf": 14818000,
      "capex": -97000,
      "gross_margin": null,
      "op_margin": null,
      "fcf_margin": 0.22658847432582194
    },
    {
      "date": "2021-03-31T00:00:00",
      "quarter_label": "2021-03 (Q1)",
      "revenue": 55483000,
      "gross_profit": null,
      "operating_income": null,
      "net_income": -3573000,
      "opex": null,
      "cogs": null,
      "rd": null,
      "sga": null,
      "fcf": 1794000,
      "ocf": 1809000,
      "capex": -15000,
      "gross_margin": null,
      "op_margin": null,
      "fcf_margin": 0.032334228502424164,
      "fcf_margin_change": -0.1942542458233978
    },
    {
      "date": "2021-06-30T00:00:00",
      "quarter_label": "2021-06 (Q2)",
      "revenue": 63558000,
      "gross_profit": null,
      "operating_income": null,
      "net_income": 5022000,
      "opex": null,
      "cogs": null,
      "rd": null,
      "sga": null,
      "fcf": 6411000,
      "ocf": 7169000,
      "capex": -758000,
      "gross_margin": null,
      "op_margin": null,
      "fcf_margin": 0.10086849806475974,
      "fcf_margin_change": 0.06853426956233558
    },
    {
      "date": "2021-09-30T00:00:00",
      "quarter_label": "2021-09 (Q3)",
      "revenue": 61584000,
      "gross_profit": null,
      "operating_income": null,
      "net_income": -2799000,
      "opex": null,
      "cogs": null,
      "rd": null,
      "sga": null,
      "fcf": 14718000,
      "ocf": 14792000,
      "capex": -74000,
      "gross_margin": null,
      "op_margin": null,
      "fcf_margin": 0.23899064692127825,
      "fcf_margin_change": 0.13812214885651852
    },
    {
      "date": "2021-12-31T00:00:00",
      "quarter_label": "2021-12 (Q4)",
      "revenue": 69921000,
      "gross_profit": null,
      "operating_income": null,
      "net_income": 38137000,
      "opex": null,
      "cogs": null,
      "rd": null,
      "sga": null,
      "fcf": 16525000,
      "ocf": 16685000,
      "capex": -160000,
      "gross_margin": null,
      "op_margin": null,
      "fcf_margin": 0.23633815305845168,
      "rev_growth_yoy": 0.07623753232360547,
      "fcf_margin_change": -0.002652493862826566
    },
    {
      "date": "2022-03-31T00:00:00",
      "quarter_label": "2022-03 (Q1)",
      "revenue": 55357000,
      "gross_profit": null,
      "operating_income": null,
      "net_income": -1333000,
      "opex": null,
      "cogs": null,
      "rd": null,
      "sga": null,
      "fcf": 12106000,
      "ocf": 12140000,
      "capex": -34000,
      "gross_margin": null,
      "op_margin": null,
      "fcf_margin": 0.21868959661831386,
      "rev_growth_yoy": -0.002270965881441162,
      "rev_growth_yoy_accel": -0.07850849820504663,
      "fcf_margin_change": -0.017648556440137825
    },
    {
      "date": "2022-06-30T00:00:00",
      "quarter_label": "2022-06 (Q2)",
      "revenue": 53734000,
      "gross_profit": null,
      "operating_income": null,
      "net_income": -3548000,
      "opex": null,
      "cogs": null,
      "rd": null,
      "sga": null,
      "fcf": 10190000,
      "ocf": 10207000,
      "capex": -17000,
      "gross_margin": null,
      "op_margin": null,
      "fcf_margin": 0.18963784568429673,
      "rev_growth_yoy": -0.15456748167028542,
      "rev_growth_yoy_accel": -0.15229651578884426,
      "fcf_margin_change": -0.02905175093401713
    },
    {
      "date": "2022-09-30T00:00:00",
      "quarter_label": "2022-09 (Q3)",
      "revenue": 56176000,
      "gross_profit": null,
      "operating_income": null,
      "net_income": -5131000,
      "opex": null,
      "cogs": null,
      "rd": null,
      "sga": null,
      "fcf": 17391000,
      "ocf": 17416000,
      "capex": -25000,
      "gross_margin": null,
      "op_margin": null,
      "fcf_margin": 0.3095806038165765,
      "rev_growth_yoy": -0.08781501688750325,
      "rev_growth_yoy_accel": 0.06675246478278217,
      "fcf_margin_change": 0.11994275813227975
    },
    {
      "date": "2022-12-31T00:00:00",
      "quarter_label": "2022-12 (Q4)",
      "revenue": 67257000,
      "gross_profit": null,
      "operating_income": null,
      "net_income": 3374000,
      "opex": null,
      "cogs": null,
      "rd": null,
      "sga": null,
      "fcf": 17133000,
      "ocf": 17157000,
      "capex": -24000,
      "gross_margin": null,
      "op_margin": null,
      "fcf_margin": 0.25473928364333825,
      "rev_growth_yoy": -0.03810014158836401,
      "rev_growth_yoy_accel": 0.04971487529913924,
      "fcf_margin_change": -0.05484132017323823
    },
    {
      "date": "2023-03-31T00:00:00",
      "quarter_label": "2023-03 (Q1)",
      "revenue": 55914000,
      "gross_profit": null,
      "operating_income": null,
      "net_income": 4872000,
      "opex": null,
      "cogs": null,
      "rd": null,
      "sga": null,
      "fcf": 7281000,
      "ocf": 7354000,
      "capex": -73000,
      "gross_margin": null,
      "op_margin": null,
      "fcf_margin": 0.1302178345316021,
      "rev_growth_yoy": 0.010061961450223098,
      "rev_growth_yoy_accel": 0.048162103038587104,
      "fcf_margin_change": -0.12452144911173615
    },
    {
      "date": "2023-06-30T00:00:00",
      "quarter_label": "2023-06 (Q2)",
      "revenue": 58527000,
      "gross_profit": null,
      "operating_income": null,
      "net_income": 6126000,
      "opex": null,
      "cogs": null,
      "rd": null,
      "sga": null,
      "fcf": 4833000,
      "ocf": 4844000,
      "capex": -11000,
      "gross_margin": null,
      "op_margin": null,
      "fcf_margin": 0.08257727202829464,
      "rev_growth_yoy": 0.08919864517809953,
      "rev_growth_yoy_accel": 0.07913668372787643,
      "fcf_margin_change": -0.04764056250330746
    },
    {
      "date": "2023-09-30T00:00:00",
      "quarter_label": "2023-09 (Q3)",
      "revenue": 59390000,
      "gross_profit": null,
      "operating_income": null,
      "net_income": 2698000,
      "opex": null,
      "cogs": null,
      "rd": null,
      "sga": null,
      "fcf": 3038000,
      "ocf": 3246000,
      "capex": -208000,
      "gross_margin": null,
      "op_margin": null,
      "fcf_margin": 0.05115339282707527,
      "rev_growth_yoy": 0.057213044716604954,
      "rev_growth_yoy_accel": -0.031985600461494575,
      "fcf_margin_change": -0.03142387920121937
    },
    {
      "date": "2023-12-31T00:00:00",
      "quarter_label": "2023-12 (Q4)",
      "revenue": 66849000,
      "gross_profit": null,
      "operating_income": null,
      "net_income": 10741000,
      "opex": null,
      "cogs": null,
      "rd": null,
      "sga": null,
      "fcf": 6462000,
      "ocf": 6612000,
      "capex": -150000,
      "gross_margin": null,
      "op_margin": null,
      "fcf_margin": 0.09666561953058385,
      "rev_growth_yoy": -0.006066283063472947,
      "rev_growth_yoy_accel": -0.0632793277800779,
      "fcf_margin_change": 0.04551222670350858
    },
    {
      "date": "2024-03-31T00:00:00",
      "quarter_label": "2024-03 (Q1)",
      "revenue": 57712000,
      "gross_profit": null,
      "operating_income": null,
      "net_income": 4542000,
      "opex": null,
      "cogs": null,
      "rd": null,
      "sga": null,
      "fcf": 6730000,
      "ocf": 6788000,
      "capex": -58000,
      "gross_margin": null,
      "op_margin": null,
      "fcf_margin": 0.11661352924868311,
      "rev_growth_yoy": 0.03215652609364381,
      "rev_growth_yoy_accel": 0.03822280915711676,
      "fcf_margin_change": 0.01994790971809926
    },
    {
      "date": "2024-06-30T00:00:00",
      "quarter_label": "2024-06 (Q2)",
      "revenue": 62084000,
      "gross_profit": null,
      "operating_income": null,
      "net_income": 3959000,
      "opex": null,
      "cogs": null,
      "rd": null,
      "sga": null,
      "fcf": 4457000,
      "ocf": 4588000,
      "capex": -131000,
      "gross_margin": null,
      "op_margin": null,
      "fcf_margin": 0.07178983312930867,
      "rev_growth_yoy": 0.06077536863328037,
      "rev_growth_yoy_accel": 0.028618842539636556,
      "fcf_margin_change": -0.04482369611937444
    },
    {
      "date": "2024-09-30T00:00:00",
      "quarter_label": "2024-09 (Q3)",
      "revenue": 61731000,
      "gross_profit": null,
      "operating_income": null,
      "net_income": 2790000,
      "opex": null,
      "cogs": null,
      "rd": null,
      "sga": null,
      "fcf": 9344000,
      "ocf": 9716000,
      "capex": -372000,
      "gross_margin": null,
      "op_margin": null,
      "fcf_margin": 0.15136641233739936,
      "rev_growth_yoy": 0.03941741033844082,
      "rev_growth_yoy_accel": -0.021357958294839552,
      "fcf_margin_change": 0.07957657920809069
    },
    {
      "date": "2024-12-31T00:00:00",
      "quarter_label": "2024-12 (Q4)",
      "revenue": 63474000,
      "gross_profit": null,
      "operating_income": null,
      "net_income": 3621000,
      "opex": null,
      "cogs": null,
      "rd": null,
      "sga": null,
      "fcf": 10724000,
      "ocf": 10826000,
      "capex": -102000,
      "gross_margin": null,
      "op_margin": null,
      "fcf_margin": 0.16895106657844156,
      "rev_growth_yoy": -0.05048691827850828,
      "rev_growth_yoy_accel": -0.0899043286169491,
      "fcf_margin_change": 0.01758465424104219
    },
    {
      "date": "2025-03-31T00:00:00",
      "quarter_label": "2025-03 (Q1)",
      "revenue": 55652000,
      "gross_profit": null,
      "operating_income": null,
      "net_income": -1623000,
      "opex": null,
      "cogs": null,
      "rd": null,
      "sga": null,
      "fcf": 641000,
      "ocf": 748000,
      "capex": -107000,
      "gross_margin": null,
      "op_margin": null,
      "fcf_margin": 0.011518004743764824,
      "rev_growth_yoy": -0.03569448294981979,
      "rev_growth_yoy_accel": 0.014792435328688486,
      "fcf_margin_change": -0.15743306183467673
    },
    {
      "date": "2025-06-30T00:00:00",
      "quarter_label": "2025-06 (Q2)",
      "revenue": 65086000,
      "gross_profit": null,
      "operating_income": null,
      "net_income": 6459000,
      "opex": null,
      "cogs": null,
      "rd": null,
      "sga": null,
      "fcf": 3294000,
      "ocf": 3470000,
      "capex": -176000,
      "gross_margin": null,
      "op_margin": null,
      "fcf_margin": 0.050609962203853366,
      "rev_growth_yoy": 0.04835384318020746,
      "rev_growth_yoy_accel": 0.08404832613002725,
      "fcf_margin_change": 0.03909195746008854
    },
    {
      "date": "2025-09-30T00:00:00",
      "quarter_label": "2025-09 (Q3)",
      "revenue": 62808000,
      "gross_profit": null,
      "operating_income": null,
      "net_income": 2417000,
      "opex": null,
      "cogs": null,
      "rd": null,
      "sga": null,
      "fcf": 4613000,
      "ocf": 4673000,
      "capex": -60000,
      "gross_margin": null,
      "op_margin": null,
      "fcf_margin": 0.0734460578270284,
      "rev_growth_yoy": 0.017446663750789716,
      "rev_growth_yoy_accel": -0.030907179429417744,
      "fcf_margin_change": 0.022836095623175033
    }
  ],
  "signals": [
    {
      "quarter": "2025-06 (Q2)",
      "signal": "YoY REVENUE GROWTH ACCELERATION",
      "detail": "YoY growth: +4.8% vs prior quarter YoY: -3.6% (accel: +8.4%)",
      "severity": "MEDIUM"
    },
    {
      "quarter": "2024-12 (Q4)",
      "signal": "YoY REVENUE GROWTH DECELERATION",
      "detail": "YoY growth: -5.0% vs prior quarter YoY: +3.9% (decel: -9.0%)",
      "severity": "WARNING"
    },
    {
      "quarter": "2024-09 (Q3)",
      "signal": "FCF MARGIN EXPANSION",
      "detail": "FCF margin: +7.2% -> +15.1% (+8.0%)",
      "severity": "MEDIUM"
    },
    {
      "quarter": "2023-12 (Q4)",
      "signal": "YoY REVENUE GROWTH DECELERATION",
      "detail": "YoY growth: -0.6% vs prior quarter YoY: +5.7% (decel: -6.3%)",
      "severity": "WARNING"
    },
    {
      "quarter": "2023-06 (Q2)",
      "signal": "YoY REVENUE GROWTH ACCELERATION",
      "detail": "YoY growth: +8.9% vs prior quarter YoY: +1.0% (accel: +7.9%)",
      "severity": "MEDIUM"
    },
    {
      "quarter": "2022-09 (Q3)",
      "signal": "FCF MARGIN EXPANSION",
      "detail": "FCF margin: +19.0% -> +31.0% (+12.0%)",
      "severity": "MEDIUM"
    },
    {
      "quarter": "2022-09 (Q3)",
      "signal": "YoY REVENUE GROWTH ACCELERATION",
      "detail": "YoY growth: -8.8% vs prior quarter YoY: -15.5% (accel: +6.7%)",
      "severity": "MEDIUM"
    },
    {
      "quarter": "2022-06 (Q2)",
      "signal": "YoY REVENUE GROWTH DECELERATION",
      "detail": "YoY growth: -15.5% vs prior quarter YoY: -0.2% (decel: -15.2%)",
      "severity": "WARNING"
    },
    {
      "quarter": "2022-03 (Q1)",
      "signal": "YoY REVENUE GROWTH DECELERATION",
      "detail": "YoY growth: -0.2% vs prior quarter YoY: +7.6% (decel: -7.9%)",
      "severity": "WARNING"
    },
    {
      "quarter": "2021-09 (Q3)",
      "signal": "FCF MARGIN EXPANSION",
      "detail": "FCF margin: +10.1% -> +23.9% (+13.8%)",
      "severity": "MEDIUM"
    },
    {
      "quarter": "2021-06 (Q2)",
      "signal": "FCF MARGIN EXPANSION",
      "detail": "FCF margin: +3.2% -> +10.1% (+6.9%)",
      "severity": "MEDIUM"
    }
  ],
  "data_quality": {
    "n_quarters": 20,
    "coverage": {
      "revenue": [
        20,
        20
      ],
      "gross_profit": [
        0,
        20
      ],
      "op_income": [
        0,
        20
      ],
      "fcf": [
        20,
        20
      ]
    },
    "gaps": [],
    "warnings": [
      "gross_profit: no data",
      "op_income: no data"
    ]
  },
  "market_cap": null,
  "source": "SEC EDGAR",
  "last_updated": "2026-02-02T22:49:47.875351",
  "sector": "Financial Services",
  "industry": "Insurance - Life"
}