{
  "ticker": "CINF",
  "name": "CINCINNATI FINANCIAL CORP",
  "quarters": [
    {
      "date": "2020-12-31T00:00:00",
      "quarter_label": "2020-12 (Q4)",
      "revenue": 2694000000,
      "gross_profit": null,
      "operating_income": null,
      "net_income": 1049000000,
      "opex": null,
      "cogs": null,
      "rd": null,
      "sga": null,
      "fcf": 368000000,
      "ocf": 372000000,
      "capex": -4000000,
      "gross_margin": null,
      "op_margin": null,
      "fcf_margin": 0.13659985152190052
    },
    {
      "date": "2021-03-31T00:00:00",
      "quarter_label": "2021-03 (Q1)",
      "revenue": 2227000000,
      "gross_profit": null,
      "operating_income": null,
      "net_income": 620000000,
      "opex": null,
      "cogs": null,
      "rd": null,
      "sga": null,
      "fcf": 349000000,
      "ocf": 354000000,
      "capex": -5000000,
      "gross_margin": null,
      "op_margin": null,
      "fcf_margin": 0.15671306690615178,
      "fcf_margin_change": 0.02011321538425126
    },
    {
      "date": "2021-06-30T00:00:00",
      "quarter_label": "2021-06 (Q2)",
      "revenue": 2295000000,
      "gross_profit": null,
      "operating_income": null,
      "net_income": 703000000,
      "opex": null,
      "cogs": null,
      "rd": null,
      "sga": null,
      "fcf": 559000000,
      "ocf": 563000000,
      "capex": -4000000,
      "gross_margin": null,
      "op_margin": null,
      "fcf_margin": 0.24357298474945535,
      "fcf_margin_change": 0.08685991784330357
    },
    {
      "date": "2021-09-30T00:00:00",
      "quarter_label": "2021-09 (Q3)",
      "revenue": 1785000000,
      "gross_profit": null,
      "operating_income": null,
      "net_income": 153000000,
      "opex": null,
      "cogs": null,
      "rd": null,
      "sga": null,
      "fcf": 598000000,
      "ocf": 601000000,
      "capex": -3000000,
      "gross_margin": null,
      "op_margin": null,
      "fcf_margin": 0.33501400560224087,
      "fcf_margin_change": 0.09144102085278552
    },
    {
      "date": "2021-12-31T00:00:00",
      "quarter_label": "2021-12 (Q4)",
      "revenue": 3323000000,
      "gross_profit": null,
      "operating_income": null,
      "net_income": 1470000000,
      "opex": null,
      "cogs": null,
      "rd": null,
      "sga": null,
      "fcf": 460000000,
      "ocf": 463000000,
      "capex": -3000000,
      "gross_margin": null,
      "op_margin": null,
      "fcf_margin": 0.13842913030394222,
      "rev_growth_yoy": 0.23348181143281366,
      "fcf_margin_change": -0.19658487529829866
    },
    {
      "date": "2022-03-31T00:00:00",
      "quarter_label": "2022-03 (Q1)",
      "revenue": 1215000000,
      "gross_profit": null,
      "operating_income": null,
      "net_income": -273000000,
      "opex": null,
      "cogs": null,
      "rd": null,
      "sga": null,
      "fcf": 194000000,
      "ocf": 198000000,
      "capex": -4000000,
      "gross_margin": null,
      "op_margin": null,
      "fcf_margin": 0.15967078189300413,
      "rev_growth_yoy": -0.4544229905702739,
      "rev_growth_yoy_accel": -0.6879048020030876,
      "fcf_margin_change": 0.02124165158906191
    },
    {
      "date": "2022-06-30T00:00:00",
      "quarter_label": "2022-06 (Q2)",
      "revenue": 820000000,
      "gross_profit": null,
      "operating_income": null,
      "net_income": -808000000,
      "opex": null,
      "cogs": null,
      "rd": null,
      "sga": null,
      "fcf": 553000000,
      "ocf": 557000000,
      "capex": -4000000,
      "gross_margin": null,
      "op_margin": null,
      "fcf_margin": 0.6743902439024391,
      "rev_growth_yoy": -0.6427015250544662,
      "rev_growth_yoy_accel": -0.1882785344841923,
      "fcf_margin_change": 0.514719462009435
    },
    {
      "date": "2022-09-30T00:00:00",
      "quarter_label": "2022-09 (Q3)",
      "revenue": 1408000000,
      "gross_profit": null,
      "operating_income": null,
      "net_income": -418000000,
      "opex": null,
      "cogs": null,
      "rd": null,
      "sga": null,
      "fcf": 662000000,
      "ocf": 666000000,
      "capex": -4000000,
      "gross_margin": null,
      "op_margin": null,
      "fcf_margin": 0.47017045454545453,
      "rev_growth_yoy": -0.21120448179271709,
      "rev_growth_yoy_accel": 0.4314970432617491,
      "fcf_margin_change": -0.20421978935698454
    },
    {
      "date": "2022-12-31T00:00:00",
      "quarter_label": "2022-12 (Q4)",
      "revenue": 3114000000,
      "gross_profit": null,
      "operating_income": null,
      "net_income": 1013000000,
      "opex": null,
      "cogs": null,
      "rd": null,
      "sga": null,
      "fcf": 628000000,
      "ocf": 631000000,
      "capex": -3000000,
      "gross_margin": null,
      "op_margin": null,
      "fcf_margin": 0.20166987797045602,
      "rev_growth_yoy": -0.06289497442070419,
      "rev_growth_yoy_accel": 0.1483095073720129,
      "fcf_margin_change": -0.2685005765749985
    },
    {
      "date": "2023-03-31T00:00:00",
      "quarter_label": "2023-03 (Q1)",
      "revenue": 2241000000,
      "gross_profit": null,
      "operating_income": null,
      "net_income": 225000000,
      "opex": null,
      "cogs": null,
      "rd": null,
      "sga": null,
      "fcf": 246000000,
      "ocf": 250000000,
      "capex": -4000000,
      "gross_margin": null,
      "op_margin": null,
      "fcf_margin": 0.10977242302543508,
      "rev_growth_yoy": 0.8444444444444444,
      "rev_growth_yoy_accel": 0.9073394188651487,
      "fcf_margin_change": -0.09189745494502094
    },
    {
      "date": "2023-06-30T00:00:00",
      "quarter_label": "2023-06 (Q2)",
      "revenue": 2605000000,
      "gross_profit": null,
      "operating_income": null,
      "net_income": 534000000,
      "opex": null,
      "cogs": null,
      "rd": null,
      "sga": null,
      "fcf": 571000000,
      "ocf": 575000000,
      "capex": -4000000,
      "gross_margin": null,
      "op_margin": null,
      "fcf_margin": 0.21919385796545104,
      "rev_growth_yoy": 2.176829268292683,
      "rev_growth_yoy_accel": 1.3323848238482383,
      "fcf_margin_change": 0.10942143494001597
    },
    {
      "date": "2023-09-30T00:00:00",
      "quarter_label": "2023-09 (Q3)",
      "revenue": 1811000000,
      "gross_profit": null,
      "operating_income": null,
      "net_income": -99000000,
      "opex": null,
      "cogs": null,
      "rd": null,
      "sga": null,
      "fcf": 648000000,
      "ocf": 650000000,
      "capex": -2000000,
      "gross_margin": null,
      "op_margin": null,
      "fcf_margin": 0.3578133627829928,
      "rev_growth_yoy": 0.2862215909090909,
      "rev_growth_yoy_accel": -1.890607677383592,
      "fcf_margin_change": 0.13861950481754176
    },
    {
      "date": "2023-12-31T00:00:00",
      "quarter_label": "2023-12 (Q4)",
      "revenue": 3356000000,
      "gross_profit": null,
      "operating_income": null,
      "net_income": 1183000000,
      "opex": null,
      "cogs": null,
      "rd": null,
      "sga": null,
      "fcf": 569000000,
      "ocf": 577000000,
      "capex": -8000000,
      "gross_margin": null,
      "op_margin": null,
      "fcf_margin": 0.1695470798569726,
      "rev_growth_yoy": 0.07771355170199101,
      "rev_growth_yoy_accel": -0.20850803920709987,
      "fcf_margin_change": -0.1882662829260202
    },
    {
      "date": "2024-03-31T00:00:00",
      "quarter_label": "2024-03 (Q1)",
      "revenue": 2935000000,
      "gross_profit": null,
      "operating_income": null,
      "net_income": 755000000,
      "opex": null,
      "cogs": null,
      "rd": null,
      "sga": null,
      "fcf": 346000000,
      "ocf": 353000000,
      "capex": -7000000,
      "gross_margin": null,
      "op_margin": null,
      "fcf_margin": 0.11788756388415673,
      "rev_growth_yoy": 0.30968317715305665,
      "rev_growth_yoy_accel": 0.23196962545106564,
      "fcf_margin_change": -0.05165951597281586
    },
    {
      "date": "2024-06-30T00:00:00",
      "quarter_label": "2024-06 (Q2)",
      "revenue": 2544000000,
      "gross_profit": null,
      "operating_income": null,
      "net_income": 312000000,
      "opex": null,
      "cogs": null,
      "rd": null,
      "sga": null,
      "fcf": 737000000,
      "ocf": 742000000,
      "capex": -5000000,
      "gross_margin": null,
      "op_margin": null,
      "fcf_margin": 0.2897012578616352,
      "rev_growth_yoy": -0.023416506717850286,
      "rev_growth_yoy_accel": -0.33309968387090694,
      "fcf_margin_change": 0.17181369397747848
    },
    {
      "date": "2024-09-30T00:00:00",
      "quarter_label": "2024-09 (Q3)",
      "revenue": 3320000000,
      "gross_profit": null,
      "operating_income": null,
      "net_income": 820000000,
      "opex": null,
      "cogs": null,
      "rd": null,
      "sga": null,
      "fcf": 906000000,
      "ocf": 912000000,
      "capex": -6000000,
      "gross_margin": null,
      "op_margin": null,
      "fcf_margin": 0.2728915662650602,
      "rev_growth_yoy": 0.8332413031474324,
      "rev_growth_yoy_accel": 0.8566578098652827,
      "fcf_margin_change": -0.01680969159657497
    },
    {
      "date": "2024-12-31T00:00:00",
      "quarter_label": "2024-12 (Q4)",
      "revenue": 2538000000,
      "gross_profit": null,
      "operating_income": null,
      "net_income": 405000000,
      "opex": null,
      "cogs": null,
      "rd": null,
      "sga": null,
      "fcf": 638000000,
      "ocf": 642000000,
      "capex": -4000000,
      "gross_margin": null,
      "op_margin": null,
      "fcf_margin": 0.25137903861308114,
      "rev_growth_yoy": -0.24374255065554232,
      "rev_growth_yoy_accel": -1.0769838538029748,
      "fcf_margin_change": -0.021512527651979085
    },
    {
      "date": "2025-03-31T00:00:00",
      "quarter_label": "2025-03 (Q1)",
      "revenue": 2566000000,
      "gross_profit": null,
      "operating_income": null,
      "net_income": -90000000,
      "opex": null,
      "cogs": null,
      "rd": null,
      "sga": null,
      "fcf": 307000000,
      "ocf": 310000000,
      "capex": -3000000,
      "gross_margin": null,
      "op_margin": null,
      "fcf_margin": 0.11964146531566641,
      "rev_growth_yoy": -0.12572402044293016,
      "rev_growth_yoy_accel": 0.11801853021261216,
      "fcf_margin_change": -0.13173757329741473
    },
    {
      "date": "2025-06-30T00:00:00",
      "quarter_label": "2025-06 (Q2)",
      "revenue": 3248000000,
      "gross_profit": null,
      "operating_income": null,
      "net_income": 685000000,
      "opex": null,
      "cogs": null,
      "rd": null,
      "sga": null,
      "fcf": 737000000,
      "ocf": 741000000,
      "capex": -4000000,
      "gross_margin": null,
      "op_margin": null,
      "fcf_margin": 0.2269088669950739,
      "rev_growth_yoy": 0.27672955974842767,
      "rev_growth_yoy_accel": 0.4024535801913578,
      "fcf_margin_change": 0.10726740167940749
    },
    {
      "date": "2025-09-30T00:00:00",
      "quarter_label": "2025-09 (Q3)",
      "revenue": 3726000000,
      "gross_profit": null,
      "operating_income": null,
      "net_income": 1122000000,
      "opex": null,
      "cogs": null,
      "rd": null,
      "sga": null,
      "fcf": 1109000000,
      "ocf": 1114000000,
      "capex": -5000000,
      "gross_margin": null,
      "op_margin": null,
      "fcf_margin": 0.297638217928073,
      "rev_growth_yoy": 0.12228915662650602,
      "rev_growth_yoy_accel": -0.15444040312192164,
      "fcf_margin_change": 0.07072935093299909
    }
  ],
  "signals": [
    {
      "quarter": "2025-09 (Q3)",
      "signal": "FCF MARGIN EXPANSION",
      "detail": "FCF margin: +22.7% -> +29.8% (+7.1%)",
      "severity": "MEDIUM"
    },
    {
      "quarter": "2025-09 (Q3)",
      "signal": "YoY REVENUE GROWTH DECELERATION",
      "detail": "YoY growth: +12.2% vs prior quarter YoY: +27.7% (decel: -15.4%)",
      "severity": "WARNING"
    },
    {
      "quarter": "2025-06 (Q2)",
      "signal": "FCF MARGIN EXPANSION",
      "detail": "FCF margin: +12.0% -> +22.7% (+10.7%)",
      "severity": "MEDIUM"
    },
    {
      "quarter": "2025-06 (Q2)",
      "signal": "YoY REVENUE GROWTH ACCELERATION",
      "detail": "YoY growth: +27.7% vs prior quarter YoY: -12.6% (accel: +40.2%)",
      "severity": "HIGH"
    },
    {
      "quarter": "2025-03 (Q1)",
      "signal": "YoY REVENUE GROWTH ACCELERATION",
      "detail": "YoY growth: -12.6% vs prior quarter YoY: -24.4% (accel: +11.8%)",
      "severity": "MEDIUM"
    },
    {
      "quarter": "2024-12 (Q4)",
      "signal": "YoY REVENUE GROWTH DECELERATION",
      "detail": "YoY growth: -24.4% vs prior quarter YoY: +83.3% (decel: -107.7%)",
      "severity": "WARNING"
    },
    {
      "quarter": "2024-09 (Q3)",
      "signal": "YoY REVENUE GROWTH ACCELERATION",
      "detail": "YoY growth: +83.3% vs prior quarter YoY: -2.3% (accel: +85.7%)",
      "severity": "HIGH"
    },
    {
      "quarter": "2024-06 (Q2)",
      "signal": "FCF MARGIN EXPANSION",
      "detail": "FCF margin: +11.8% -> +29.0% (+17.2%)",
      "severity": "MEDIUM"
    },
    {
      "quarter": "2024-06 (Q2)",
      "signal": "YoY REVENUE GROWTH DECELERATION",
      "detail": "YoY growth: -2.3% vs prior quarter YoY: +31.0% (decel: -33.3%)",
      "severity": "WARNING"
    },
    {
      "quarter": "2024-03 (Q1)",
      "signal": "YoY REVENUE GROWTH ACCELERATION",
      "detail": "YoY growth: +31.0% vs prior quarter YoY: +7.8% (accel: +23.2%)",
      "severity": "HIGH"
    },
    {
      "quarter": "2023-12 (Q4)",
      "signal": "YoY REVENUE GROWTH DECELERATION",
      "detail": "YoY growth: +7.8% vs prior quarter YoY: +28.6% (decel: -20.9%)",
      "severity": "WARNING"
    },
    {
      "quarter": "2023-09 (Q3)",
      "signal": "FCF MARGIN EXPANSION",
      "detail": "FCF margin: +21.9% -> +35.8% (+13.9%)",
      "severity": "MEDIUM"
    },
    {
      "quarter": "2023-09 (Q3)",
      "signal": "YoY REVENUE GROWTH DECELERATION",
      "detail": "YoY growth: +28.6% vs prior quarter YoY: +217.7% (decel: -189.1%)",
      "severity": "WARNING"
    },
    {
      "quarter": "2023-06 (Q2)",
      "signal": "FCF MARGIN EXPANSION",
      "detail": "FCF margin: +11.0% -> +21.9% (+10.9%)",
      "severity": "MEDIUM"
    },
    {
      "quarter": "2023-06 (Q2)",
      "signal": "YoY REVENUE GROWTH ACCELERATION",
      "detail": "YoY growth: +217.7% vs prior quarter YoY: +84.4% (accel: +133.2%)",
      "severity": "HIGH"
    },
    {
      "quarter": "2023-03 (Q1)",
      "signal": "YoY REVENUE GROWTH ACCELERATION",
      "detail": "YoY growth: +84.4% vs prior quarter YoY: -6.3% (accel: +90.7%)",
      "severity": "HIGH"
    },
    {
      "quarter": "2022-12 (Q4)",
      "signal": "YoY REVENUE GROWTH ACCELERATION",
      "detail": "YoY growth: -6.3% vs prior quarter YoY: -21.1% (accel: +14.8%)",
      "severity": "MEDIUM"
    },
    {
      "quarter": "2022-09 (Q3)",
      "signal": "YoY REVENUE GROWTH ACCELERATION",
      "detail": "YoY growth: -21.1% vs prior quarter YoY: -64.3% (accel: +43.1%)",
      "severity": "HIGH"
    },
    {
      "quarter": "2022-06 (Q2)",
      "signal": "FCF MARGIN EXPANSION",
      "detail": "FCF margin: +16.0% -> +67.4% (+51.5%)",
      "severity": "MEDIUM"
    },
    {
      "quarter": "2022-06 (Q2)",
      "signal": "YoY REVENUE GROWTH DECELERATION",
      "detail": "YoY growth: -64.3% vs prior quarter YoY: -45.4% (decel: -18.8%)",
      "severity": "WARNING"
    },
    {
      "quarter": "2022-03 (Q1)",
      "signal": "YoY REVENUE GROWTH DECELERATION",
      "detail": "YoY growth: -45.4% vs prior quarter YoY: +23.3% (decel: -68.8%)",
      "severity": "WARNING"
    },
    {
      "quarter": "2021-09 (Q3)",
      "signal": "FCF MARGIN EXPANSION",
      "detail": "FCF margin: +24.4% -> +33.5% (+9.1%)",
      "severity": "MEDIUM"
    },
    {
      "quarter": "2021-06 (Q2)",
      "signal": "FCF MARGIN EXPANSION",
      "detail": "FCF margin: +15.7% -> +24.4% (+8.7%)",
      "severity": "MEDIUM"
    }
  ],
  "data_quality": {
    "n_quarters": 20,
    "coverage": {
      "revenue": [
        20,
        20
      ],
      "gross_profit": [
        0,
        20
      ],
      "op_income": [
        0,
        20
      ],
      "fcf": [
        20,
        20
      ]
    },
    "gaps": [],
    "warnings": [
      "gross_profit: no data",
      "op_income: no data"
    ]
  },
  "market_cap": null,
  "source": "SEC EDGAR",
  "last_updated": "2026-02-02T20:13:47.540526"
}