{
  "ticker": "CIVB",
  "name": "Civista Bancshares, Inc.",
  "quarters": [
    {
      "date": "2020-12-31T00:00:00",
      "quarter_label": "2020-12 (Q4)",
      "revenue": 3985000,
      "gross_profit": null,
      "operating_income": null,
      "net_income": 10173000,
      "opex": null,
      "cogs": null,
      "rd": null,
      "sga": null,
      "fcf": 7161000,
      "ocf": 7353000,
      "capex": -192000,
      "gross_margin": null,
      "op_margin": null,
      "fcf_margin": 1.7969887076537014
    },
    {
      "date": "2021-03-31T00:00:00",
      "quarter_label": "2021-03 (Q1)",
      "revenue": 5962000,
      "gross_profit": null,
      "operating_income": null,
      "net_income": 10758000,
      "opex": null,
      "cogs": null,
      "rd": null,
      "sga": null,
      "fcf": 15747000,
      "ocf": 15910000,
      "capex": -163000,
      "gross_margin": null,
      "op_margin": null,
      "fcf_margin": 2.641227775914123,
      "fcf_margin_change": 0.8442390682604215
    },
    {
      "date": "2021-06-30T00:00:00",
      "quarter_label": "2021-06 (Q2)",
      "revenue": 4618000,
      "gross_profit": null,
      "operating_income": null,
      "net_income": 9164000,
      "opex": null,
      "cogs": null,
      "rd": null,
      "sga": null,
      "fcf": 3032000,
      "ocf": 4086000,
      "capex": -1054000,
      "gross_margin": null,
      "op_margin": null,
      "fcf_margin": 0.6565612819402339,
      "fcf_margin_change": -1.9846664939738892
    },
    {
      "date": "2021-09-30T00:00:00",
      "quarter_label": "2021-09 (Q3)",
      "revenue": 4352000,
      "gross_profit": null,
      "operating_income": null,
      "net_income": 9642000,
      "opex": null,
      "cogs": null,
      "rd": null,
      "sga": null,
      "fcf": 13827000,
      "ocf": 14299000,
      "capex": -472000,
      "gross_margin": null,
      "op_margin": null,
      "fcf_margin": 3.1771599264705883,
      "fcf_margin_change": 2.5205986445303545
    },
    {
      "date": "2021-12-31T00:00:00",
      "quarter_label": "2021-12 (Q4)",
      "revenue": 4704000,
      "gross_profit": null,
      "operating_income": null,
      "net_income": 10982000,
      "opex": null,
      "cogs": null,
      "rd": null,
      "sga": null,
      "fcf": 6228000,
      "ocf": 6466000,
      "capex": -238000,
      "gross_margin": null,
      "op_margin": null,
      "fcf_margin": 1.3239795918367347,
      "rev_growth_yoy": 0.18042659974905897,
      "fcf_margin_change": -1.8531803346338536
    },
    {
      "date": "2022-03-31T00:00:00",
      "quarter_label": "2022-03 (Q1)",
      "revenue": 6274000,
      "gross_profit": null,
      "operating_income": null,
      "net_income": 8466000,
      "opex": null,
      "cogs": null,
      "rd": null,
      "sga": null,
      "fcf": 8976000,
      "ocf": 9114000,
      "capex": -138000,
      "gross_margin": null,
      "op_margin": null,
      "fcf_margin": 1.4306662416321325,
      "rev_growth_yoy": 0.05233143240523314,
      "rev_growth_yoy_accel": -0.12809516734382584,
      "fcf_margin_change": 0.10668664979539777
    },
    {
      "date": "2022-06-30T00:00:00",
      "quarter_label": "2022-06 (Q2)",
      "revenue": 4621000,
      "gross_profit": null,
      "operating_income": null,
      "net_income": 7701000,
      "opex": null,
      "cogs": null,
      "rd": null,
      "sga": null,
      "fcf": 35980000,
      "ocf": 38514000,
      "capex": -2534000,
      "gross_margin": null,
      "op_margin": null,
      "fcf_margin": 7.786193464618048,
      "rev_growth_yoy": 0.00064963187527068,
      "rev_growth_yoy_accel": -0.05168180052996246,
      "fcf_margin_change": 6.355527222985915
    },
    {
      "date": "2022-09-30T00:00:00",
      "quarter_label": "2022-09 (Q3)",
      "revenue": 4761000,
      "gross_profit": null,
      "operating_income": null,
      "net_income": 11112000,
      "opex": null,
      "cogs": null,
      "rd": null,
      "sga": null,
      "fcf": -20743000,
      "ocf": -20207000,
      "capex": -536000,
      "gross_margin": null,
      "op_margin": null,
      "fcf_margin": -4.356857802982566,
      "rev_growth_yoy": 0.0939797794117647,
      "rev_growth_yoy_accel": 0.09333014753649403,
      "fcf_margin_change": -12.143051267600615
    },
    {
      "date": "2022-12-31T00:00:00",
      "quarter_label": "2022-12 (Q4)",
      "revenue": 8880000,
      "gross_profit": null,
      "operating_income": null,
      "net_income": 12148000,
      "opex": null,
      "cogs": null,
      "rd": null,
      "sga": null,
      "fcf": -5538000,
      "ocf": -2238000,
      "capex": -3300000,
      "gross_margin": null,
      "op_margin": null,
      "fcf_margin": -0.6236486486486487,
      "rev_growth_yoy": 0.8877551020408163,
      "rev_growth_yoy_accel": 0.7937753226290516,
      "fcf_margin_change": 3.7332091543339176
    },
    {
      "date": "2023-03-31T00:00:00",
      "quarter_label": "2023-03 (Q1)",
      "revenue": 10355000,
      "gross_profit": null,
      "operating_income": null,
      "net_income": 12888000,
      "opex": null,
      "cogs": null,
      "rd": null,
      "sga": null,
      "fcf": 18549000,
      "ocf": 19794000,
      "capex": -1245000,
      "gross_margin": null,
      "op_margin": null,
      "fcf_margin": 1.7913085465958474,
      "rev_growth_yoy": 0.6504622250557858,
      "rev_growth_yoy_accel": -0.23729287698503054,
      "fcf_margin_change": 2.414957195244496
    },
    {
      "date": "2023-06-30T00:00:00",
      "quarter_label": "2023-06 (Q2)",
      "revenue": 6137000,
      "gross_profit": null,
      "operating_income": null,
      "net_income": 10034000,
      "opex": null,
      "cogs": null,
      "rd": null,
      "sga": null,
      "fcf": 19217000,
      "ocf": 19330000,
      "capex": -113000,
      "gross_margin": null,
      "op_margin": null,
      "fcf_margin": 3.1313345282711422,
      "rev_growth_yoy": 0.32806751785327853,
      "rev_growth_yoy_accel": -0.32239470720250724,
      "fcf_margin_change": 1.3400259816752949
    },
    {
      "date": "2023-09-30T00:00:00",
      "quarter_label": "2023-09 (Q3)",
      "revenue": 5120000,
      "gross_profit": null,
      "operating_income": null,
      "net_income": 10387000,
      "opex": null,
      "cogs": null,
      "rd": null,
      "sga": null,
      "fcf": 20663000,
      "ocf": 21469000,
      "capex": -806000,
      "gross_margin": null,
      "op_margin": null,
      "fcf_margin": 4.0357421875,
      "rev_growth_yoy": 0.0754043268220962,
      "rev_growth_yoy_accel": -0.25266319103118234,
      "fcf_margin_change": 0.9044076592288581
    },
    {
      "date": "2023-12-31T00:00:00",
      "quarter_label": "2023-12 (Q4)",
      "revenue": 11319000,
      "gross_profit": null,
      "operating_income": null,
      "net_income": 9655000,
      "opex": null,
      "cogs": null,
      "rd": null,
      "sga": null,
      "fcf": 840000,
      "ocf": 2105000,
      "capex": -1265000,
      "gross_margin": null,
      "op_margin": null,
      "fcf_margin": 0.07421150278293136,
      "rev_growth_yoy": 0.27466216216216216,
      "rev_growth_yoy_accel": 0.19925783534006597,
      "fcf_margin_change": -3.961530684717069
    },
    {
      "date": "2024-03-31T00:00:00",
      "quarter_label": "2024-03 (Q1)",
      "revenue": 5671000,
      "gross_profit": null,
      "operating_income": null,
      "net_income": 6360000,
      "opex": null,
      "cogs": null,
      "rd": null,
      "sga": null,
      "fcf": 629000,
      "ocf": 752000,
      "capex": -123000,
      "gross_margin": null,
      "op_margin": null,
      "fcf_margin": 0.11091518250749427,
      "rev_growth_yoy": -0.4523418638338967,
      "rev_growth_yoy_accel": -0.7270040259960588,
      "fcf_margin_change": 0.03670367972456291
    },
    {
      "date": "2024-06-30T00:00:00",
      "quarter_label": "2024-06 (Q2)",
      "revenue": 5790000,
      "gross_profit": null,
      "operating_income": null,
      "net_income": 7064000,
      "opex": null,
      "cogs": null,
      "rd": null,
      "sga": null,
      "fcf": 12193000,
      "ocf": 12193000,
      "capex": null,
      "gross_margin": null,
      "op_margin": null,
      "fcf_margin": 2.1058721934369604,
      "rev_growth_yoy": -0.056542284503829233,
      "rev_growth_yoy_accel": 0.39579957933006743,
      "fcf_margin_change": 1.994957010929466
    },
    {
      "date": "2024-09-30T00:00:00",
      "quarter_label": "2024-09 (Q3)",
      "revenue": 5194000,
      "gross_profit": null,
      "operating_income": null,
      "net_income": 8366000,
      "opex": null,
      "cogs": null,
      "rd": null,
      "sga": null,
      "fcf": 12905000,
      "ocf": 12905000,
      "capex": null,
      "gross_margin": null,
      "op_margin": null,
      "fcf_margin": 2.484597612629958,
      "rev_growth_yoy": 0.014453125,
      "rev_growth_yoy_accel": 0.07099540950382924,
      "fcf_margin_change": 0.3787254191929974
    },
    {
      "date": "2024-12-31T00:00:00",
      "quarter_label": "2024-12 (Q4)",
      "revenue": 2469000,
      "gross_profit": null,
      "operating_income": null,
      "net_income": 9893000,
      "opex": null,
      "cogs": null,
      "rd": null,
      "sga": null,
      "fcf": 22396000,
      "ocf": 22396000,
      "capex": null,
      "gross_margin": null,
      "op_margin": null,
      "fcf_margin": 9.070878898339409,
      "rev_growth_yoy": -0.7818711900344554,
      "rev_growth_yoy_accel": -0.7963243150344553,
      "fcf_margin_change": 6.58628128570945
    },
    {
      "date": "2025-03-31T00:00:00",
      "quarter_label": "2025-03 (Q1)",
      "revenue": 4795000,
      "gross_profit": null,
      "operating_income": null,
      "net_income": 10168000,
      "opex": null,
      "cogs": null,
      "rd": null,
      "sga": null,
      "fcf": 3451000,
      "ocf": 3612000,
      "capex": -161000,
      "gross_margin": null,
      "op_margin": null,
      "fcf_margin": 0.7197080291970803,
      "rev_growth_yoy": -0.15447011109151826,
      "rev_growth_yoy_accel": 0.6274010789429372,
      "fcf_margin_change": -8.351170869142328
    },
    {
      "date": "2025-06-30T00:00:00",
      "quarter_label": "2025-06 (Q2)",
      "revenue": 5107000,
      "gross_profit": null,
      "operating_income": null,
      "net_income": 11015000,
      "opex": null,
      "cogs": null,
      "rd": null,
      "sga": null,
      "fcf": 11081000,
      "ocf": 11081000,
      "capex": null,
      "gross_margin": null,
      "op_margin": null,
      "fcf_margin": 2.1697669864891327,
      "rev_growth_yoy": -0.11796200345423144,
      "rev_growth_yoy_accel": 0.03650810763728682,
      "fcf_margin_change": 1.4500589572920524
    },
    {
      "date": "2025-09-30T00:00:00",
      "quarter_label": "2025-09 (Q3)",
      "revenue": 6181000,
      "gross_profit": null,
      "operating_income": null,
      "net_income": 12760000,
      "opex": null,
      "cogs": null,
      "rd": null,
      "sga": null,
      "fcf": 18968000,
      "ocf": 18968000,
      "capex": null,
      "gross_margin": null,
      "op_margin": null,
      "fcf_margin": 3.0687591004691797,
      "rev_growth_yoy": 0.19002695417789758,
      "rev_growth_yoy_accel": 0.307988957632129,
      "fcf_margin_change": 0.898992113980047
    }
  ],
  "signals": [
    {
      "quarter": "2025-09 (Q3)",
      "signal": "FCF MARGIN EXPANSION",
      "detail": "FCF margin: +217.0% -> +306.9% (+89.9%)",
      "severity": "MEDIUM"
    },
    {
      "quarter": "2025-09 (Q3)",
      "signal": "YoY REVENUE GROWTH ACCELERATION",
      "detail": "YoY growth: +19.0% vs prior quarter YoY: -11.8% (accel: +30.8%)",
      "severity": "HIGH"
    },
    {
      "quarter": "2025-06 (Q2)",
      "signal": "FCF MARGIN EXPANSION",
      "detail": "FCF margin: +72.0% -> +217.0% (+145.0%)",
      "severity": "MEDIUM"
    },
    {
      "quarter": "2025-03 (Q1)",
      "signal": "YoY REVENUE GROWTH ACCELERATION",
      "detail": "YoY growth: -15.4% vs prior quarter YoY: -78.2% (accel: +62.7%)",
      "severity": "HIGH"
    },
    {
      "quarter": "2024-12 (Q4)",
      "signal": "FCF MARGIN EXPANSION",
      "detail": "FCF margin: +248.5% -> +907.1% (+658.6%)",
      "severity": "MEDIUM"
    },
    {
      "quarter": "2024-12 (Q4)",
      "signal": "YoY REVENUE GROWTH DECELERATION",
      "detail": "YoY growth: -78.2% vs prior quarter YoY: +1.4% (decel: -79.6%)",
      "severity": "WARNING"
    },
    {
      "quarter": "2024-09 (Q3)",
      "signal": "FCF MARGIN EXPANSION",
      "detail": "FCF margin: +210.6% -> +248.5% (+37.9%)",
      "severity": "MEDIUM"
    },
    {
      "quarter": "2024-09 (Q3)",
      "signal": "YoY REVENUE GROWTH ACCELERATION",
      "detail": "YoY growth: +1.4% vs prior quarter YoY: -5.7% (accel: +7.1%)",
      "severity": "MEDIUM"
    },
    {
      "quarter": "2024-06 (Q2)",
      "signal": "FCF MARGIN EXPANSION",
      "detail": "FCF margin: +11.1% -> +210.6% (+199.5%)",
      "severity": "MEDIUM"
    },
    {
      "quarter": "2024-06 (Q2)",
      "signal": "YoY REVENUE GROWTH ACCELERATION",
      "detail": "YoY growth: -5.7% vs prior quarter YoY: -45.2% (accel: +39.6%)",
      "severity": "HIGH"
    },
    {
      "quarter": "2024-03 (Q1)",
      "signal": "YoY REVENUE GROWTH DECELERATION",
      "detail": "YoY growth: -45.2% vs prior quarter YoY: +27.5% (decel: -72.7%)",
      "severity": "WARNING"
    },
    {
      "quarter": "2023-12 (Q4)",
      "signal": "YoY REVENUE GROWTH ACCELERATION",
      "detail": "YoY growth: +27.5% vs prior quarter YoY: +7.5% (accel: +19.9%)",
      "severity": "HIGH"
    },
    {
      "quarter": "2023-09 (Q3)",
      "signal": "FCF MARGIN EXPANSION",
      "detail": "FCF margin: +313.1% -> +403.6% (+90.4%)",
      "severity": "MEDIUM"
    },
    {
      "quarter": "2023-09 (Q3)",
      "signal": "YoY REVENUE GROWTH DECELERATION",
      "detail": "YoY growth: +7.5% vs prior quarter YoY: +32.8% (decel: -25.3%)",
      "severity": "WARNING"
    },
    {
      "quarter": "2023-06 (Q2)",
      "signal": "FCF MARGIN EXPANSION",
      "detail": "FCF margin: +179.1% -> +313.1% (+134.0%)",
      "severity": "MEDIUM"
    },
    {
      "quarter": "2023-06 (Q2)",
      "signal": "YoY REVENUE GROWTH DECELERATION",
      "detail": "YoY growth: +32.8% vs prior quarter YoY: +65.0% (decel: -32.2%)",
      "severity": "WARNING"
    },
    {
      "quarter": "2023-03 (Q1)",
      "signal": "FCF TURNED POSITIVE",
      "detail": "FCF margin: -62.4% -> +179.1%",
      "severity": "HIGH"
    },
    {
      "quarter": "2023-03 (Q1)",
      "signal": "YoY REVENUE GROWTH DECELERATION",
      "detail": "YoY growth: +65.0% vs prior quarter YoY: +88.8% (decel: -23.7%)",
      "severity": "WARNING"
    },
    {
      "quarter": "2022-12 (Q4)",
      "signal": "FCF MARGIN EXPANSION",
      "detail": "FCF margin: -435.7% -> -62.4% (+373.3%)",
      "severity": "MEDIUM"
    },
    {
      "quarter": "2022-12 (Q4)",
      "signal": "YoY REVENUE GROWTH ACCELERATION",
      "detail": "YoY growth: +88.8% vs prior quarter YoY: +9.4% (accel: +79.4%)",
      "severity": "HIGH"
    },
    {
      "quarter": "2022-09 (Q3)",
      "signal": "YoY REVENUE GROWTH ACCELERATION",
      "detail": "YoY growth: +9.4% vs prior quarter YoY: +0.1% (accel: +9.3%)",
      "severity": "MEDIUM"
    },
    {
      "quarter": "2022-06 (Q2)",
      "signal": "FCF MARGIN EXPANSION",
      "detail": "FCF margin: +143.1% -> +778.6% (+635.6%)",
      "severity": "MEDIUM"
    },
    {
      "quarter": "2022-06 (Q2)",
      "signal": "YoY REVENUE GROWTH DECELERATION",
      "detail": "YoY growth: +0.1% vs prior quarter YoY: +5.2% (decel: -5.2%)",
      "severity": "WARNING"
    },
    {
      "quarter": "2022-03 (Q1)",
      "signal": "FCF MARGIN EXPANSION",
      "detail": "FCF margin: +132.4% -> +143.1% (+10.7%)",
      "severity": "MEDIUM"
    },
    {
      "quarter": "2022-03 (Q1)",
      "signal": "YoY REVENUE GROWTH DECELERATION",
      "detail": "YoY growth: +5.2% vs prior quarter YoY: +18.0% (decel: -12.8%)",
      "severity": "WARNING"
    },
    {
      "quarter": "2021-09 (Q3)",
      "signal": "FCF MARGIN EXPANSION",
      "detail": "FCF margin: +65.7% -> +317.7% (+252.1%)",
      "severity": "MEDIUM"
    },
    {
      "quarter": "2021-03 (Q1)",
      "signal": "FCF MARGIN EXPANSION",
      "detail": "FCF margin: +179.7% -> +264.1% (+84.4%)",
      "severity": "MEDIUM"
    }
  ],
  "data_quality": {
    "n_quarters": 20,
    "coverage": {
      "revenue": [
        20,
        20
      ],
      "gross_profit": [
        0,
        20
      ],
      "op_income": [
        0,
        20
      ],
      "fcf": [
        20,
        20
      ]
    },
    "gaps": [],
    "warnings": [
      "gross_profit: no data",
      "op_income: no data"
    ]
  },
  "market_cap": null,
  "source": "SEC EDGAR",
  "last_updated": "2026-02-02T22:27:37.543138"
}