{
  "ticker": "CIVI",
  "name": "Civitas Resources,\u00a0Inc.",
  "quarters": [
    {
      "date": "2020-12-31T00:00:00",
      "quarter_label": "2020-12 (Q4)",
      "revenue": 62635000,
      "gross_profit": null,
      "operating_income": null,
      "net_income": null,
      "opex": 61574000,
      "cogs": null,
      "rd": null,
      "sga": null,
      "fcf": 47352000,
      "ocf": 47352000,
      "capex": null,
      "gross_margin": null,
      "op_margin": null,
      "fcf_margin": 0.7559990420691307
    },
    {
      "date": "2021-03-31T00:00:00",
      "quarter_label": "2021-03 (Q1)",
      "revenue": 74159000,
      "gross_profit": null,
      "operating_income": null,
      "net_income": null,
      "opex": 50672000,
      "cogs": null,
      "rd": null,
      "sga": null,
      "fcf": 42964000,
      "ocf": 42964000,
      "capex": null,
      "gross_margin": null,
      "op_margin": null,
      "fcf_margin": 0.5793497754824094,
      "op_leverage_ratio": Infinity,
      "fcf_margin_change": -0.1766492665867213
    },
    {
      "date": "2021-06-30T00:00:00",
      "quarter_label": "2021-06 (Q2)",
      "revenue": 156035000,
      "gross_profit": null,
      "operating_income": null,
      "net_income": null,
      "opex": 114624000,
      "cogs": null,
      "rd": null,
      "sga": null,
      "fcf": 36595000,
      "ocf": 36595000,
      "capex": null,
      "gross_margin": null,
      "op_margin": null,
      "fcf_margin": 0.23453071426282565,
      "op_leverage_ratio": 0.8747957561976686,
      "fcf_margin_change": -0.3448190612195837
    },
    {
      "date": "2021-09-30T00:00:00",
      "quarter_label": "2021-09 (Q3)",
      "revenue": 189963000,
      "gross_profit": null,
      "operating_income": null,
      "net_income": null,
      "opex": 96097000,
      "cogs": null,
      "rd": null,
      "sga": null,
      "fcf": 112684000,
      "ocf": 112684000,
      "capex": null,
      "gross_margin": null,
      "op_margin": null,
      "fcf_margin": 0.5931892000021056,
      "op_leverage_ratio": Infinity,
      "fcf_margin_change": 0.35865848573927994
    },
    {
      "date": "2021-12-31T00:00:00",
      "quarter_label": "2021-12 (Q4)",
      "revenue": 510457000,
      "gross_profit": null,
      "operating_income": null,
      "net_income": null,
      "opex": 347158000,
      "cogs": null,
      "rd": null,
      "sga": null,
      "fcf": 82356000,
      "ocf": 82356000,
      "capex": null,
      "gross_margin": null,
      "op_margin": null,
      "fcf_margin": 0.16133778163488796,
      "rev_growth_yoy": 7.149708629360581,
      "op_leverage_ratio": 0.645775343990307,
      "fcf_margin_change": -0.43185141836721763
    },
    {
      "date": "2022-03-31T00:00:00",
      "quarter_label": "2022-03 (Q1)",
      "revenue": 817810000,
      "gross_profit": null,
      "operating_income": null,
      "net_income": null,
      "opex": 415831000,
      "cogs": null,
      "rd": null,
      "sga": null,
      "fcf": 532541000,
      "ocf": 532541000,
      "capex": null,
      "gross_margin": null,
      "op_margin": null,
      "fcf_margin": 0.6511793692911556,
      "rev_growth_yoy": 10.027791636888308,
      "rev_growth_yoy_accel": 2.878083007527727,
      "op_leverage_ratio": 3.043823392556497,
      "fcf_margin_change": 0.4898415876562676
    },
    {
      "date": "2022-06-30T00:00:00",
      "quarter_label": "2022-06 (Q2)",
      "revenue": 1151364000,
      "gross_profit": null,
      "operating_income": null,
      "net_income": null,
      "opex": 453626000,
      "cogs": null,
      "rd": null,
      "sga": null,
      "fcf": 722227000,
      "ocf": 722227000,
      "capex": null,
      "gross_margin": null,
      "op_margin": null,
      "fcf_margin": 0.6272794702630966,
      "rev_growth_yoy": 6.378882942929471,
      "rev_growth_yoy_accel": -3.6489086939588367,
      "op_leverage_ratio": 4.487415145162155,
      "fcf_margin_change": -0.023899899028059002
    },
    {
      "date": "2022-09-30T00:00:00",
      "quarter_label": "2022-09 (Q3)",
      "revenue": 1007951000,
      "gross_profit": null,
      "operating_income": null,
      "net_income": null,
      "opex": 479505000,
      "cogs": null,
      "rd": null,
      "sga": null,
      "fcf": 710095000,
      "ocf": 710095000,
      "capex": null,
      "gross_margin": null,
      "op_margin": null,
      "fcf_margin": 0.7044935716121121,
      "rev_growth_yoy": 4.30603854434811,
      "rev_growth_yoy_accel": -2.0728443985813616,
      "fcf_margin_change": 0.07721410134901552
    },
    {
      "date": "2022-12-31T00:00:00",
      "quarter_label": "2022-12 (Q4)",
      "revenue": 814273000,
      "gross_profit": null,
      "operating_income": null,
      "net_income": null,
      "opex": 458396000,
      "cogs": null,
      "rd": null,
      "sga": null,
      "fcf": 512178000,
      "ocf": 512178000,
      "capex": null,
      "gross_margin": null,
      "op_margin": null,
      "fcf_margin": 0.6290003475492862,
      "rev_growth_yoy": 0.5951843152312536,
      "rev_growth_yoy_accel": -3.710854229116856,
      "fcf_margin_change": -0.07549322406282588
    },
    {
      "date": "2023-03-31T00:00:00",
      "quarter_label": "2023-03 (Q1)",
      "revenue": 656022000,
      "gross_profit": null,
      "operating_income": null,
      "net_income": null,
      "opex": 414965000,
      "cogs": null,
      "rd": null,
      "sga": null,
      "fcf": 538849000,
      "ocf": 538849000,
      "capex": null,
      "gross_margin": null,
      "op_margin": null,
      "fcf_margin": 0.8213886119672816,
      "rev_growth_yoy": -0.19783079199325027,
      "rev_growth_yoy_accel": -0.7930151072245039,
      "fcf_margin_change": 0.1923882644179954
    },
    {
      "date": "2023-06-30T00:00:00",
      "quarter_label": "2023-06 (Q2)",
      "revenue": 660526000,
      "gross_profit": null,
      "operating_income": null,
      "net_income": null,
      "opex": 481082000,
      "cogs": null,
      "rd": null,
      "sga": null,
      "fcf": 337181000,
      "ocf": 337181000,
      "capex": null,
      "gross_margin": null,
      "op_margin": null,
      "fcf_margin": 0.5104734711426954,
      "rev_growth_yoy": -0.42631001142992136,
      "rev_growth_yoy_accel": -0.2284792194366711,
      "fcf_margin_change": -0.31091514082458627
    },
    {
      "date": "2023-09-30T00:00:00",
      "quarter_label": "2023-09 (Q3)",
      "revenue": 1035916000,
      "gross_profit": null,
      "operating_income": null,
      "net_income": null,
      "opex": 656718000,
      "cogs": null,
      "rd": null,
      "sga": null,
      "fcf": 519542000,
      "ocf": 519542000,
      "capex": null,
      "gross_margin": null,
      "op_margin": null,
      "fcf_margin": 0.5015290815085393,
      "rev_growth_yoy": 0.02774440424187287,
      "rev_growth_yoy_accel": 0.4540544156717942,
      "op_leverage_ratio": 1.5566764385082086,
      "fcf_margin_change": -0.008944389634156114
    },
    {
      "date": "2023-12-31T00:00:00",
      "quarter_label": "2023-12 (Q4)",
      "revenue": 1126776000,
      "gross_profit": null,
      "operating_income": null,
      "net_income": null,
      "opex": 786995000,
      "cogs": null,
      "rd": null,
      "sga": null,
      "fcf": 843188000,
      "ocf": 843188000,
      "capex": null,
      "gross_margin": null,
      "op_margin": null,
      "fcf_margin": 0.748319098028357,
      "rev_growth_yoy": 0.3837816064145563,
      "rev_growth_yoy_accel": 0.3560372021726834,
      "op_leverage_ratio": 0.44213954752990986,
      "fcf_margin_change": 0.2467900165198178
    },
    {
      "date": "2024-03-31T00:00:00",
      "quarter_label": "2024-03 (Q1)",
      "revenue": 1329203000,
      "gross_profit": null,
      "operating_income": null,
      "net_income": null,
      "opex": 902371000,
      "cogs": null,
      "rd": null,
      "sga": null,
      "fcf": 813000000,
      "ocf": 813000000,
      "capex": null,
      "gross_margin": null,
      "op_margin": null,
      "fcf_margin": 0.6116447224389352,
      "rev_growth_yoy": 1.0261561350076673,
      "rev_growth_yoy_accel": 0.6423745285931111,
      "op_leverage_ratio": 1.2254267199891835,
      "fcf_margin_change": -0.13667437558942186
    },
    {
      "date": "2024-06-30T00:00:00",
      "quarter_label": "2024-06 (Q2)",
      "revenue": 1312694000,
      "gross_profit": null,
      "operating_income": null,
      "net_income": null,
      "opex": 925827000,
      "cogs": null,
      "rd": null,
      "sga": null,
      "fcf": 359000000,
      "ocf": 359000000,
      "capex": null,
      "gross_margin": null,
      "op_margin": null,
      "fcf_margin": 0.273483386074744,
      "rev_growth_yoy": 0.98734644813376,
      "rev_growth_yoy_accel": -0.03880968687390729,
      "fcf_margin_change": -0.3381613363641912
    },
    {
      "date": "2024-09-30T00:00:00",
      "quarter_label": "2024-09 (Q3)",
      "revenue": 1272045000,
      "gross_profit": null,
      "operating_income": null,
      "net_income": null,
      "opex": 925435000,
      "cogs": null,
      "rd": null,
      "sga": null,
      "fcf": 835000000,
      "ocf": 835000000,
      "capex": null,
      "gross_margin": null,
      "op_margin": null,
      "fcf_margin": 0.656423318357448,
      "rev_growth_yoy": 0.22794222697593242,
      "rev_growth_yoy_accel": -0.7594042211578276,
      "fcf_margin_change": 0.38293993228270407
    },
    {
      "date": "2024-12-31T00:00:00",
      "quarter_label": "2024-12 (Q4)",
      "revenue": 1292866000,
      "gross_profit": null,
      "operating_income": null,
      "net_income": null,
      "opex": 973771000,
      "cogs": null,
      "rd": null,
      "sga": null,
      "fcf": 858228000,
      "ocf": 858228000,
      "capex": null,
      "gross_margin": null,
      "op_margin": null,
      "fcf_margin": 0.6638182147260427,
      "rev_growth_yoy": 0.14740285558087854,
      "rev_growth_yoy_accel": -0.08053937139505388,
      "op_leverage_ratio": 0.3133821974414603,
      "fcf_margin_change": 0.0073948963685946945
    },
    {
      "date": "2025-03-31T00:00:00",
      "quarter_label": "2025-03 (Q1)",
      "revenue": 1194000000,
      "gross_profit": null,
      "operating_income": null,
      "net_income": null,
      "opex": 879000000,
      "cogs": null,
      "rd": null,
      "sga": null,
      "fcf": 719000000,
      "ocf": 719000000,
      "capex": null,
      "gross_margin": null,
      "op_margin": null,
      "fcf_margin": 0.602177554438861,
      "rev_growth_yoy": -0.10171734490518002,
      "rev_growth_yoy_accel": -0.24912020048605854,
      "fcf_margin_change": -0.06164066028718174
    },
    {
      "date": "2025-06-30T00:00:00",
      "quarter_label": "2025-06 (Q2)",
      "revenue": 1057000000,
      "gross_profit": null,
      "operating_income": null,
      "net_income": null,
      "opex": 887000000,
      "cogs": null,
      "rd": null,
      "sga": null,
      "fcf": 298000000,
      "ocf": 298000000,
      "capex": null,
      "gross_margin": null,
      "op_margin": null,
      "fcf_margin": 0.28192999053926204,
      "rev_growth_yoy": -0.19478568501112978,
      "rev_growth_yoy_accel": -0.09306834010594976,
      "fcf_margin_change": -0.32024756389959896
    },
    {
      "date": "2025-09-30T00:00:00",
      "quarter_label": "2025-09 (Q3)",
      "revenue": 1168000000,
      "gross_profit": null,
      "operating_income": null,
      "net_income": null,
      "opex": 895000000,
      "cogs": null,
      "rd": null,
      "sga": null,
      "fcf": 860000000,
      "ocf": 860000000,
      "capex": null,
      "gross_margin": null,
      "op_margin": null,
      "fcf_margin": 0.7363013698630136,
      "rev_growth_yoy": -0.08179349001018046,
      "rev_growth_yoy_accel": 0.11299219500094931,
      "op_leverage_ratio": 11.643448438978242,
      "fcf_margin_change": 0.4543713793237516
    }
  ],
  "signals": [
    {
      "quarter": "2025-09 (Q3)",
      "signal": "FCF MARGIN EXPANSION",
      "detail": "FCF margin: +28.2% -> +73.6% (+45.4%)",
      "severity": "MEDIUM"
    },
    {
      "quarter": "2025-09 (Q3)",
      "signal": "OPERATING LEVERAGE",
      "detail": "Rev growth +10.5% vs OpEx growth +0.9% (leverage: 11.6x)",
      "severity": "MEDIUM"
    },
    {
      "quarter": "2025-09 (Q3)",
      "signal": "YoY REVENUE GROWTH ACCELERATION",
      "detail": "YoY growth: -8.2% vs prior quarter YoY: -19.5% (accel: +11.3%)",
      "severity": "MEDIUM"
    },
    {
      "quarter": "2025-06 (Q2)",
      "signal": "YoY REVENUE GROWTH DECELERATION",
      "detail": "YoY growth: -19.5% vs prior quarter YoY: -10.2% (decel: -9.3%)",
      "severity": "WARNING"
    },
    {
      "quarter": "2025-03 (Q1)",
      "signal": "YoY REVENUE GROWTH DECELERATION",
      "detail": "YoY growth: -10.2% vs prior quarter YoY: +14.7% (decel: -24.9%)",
      "severity": "WARNING"
    },
    {
      "quarter": "2024-12 (Q4)",
      "signal": "YoY REVENUE GROWTH DECELERATION",
      "detail": "YoY growth: +14.7% vs prior quarter YoY: +22.8% (decel: -8.1%)",
      "severity": "WARNING"
    },
    {
      "quarter": "2024-09 (Q3)",
      "signal": "FCF MARGIN EXPANSION",
      "detail": "FCF margin: +27.3% -> +65.6% (+38.3%)",
      "severity": "MEDIUM"
    },
    {
      "quarter": "2024-09 (Q3)",
      "signal": "YoY REVENUE GROWTH DECELERATION",
      "detail": "YoY growth: +22.8% vs prior quarter YoY: +98.7% (decel: -75.9%)",
      "severity": "WARNING"
    },
    {
      "quarter": "2024-03 (Q1)",
      "signal": "YoY REVENUE GROWTH ACCELERATION",
      "detail": "YoY growth: +102.6% vs prior quarter YoY: +38.4% (accel: +64.2%)",
      "severity": "HIGH"
    },
    {
      "quarter": "2023-12 (Q4)",
      "signal": "FCF MARGIN EXPANSION",
      "detail": "FCF margin: +50.2% -> +74.8% (+24.7%)",
      "severity": "MEDIUM"
    },
    {
      "quarter": "2023-12 (Q4)",
      "signal": "YoY REVENUE GROWTH ACCELERATION",
      "detail": "YoY growth: +38.4% vs prior quarter YoY: +2.8% (accel: +35.6%)",
      "severity": "HIGH"
    },
    {
      "quarter": "2023-09 (Q3)",
      "signal": "OPERATING LEVERAGE",
      "detail": "Rev growth +56.8% vs OpEx growth +36.5% (leverage: 1.6x)",
      "severity": "MEDIUM"
    },
    {
      "quarter": "2023-09 (Q3)",
      "signal": "YoY REVENUE GROWTH ACCELERATION",
      "detail": "YoY growth: +2.8% vs prior quarter YoY: -42.6% (accel: +45.4%)",
      "severity": "HIGH"
    },
    {
      "quarter": "2023-06 (Q2)",
      "signal": "YoY REVENUE GROWTH DECELERATION",
      "detail": "YoY growth: -42.6% vs prior quarter YoY: -19.8% (decel: -22.8%)",
      "severity": "WARNING"
    },
    {
      "quarter": "2023-03 (Q1)",
      "signal": "FCF MARGIN EXPANSION",
      "detail": "FCF margin: +62.9% -> +82.1% (+19.2%)",
      "severity": "MEDIUM"
    },
    {
      "quarter": "2023-03 (Q1)",
      "signal": "YoY REVENUE GROWTH DECELERATION",
      "detail": "YoY growth: -19.8% vs prior quarter YoY: +59.5% (decel: -79.3%)",
      "severity": "WARNING"
    },
    {
      "quarter": "2022-12 (Q4)",
      "signal": "YoY REVENUE GROWTH DECELERATION",
      "detail": "YoY growth: +59.5% vs prior quarter YoY: +430.6% (decel: -371.1%)",
      "severity": "WARNING"
    },
    {
      "quarter": "2022-09 (Q3)",
      "signal": "FCF MARGIN EXPANSION",
      "detail": "FCF margin: +62.7% -> +70.4% (+7.7%)",
      "severity": "MEDIUM"
    },
    {
      "quarter": "2022-09 (Q3)",
      "signal": "YoY REVENUE GROWTH DECELERATION",
      "detail": "YoY growth: +430.6% vs prior quarter YoY: +637.9% (decel: -207.3%)",
      "severity": "WARNING"
    },
    {
      "quarter": "2022-06 (Q2)",
      "signal": "OPERATING LEVERAGE",
      "detail": "Rev growth +40.8% vs OpEx growth +9.1% (leverage: 4.5x)",
      "severity": "MEDIUM"
    },
    {
      "quarter": "2022-06 (Q2)",
      "signal": "YoY REVENUE GROWTH DECELERATION",
      "detail": "YoY growth: +637.9% vs prior quarter YoY: +1002.8% (decel: -364.9%)",
      "severity": "WARNING"
    },
    {
      "quarter": "2022-03 (Q1)",
      "signal": "FCF MARGIN EXPANSION",
      "detail": "FCF margin: +16.1% -> +65.1% (+49.0%)",
      "severity": "MEDIUM"
    },
    {
      "quarter": "2022-03 (Q1)",
      "signal": "OPERATING LEVERAGE",
      "detail": "Rev growth +60.2% vs OpEx growth +19.8% (leverage: 3.0x)",
      "severity": "MEDIUM"
    },
    {
      "quarter": "2022-03 (Q1)",
      "signal": "YoY REVENUE GROWTH ACCELERATION",
      "detail": "YoY growth: +1002.8% vs prior quarter YoY: +715.0% (accel: +287.8%)",
      "severity": "HIGH"
    },
    {
      "quarter": "2021-09 (Q3)",
      "signal": "FCF MARGIN EXPANSION",
      "detail": "FCF margin: +23.5% -> +59.3% (+35.9%)",
      "severity": "MEDIUM"
    }
  ],
  "data_quality": {
    "n_quarters": 20,
    "coverage": {
      "revenue": [
        20,
        20
      ],
      "gross_profit": [
        0,
        20
      ],
      "op_income": [
        0,
        20
      ],
      "fcf": [
        20,
        20
      ]
    },
    "gaps": [],
    "warnings": [
      "gross_profit: no data",
      "op_income: no data"
    ]
  },
  "market_cap": null,
  "source": "SEC EDGAR",
  "last_updated": "2026-02-02T21:30:37.930405",
  "sector": "Energy",
  "industry": "Oil & Gas E&P"
}