{
  "ticker": "CL",
  "name": "COLGATE-PALMOLIVE COMPANY",
  "sector": "Consumer Defensive",
  "industry": "Household & Personal Products",
  "quarters": [
    {
      "date": "2021-03-31T00:00:00",
      "quarter_label": "2021-03 (Q1)",
      "revenue": 4344000000,
      "gross_profit": 2637000000,
      "operating_income": 1004000000,
      "net_income": 681000000,
      "opex": 1633000000,
      "cogs": 1707000000,
      "rd": null,
      "sga": 1605000000,
      "fcf": 598000000,
      "ocf": 598000000,
      "capex": null,
      "gross_margin": 0.6070441988950276,
      "op_margin": 0.2311233885819521,
      "fcf_margin": 0.13766114180478822
    },
    {
      "date": "2021-06-30T00:00:00",
      "quarter_label": "2021-06 (Q2)",
      "revenue": 4260000000,
      "gross_profit": 2556000000,
      "operating_income": 996000000,
      "net_income": 703000000,
      "opex": 1560000000,
      "cogs": 1704000000,
      "rd": null,
      "sga": 1568000000,
      "fcf": 627000000,
      "ocf": 627000000,
      "capex": null,
      "gross_margin": 0.6,
      "op_margin": 0.23380281690140844,
      "fcf_margin": 0.1471830985915493,
      "fcf_margin_change": 0.009521956786761071
    },
    {
      "date": "2021-09-30T00:00:00",
      "quarter_label": "2021-09 (Q3)",
      "revenue": 4414000000,
      "gross_profit": 2623000000,
      "operating_income": 967000000,
      "net_income": 634000000,
      "opex": 1656000000,
      "cogs": 1791000000,
      "rd": null,
      "sga": 1636000000,
      "fcf": 994000000,
      "ocf": 994000000,
      "capex": null,
      "gross_margin": 0.5942455822383326,
      "op_margin": 0.21907566832804712,
      "fcf_margin": 0.22519256909832353,
      "op_leverage_ratio": 0.5874413145539906,
      "fcf_margin_change": 0.07800947050677423
    },
    {
      "date": "2021-12-31T00:00:00",
      "quarter_label": "2021-12 (Q4)",
      "revenue": 4403000000,
      "gross_profit": 2559000000,
      "operating_income": 365000000,
      "net_income": 148000000,
      "opex": 2194000000,
      "cogs": 1844000000,
      "rd": null,
      "sga": 1598000000,
      "fcf": 1106000000,
      "ocf": 1106000000,
      "capex": null,
      "gross_margin": 0.5811946400181695,
      "op_margin": 0.08289802407449466,
      "fcf_margin": 0.25119236883942764,
      "fcf_margin_change": 0.025999799741104113
    },
    {
      "date": "2022-03-31T00:00:00",
      "quarter_label": "2022-03 (Q1)",
      "revenue": 4399000000,
      "gross_profit": 2572000000,
      "operating_income": 860000000,
      "net_income": 559000000,
      "opex": 1712000000,
      "cogs": 1827000000,
      "rd": null,
      "sga": 1641000000,
      "fcf": 386000000,
      "ocf": 386000000,
      "capex": null,
      "gross_margin": 0.5846783359854513,
      "op_margin": 0.19549897704023642,
      "fcf_margin": 0.08774721527619914,
      "incr_op_margin_yoy": -2.618181818181818,
      "rev_growth_yoy": 0.012661141804788214,
      "fcf_margin_change": -0.1634451535632285
    },
    {
      "date": "2022-06-30T00:00:00",
      "quarter_label": "2022-06 (Q2)",
      "revenue": 4484000000,
      "gross_profit": 2554000000,
      "operating_income": 884000000,
      "net_income": 603000000,
      "opex": 1670000000,
      "cogs": 1930000000,
      "rd": null,
      "sga": 1657000000,
      "fcf": 528000000,
      "ocf": 528000000,
      "capex": null,
      "gross_margin": 0.5695807314897413,
      "op_margin": 0.19714540588760035,
      "fcf_margin": 0.11775200713648529,
      "incr_op_margin_yoy": -0.5,
      "rev_growth_yoy": 0.05258215962441314,
      "rev_growth_yoy_accel": 0.03992101781962493,
      "op_leverage_ratio": null,
      "fcf_margin_change": 0.03000479186028615
    },
    {
      "date": "2022-09-30T00:00:00",
      "quarter_label": "2022-09 (Q3)",
      "revenue": 4455000000,
      "gross_profit": 2548000000,
      "operating_income": 947000000,
      "net_income": 618000000,
      "opex": 1601000000,
      "cogs": 1907000000,
      "rd": null,
      "sga": 1634000000,
      "fcf": 969000000,
      "ocf": 969000000,
      "capex": null,
      "gross_margin": 0.5719416386083053,
      "op_margin": 0.21257014590347922,
      "fcf_margin": 0.2175084175084175,
      "incr_op_margin_yoy": -0.4878048780487805,
      "rev_growth_yoy": 0.009288627095604893,
      "rev_growth_yoy_accel": -0.04329353252880825,
      "fcf_margin_change": 0.09975641037193222
    },
    {
      "date": "2022-12-31T00:00:00",
      "quarter_label": "2022-12 (Q4)",
      "revenue": 4629000000,
      "gross_profit": 2574000000,
      "operating_income": 202000000,
      "net_income": 5000000,
      "opex": 2372000000,
      "cogs": 2055000000,
      "rd": null,
      "sga": 1633000000,
      "fcf": 673000000,
      "ocf": 673000000,
      "capex": null,
      "gross_margin": 0.5560596241088788,
      "op_margin": 0.04363793475912724,
      "fcf_margin": 0.14538777273709225,
      "incr_op_margin_yoy": -0.7212389380530974,
      "rev_growth_yoy": 0.05132863956393368,
      "rev_growth_yoy_accel": 0.04204001246832879,
      "op_leverage_ratio": 0.08110329407346269,
      "fcf_margin_change": -0.07212064477132527
    },
    {
      "date": "2023-03-31T00:00:00",
      "quarter_label": "2023-03 (Q1)",
      "revenue": 4770000000,
      "gross_profit": 2712000000,
      "operating_income": 909000000,
      "net_income": 372000000,
      "opex": 1803000000,
      "cogs": 2058000000,
      "rd": null,
      "sga": 1758000000,
      "fcf": 735000000,
      "ocf": 735000000,
      "capex": null,
      "gross_margin": 0.5685534591194968,
      "op_margin": 0.19056603773584907,
      "fcf_margin": 0.1540880503144654,
      "incr_op_margin_yoy": 0.1320754716981132,
      "rev_growth_yoy": 0.08433734939759036,
      "rev_growth_yoy_accel": 0.033008709833656676,
      "op_leverage_ratio": null,
      "fcf_margin_change": 0.008700277577373156
    },
    {
      "date": "2023-06-30T00:00:00",
      "quarter_label": "2023-06 (Q2)",
      "revenue": 4822000000,
      "gross_profit": 2787000000,
      "operating_income": 974000000,
      "net_income": 502000000,
      "opex": 1813000000,
      "cogs": 2035000000,
      "rd": null,
      "sga": 1768000000,
      "fcf": 722000000,
      "ocf": 722000000,
      "capex": null,
      "gross_margin": 0.5779759435918705,
      "op_margin": 0.20199087515553713,
      "fcf_margin": 0.1497304023226877,
      "incr_op_margin_yoy": 0.26627218934911245,
      "rev_growth_yoy": 0.07537912578055307,
      "rev_growth_yoy_accel": -0.008958223617037284,
      "op_leverage_ratio": 1.9655345911949684,
      "fcf_margin_change": -0.004357647991777708
    },
    {
      "date": "2023-09-30T00:00:00",
      "quarter_label": "2023-09 (Q3)",
      "revenue": 4915000000,
      "gross_profit": 2877000000,
      "operating_income": 1029000000,
      "net_income": 708000000,
      "opex": 1848000000,
      "cogs": 2038000000,
      "rd": null,
      "sga": 1822000000,
      "fcf": 1152000000,
      "ocf": 1152000000,
      "capex": null,
      "gross_margin": 0.5853509664292981,
      "op_margin": 0.20935910478128178,
      "fcf_margin": 0.23438453713123092,
      "incr_op_margin_yoy": 0.1782608695652174,
      "rev_growth_yoy": 0.10325476992143659,
      "rev_growth_yoy_accel": 0.027875644140883518,
      "op_leverage_ratio": 0.9990460389879717,
      "fcf_margin_change": 0.08465413480854322
    },
    {
      "date": "2023-12-31T00:00:00",
      "quarter_label": "2023-12 (Q4)",
      "revenue": 4950000000,
      "gross_profit": 2950000000,
      "operating_income": 1072000000,
      "net_income": 718000000,
      "opex": 1878000000,
      "cogs": 2000000000,
      "rd": null,
      "sga": 1803000000,
      "fcf": 1136000000,
      "ocf": 1136000000,
      "capex": null,
      "gross_margin": 0.5959595959595959,
      "op_margin": 0.21656565656565657,
      "fcf_margin": 0.2294949494949495,
      "incr_op_margin_yoy": 2.710280373831776,
      "rev_growth_yoy": 0.06934543097861309,
      "rev_growth_yoy_accel": -0.0339093389428235,
      "fcf_margin_change": -0.004889587636281417
    },
    {
      "date": "2024-03-31T00:00:00",
      "quarter_label": "2024-03 (Q1)",
      "revenue": 5065000000,
      "gross_profit": 3039000000,
      "operating_income": 1047000000,
      "net_income": 683000000,
      "opex": 1992000000,
      "cogs": 2026000000,
      "rd": null,
      "sga": 1916000000,
      "fcf": 681000000,
      "ocf": 681000000,
      "capex": null,
      "gross_margin": 0.6,
      "op_margin": 0.2067127344521224,
      "fcf_margin": 0.13445212240868706,
      "incr_op_margin_yoy": 0.46779661016949153,
      "rev_growth_yoy": 0.06184486373165619,
      "rev_growth_yoy_accel": -0.007500567246956906,
      "op_leverage_ratio": 0.38272195640616696,
      "fcf_margin_change": -0.09504282708626244
    },
    {
      "date": "2024-06-30T00:00:00",
      "quarter_label": "2024-06 (Q2)",
      "revenue": 5058000000,
      "gross_profit": 3066000000,
      "operating_income": 1092000000,
      "net_income": 731000000,
      "opex": 1974000000,
      "cogs": 1992000000,
      "rd": null,
      "sga": 1939000000,
      "fcf": 990000000,
      "ocf": 990000000,
      "capex": null,
      "gross_margin": 0.6061684460260973,
      "op_margin": 0.2158956109134045,
      "fcf_margin": 0.19572953736654805,
      "incr_op_margin_yoy": 0.5,
      "rev_growth_yoy": 0.048942347573620905,
      "rev_growth_yoy_accel": -0.012902516158035282,
      "fcf_margin_change": 0.06127741495786099
    },
    {
      "date": "2024-09-30T00:00:00",
      "quarter_label": "2024-09 (Q3)",
      "revenue": 5033000000,
      "gross_profit": 3074000000,
      "operating_income": 1065000000,
      "net_income": 737000000,
      "opex": 2009000000,
      "cogs": 1959000000,
      "rd": null,
      "sga": 1979000000,
      "fcf": 1167000000,
      "ocf": 1167000000,
      "capex": null,
      "gross_margin": 0.6107689250943771,
      "op_margin": 0.2116034174448639,
      "fcf_margin": 0.23186966024240016,
      "incr_op_margin_yoy": 0.3050847457627119,
      "rev_growth_yoy": 0.02400813835198372,
      "rev_growth_yoy_accel": -0.024934209221637183,
      "fcf_margin_change": 0.03614012287585211
    },
    {
      "date": "2024-12-31T00:00:00",
      "quarter_label": "2024-12 (Q4)",
      "revenue": 4945000000,
      "gross_profit": 2982000000,
      "operating_income": 1063000000,
      "net_income": 739000000,
      "opex": 1919000000,
      "cogs": 1963000000,
      "rd": null,
      "sga": 1896000000,
      "fcf": 1269000000,
      "ocf": 1269000000,
      "capex": null,
      "gross_margin": 0.6030333670374115,
      "op_margin": 0.21496461071789685,
      "fcf_margin": 0.25662285136501517,
      "incr_op_margin_yoy": 1.8,
      "rev_growth_yoy": -0.00101010101010101,
      "rev_growth_yoy_accel": -0.02501823936208473,
      "fcf_margin_change": 0.02475319112261501
    },
    {
      "date": "2025-03-31T00:00:00",
      "quarter_label": "2025-03 (Q1)",
      "revenue": 4911000000,
      "gross_profit": 2987000000,
      "operating_income": 1076000000,
      "net_income": 690000000,
      "opex": 1911000000,
      "cogs": 1924000000,
      "rd": null,
      "sga": 1898000000,
      "fcf": 600000000,
      "ocf": 600000000,
      "capex": null,
      "gross_margin": 0.6082264304622277,
      "op_margin": 0.21909997963754835,
      "fcf_margin": 0.12217470983506414,
      "incr_op_margin_yoy": -0.18831168831168832,
      "rev_growth_yoy": -0.030404738400789732,
      "rev_growth_yoy_accel": -0.029394637390688722,
      "fcf_margin_change": -0.13444814152995105
    },
    {
      "date": "2025-06-30T00:00:00",
      "quarter_label": "2025-06 (Q2)",
      "revenue": 5110000000,
      "gross_profit": 3069000000,
      "operating_income": 1080000000,
      "net_income": 743000000,
      "opex": 1989000000,
      "cogs": 2041000000,
      "rd": null,
      "sga": 1963000000,
      "fcf": 884000000,
      "ocf": 884000000,
      "capex": null,
      "gross_margin": 0.600587084148728,
      "op_margin": 0.21135029354207435,
      "fcf_margin": 0.17299412915851273,
      "incr_op_margin_yoy": -0.23076923076923078,
      "rev_growth_yoy": 0.010280743376828785,
      "rev_growth_yoy_accel": 0.04068548177761852,
      "op_leverage_ratio": 0.992771329668092,
      "fcf_margin_change": 0.05081941932344859
    },
    {
      "date": "2025-09-30T00:00:00",
      "quarter_label": "2025-09 (Q3)",
      "revenue": 5131000000,
      "gross_profit": 3049000000,
      "operating_income": 1059000000,
      "net_income": 735000000,
      "opex": 1990000000,
      "cogs": 2082000000,
      "rd": null,
      "sga": 1971000000,
      "fcf": 1261000000,
      "ocf": 1261000000,
      "capex": null,
      "gross_margin": 0.5942311440265056,
      "op_margin": 0.2063925160787371,
      "fcf_margin": 0.24576106022217892,
      "incr_op_margin_yoy": -0.061224489795918366,
      "rev_growth_yoy": 0.019471488178025034,
      "rev_growth_yoy_accel": 0.009190744801196249,
      "fcf_margin_change": 0.07276693106366619
    },
    {
      "date": "2025-12-31T00:00:00",
      "quarter_label": "2025-12 (Q4)",
      "revenue": 5230000000,
      "gross_profit": 3146000000,
      "operating_income": 92000000,
      "net_income": -37000000,
      "opex": 3054000000,
      "cogs": 2084000000,
      "rd": null,
      "sga": 2070000000,
      "fcf": 1453000000,
      "ocf": 1453000000,
      "capex": null,
      "gross_margin": 0.6015296367112811,
      "op_margin": 0.017590822179732315,
      "fcf_margin": 0.2778202676864245,
      "incr_op_margin_yoy": -3.407017543859649,
      "rev_growth_yoy": 0.057633973710819006,
      "rev_growth_yoy_accel": 0.03816248553279397,
      "op_leverage_ratio": 0.036086488878598756,
      "fcf_margin_change": 0.032059207464245565
    }
  ],
  "signals": [
    {
      "quarter": "2025-09 (Q3)",
      "signal": "FCF MARGIN EXPANSION",
      "detail": "FCF margin: +17.3% -> +24.6% (+7.3%)",
      "severity": "MEDIUM"
    },
    {
      "quarter": "2025-06 (Q2)",
      "signal": "FCF MARGIN EXPANSION",
      "detail": "FCF margin: +12.2% -> +17.3% (+5.1%)",
      "severity": "MEDIUM"
    },
    {
      "quarter": "2024-12 (Q4)",
      "signal": "INCREMENTAL MARGIN (YoY)",
      "detail": "YoY Incr OPM: +180.0% vs year-ago OPM: +21.7%",
      "severity": "HIGH"
    },
    {
      "quarter": "2024-06 (Q2)",
      "signal": "FCF MARGIN EXPANSION",
      "detail": "FCF margin: +13.4% -> +19.6% (+6.1%)",
      "severity": "MEDIUM"
    },
    {
      "quarter": "2024-06 (Q2)",
      "signal": "INCREMENTAL MARGIN (YoY)",
      "detail": "YoY Incr OPM: +50.0% vs year-ago OPM: +20.2%",
      "severity": "HIGH"
    },
    {
      "quarter": "2024-03 (Q1)",
      "signal": "INCREMENTAL MARGIN (YoY)",
      "detail": "YoY Incr OPM: +46.8% vs year-ago OPM: +19.1%",
      "severity": "HIGH"
    },
    {
      "quarter": "2023-12 (Q4)",
      "signal": "INCREMENTAL MARGIN (YoY)",
      "detail": "YoY Incr OPM: +271.0% vs year-ago OPM: +4.4%",
      "severity": "HIGH"
    },
    {
      "quarter": "2023-09 (Q3)",
      "signal": "FCF MARGIN EXPANSION",
      "detail": "FCF margin: +15.0% -> +23.4% (+8.5%)",
      "severity": "MEDIUM"
    },
    {
      "quarter": "2023-06 (Q2)",
      "signal": "OPERATING LEVERAGE",
      "detail": "Rev growth +1.1% vs OpEx growth +0.6% (leverage: 2.0x)",
      "severity": "MEDIUM"
    },
    {
      "quarter": "2022-09 (Q3)",
      "signal": "FCF MARGIN EXPANSION",
      "detail": "FCF margin: +11.8% -> +21.8% (+10.0%)",
      "severity": "MEDIUM"
    },
    {
      "quarter": "2021-09 (Q3)",
      "signal": "FCF MARGIN EXPANSION",
      "detail": "FCF margin: +14.7% -> +22.5% (+7.8%)",
      "severity": "MEDIUM"
    }
  ],
  "data_quality": {
    "n_quarters": 20,
    "coverage": {
      "revenue": [
        20,
        20
      ],
      "gross_profit": [
        20,
        20
      ],
      "op_income": [
        20,
        20
      ],
      "fcf": [
        20,
        20
      ]
    },
    "gaps": [],
    "warnings": []
  },
  "market_cap": null,
  "source": "SEC EDGAR",
  "last_updated": "2026-02-24T10:09:59.538871"
}