{
  "ticker": "CLB",
  "name": "CORE LABORATORIES INC.",
  "quarters": [
    {
      "date": "2022-06-30T00:00:00",
      "quarter_label": "2022-06 (Q2)",
      "revenue": 120898000,
      "gross_profit": null,
      "operating_income": 11652000,
      "net_income": 7066000,
      "opex": null,
      "cogs": null,
      "rd": null,
      "sga": null,
      "fcf": null,
      "ocf": null,
      "capex": -3197000,
      "gross_margin": null,
      "op_margin": 0.09637876557097719,
      "fcf_margin": null
    },
    {
      "date": "2022-09-30T00:00:00",
      "quarter_label": "2022-09 (Q3)",
      "revenue": 125966000,
      "gross_profit": null,
      "operating_income": 14645000,
      "net_income": 7524000,
      "opex": null,
      "cogs": null,
      "rd": null,
      "sga": null,
      "fcf": 3148000,
      "ocf": 5850000,
      "capex": -2702000,
      "gross_margin": null,
      "op_margin": 0.11626153088928759,
      "fcf_margin": 0.024990870552371276
    },
    {
      "date": "2022-12-31T00:00:00",
      "quarter_label": "2022-12 (Q4)",
      "revenue": 127571000,
      "gross_profit": null,
      "operating_income": 15618000,
      "net_income": 6751000,
      "opex": null,
      "cogs": null,
      "rd": null,
      "sga": null,
      "fcf": 11190000,
      "ocf": 13211000,
      "capex": -2021000,
      "gross_margin": null,
      "op_margin": 0.12242594320025711,
      "fcf_margin": 0.0877158601876602,
      "fcf_margin_change": 0.06272498963528893
    },
    {
      "date": "2023-03-31T00:00:00",
      "quarter_label": "2023-03 (Q1)",
      "revenue": 128356000,
      "gross_profit": null,
      "operating_income": 6481000,
      "net_income": 2373000,
      "opex": null,
      "cogs": null,
      "rd": null,
      "sga": null,
      "fcf": -5377000,
      "ocf": -3169000,
      "capex": -2208000,
      "gross_margin": null,
      "op_margin": 0.05049238056654928,
      "fcf_margin": -0.0418913023154352,
      "fcf_margin_change": -0.1296071625030954
    },
    {
      "date": "2023-06-30T00:00:00",
      "quarter_label": "2023-06 (Q2)",
      "revenue": 127881000,
      "gross_profit": null,
      "operating_income": 18906000,
      "net_income": 22846000,
      "opex": null,
      "cogs": null,
      "rd": null,
      "sga": null,
      "fcf": 6566000,
      "ocf": 8741000,
      "capex": -2175000,
      "gross_margin": null,
      "op_margin": 0.147840570530415,
      "fcf_margin": 0.05134460944159023,
      "incr_op_margin_yoy": 1.0388085350136045,
      "rev_growth_yoy": 0.0577594335721021,
      "fcf_margin_change": 0.09323591175702542
    },
    {
      "date": "2023-09-30T00:00:00",
      "quarter_label": "2023-09 (Q3)",
      "revenue": 125343000,
      "gross_profit": null,
      "operating_income": 14672000,
      "net_income": 9257000,
      "opex": null,
      "cogs": null,
      "rd": null,
      "sga": null,
      "fcf": -3673000,
      "ocf": -212000,
      "capex": -3461000,
      "gross_margin": null,
      "op_margin": 0.1170548016243428,
      "fcf_margin": -0.02930359094644296,
      "rev_growth_yoy": -0.004945779019735484,
      "rev_growth_yoy_accel": -0.06270521259183759,
      "fcf_margin_change": -0.08064820038803319
    },
    {
      "date": "2023-12-31T00:00:00",
      "quarter_label": "2023-12 (Q4)",
      "revenue": 128210000,
      "gross_profit": null,
      "operating_income": 14581000,
      "net_income": 2199000,
      "opex": null,
      "cogs": null,
      "rd": null,
      "sga": null,
      "fcf": 16693000,
      "ocf": 19429000,
      "capex": -2736000,
      "gross_margin": null,
      "op_margin": 0.11372747835582248,
      "fcf_margin": 0.13020045238280945,
      "rev_growth_yoy": 0.005008975394094269,
      "rev_growth_yoy_accel": 0.009954754413829753,
      "fcf_margin_change": 0.15950404332925242
    },
    {
      "date": "2024-03-31T00:00:00",
      "quarter_label": "2024-03 (Q1)",
      "revenue": 129637000,
      "gross_profit": 25049000,
      "operating_income": 8571000,
      "net_income": 3220000,
      "opex": 16478000,
      "cogs": 104588000,
      "rd": null,
      "sga": null,
      "fcf": 2478000,
      "ocf": 5530000,
      "capex": -3052000,
      "gross_margin": 0.19322415668366286,
      "op_margin": 0.06611538372532533,
      "fcf_margin": 0.019114913180650586,
      "incr_op_margin_yoy": 1.6315378610460578,
      "rev_growth_yoy": 0.009980055470722055,
      "rev_growth_yoy_accel": 0.004971080076627786,
      "fcf_margin_change": -0.11108553920215886
    },
    {
      "date": "2024-06-30T00:00:00",
      "quarter_label": "2024-06 (Q2)",
      "revenue": 130577000,
      "gross_profit": 27647000,
      "operating_income": 16008000,
      "net_income": 9032000,
      "opex": 11639000,
      "cogs": 102930000,
      "rd": null,
      "sga": null,
      "fcf": 14280000,
      "ocf": 17146000,
      "capex": -2866000,
      "gross_margin": 0.2117294776262282,
      "op_margin": 0.12259433131409053,
      "fcf_margin": 0.10936076031766698,
      "incr_op_margin_yoy": -1.074925816023739,
      "rev_growth_yoy": 0.021082099764624926,
      "rev_growth_yoy_accel": 0.011102044293902871,
      "fcf_margin_change": 0.09024584713701639
    },
    {
      "date": "2024-09-30T00:00:00",
      "quarter_label": "2024-09 (Q3)",
      "revenue": 134397000,
      "gross_profit": 27592000,
      "operating_income": 19803000,
      "net_income": 11745000,
      "opex": 7789000,
      "cogs": 106805000,
      "rd": null,
      "sga": null,
      "fcf": 10368000,
      "ocf": 13097000,
      "capex": -2729000,
      "gross_margin": 0.20530220168604954,
      "op_margin": 0.14734703899640617,
      "fcf_margin": 0.07714457912006964,
      "incr_op_margin_yoy": 0.5667108460349017,
      "rev_growth_yoy": 0.07223379047892582,
      "rev_growth_yoy_accel": 0.051151690714300896,
      "op_leverage_ratio": Infinity,
      "fcf_margin_change": -0.03221618119759734
    },
    {
      "date": "2024-12-31T00:00:00",
      "quarter_label": "2024-12 (Q4)",
      "revenue": 129237000,
      "gross_profit": 23038000,
      "operating_income": 14174000,
      "net_income": 7403000,
      "opex": 8864000,
      "cogs": 106199000,
      "rd": null,
      "sga": null,
      "fcf": 16234000,
      "ocf": 20615000,
      "capex": -4381000,
      "gross_margin": 0.17826164333743433,
      "op_margin": 0.10967447402833554,
      "fcf_margin": 0.125614181697192,
      "incr_op_margin_yoy": -0.39629990262901654,
      "rev_growth_yoy": 0.008010295608766867,
      "rev_growth_yoy_accel": -0.06422349487015895,
      "fcf_margin_change": 0.04846960257712235
    },
    {
      "date": "2025-03-31T00:00:00",
      "quarter_label": "2025-03 (Q1)",
      "revenue": 123585000,
      "gross_profit": 24116000,
      "operating_income": 4417000,
      "net_income": -154000,
      "opex": 19699000,
      "cogs": 99469000,
      "rd": null,
      "sga": null,
      "fcf": 3875000,
      "ocf": 6660000,
      "capex": -2785000,
      "gross_margin": 0.1951369502771372,
      "op_margin": 0.03574058340413481,
      "fcf_margin": 0.03135493789699397,
      "incr_op_margin_yoy": 0.686384666226041,
      "rev_growth_yoy": -0.04668420281246866,
      "rev_growth_yoy_accel": -0.05469449842123553,
      "fcf_margin_change": -0.09425924380019801
    },
    {
      "date": "2025-06-30T00:00:00",
      "quarter_label": "2025-06 (Q2)",
      "revenue": 130159000,
      "gross_profit": 26458000,
      "operating_income": 15291000,
      "net_income": 10636000,
      "opex": 11167000,
      "cogs": 103701000,
      "rd": null,
      "sga": null,
      "fcf": 10449000,
      "ocf": 13923000,
      "capex": -3474000,
      "gross_margin": 0.2032744566261265,
      "op_margin": 0.1174793905915073,
      "fcf_margin": 0.08027873600749852,
      "rev_growth_yoy": -0.0032011763174219043,
      "rev_growth_yoy_accel": 0.04348302649504676,
      "op_leverage_ratio": Infinity,
      "fcf_margin_change": 0.04892379811050455
    },
    {
      "date": "2025-09-30T00:00:00",
      "quarter_label": "2025-09 (Q3)",
      "revenue": 134521000,
      "gross_profit": 29620000,
      "operating_income": 20928000,
      "net_income": 14239000,
      "opex": 8692000,
      "cogs": 104901000,
      "rd": null,
      "sga": null,
      "fcf": 6496000,
      "ocf": 8502000,
      "capex": -2006000,
      "gross_margin": 0.2201886694270783,
      "op_margin": 0.15557422261208287,
      "fcf_margin": 0.048289858089071595,
      "rev_growth_yoy": 0.0009226396422539194,
      "rev_growth_yoy_accel": 0.0041238159596758235,
      "op_leverage_ratio": Infinity,
      "fcf_margin_change": -0.031988877918426924
    }
  ],
  "signals": [
    {
      "quarter": "2025-03 (Q1)",
      "signal": "YoY REVENUE GROWTH DECELERATION",
      "detail": "YoY growth: -4.7% vs prior quarter YoY: +0.8% (decel: -5.5%)",
      "severity": "WARNING"
    },
    {
      "quarter": "2025-03 (Q1)",
      "signal": "INCREMENTAL MARGIN (YoY)",
      "detail": "YoY Incr OPM: +68.6% vs year-ago OPM: +6.6%",
      "severity": "HIGH"
    },
    {
      "quarter": "2024-12 (Q4)",
      "signal": "YoY REVENUE GROWTH DECELERATION",
      "detail": "YoY growth: +0.8% vs prior quarter YoY: +7.2% (decel: -6.4%)",
      "severity": "WARNING"
    },
    {
      "quarter": "2024-09 (Q3)",
      "signal": "YoY REVENUE GROWTH ACCELERATION",
      "detail": "YoY growth: +7.2% vs prior quarter YoY: +2.1% (accel: +5.1%)",
      "severity": "MEDIUM"
    },
    {
      "quarter": "2024-09 (Q3)",
      "signal": "INCREMENTAL MARGIN (YoY)",
      "detail": "YoY Incr OPM: +56.7% vs year-ago OPM: +11.7%",
      "severity": "HIGH"
    },
    {
      "quarter": "2024-06 (Q2)",
      "signal": "FCF MARGIN EXPANSION",
      "detail": "FCF margin: +1.9% -> +10.9% (+9.0%)",
      "severity": "MEDIUM"
    },
    {
      "quarter": "2024-03 (Q1)",
      "signal": "INCREMENTAL MARGIN (YoY)",
      "detail": "YoY Incr OPM: +163.2% vs year-ago OPM: +5.0%",
      "severity": "HIGH"
    },
    {
      "quarter": "2023-12 (Q4)",
      "signal": "FCF TURNED POSITIVE",
      "detail": "FCF margin: -2.9% -> +13.0%",
      "severity": "HIGH"
    },
    {
      "quarter": "2023-09 (Q3)",
      "signal": "YoY REVENUE GROWTH DECELERATION",
      "detail": "YoY growth: -0.5% vs prior quarter YoY: +5.8% (decel: -6.3%)",
      "severity": "WARNING"
    },
    {
      "quarter": "2023-06 (Q2)",
      "signal": "FCF TURNED POSITIVE",
      "detail": "FCF margin: -4.2% -> +5.1%",
      "severity": "HIGH"
    },
    {
      "quarter": "2023-06 (Q2)",
      "signal": "INCREMENTAL MARGIN (YoY)",
      "detail": "YoY Incr OPM: +103.9% vs year-ago OPM: +9.6%",
      "severity": "HIGH"
    },
    {
      "quarter": "2022-12 (Q4)",
      "signal": "FCF MARGIN EXPANSION",
      "detail": "FCF margin: +2.5% -> +8.8% (+6.3%)",
      "severity": "MEDIUM"
    }
  ],
  "data_quality": {
    "n_quarters": 14,
    "coverage": {
      "revenue": [
        14,
        14
      ],
      "gross_profit": [
        7,
        14
      ],
      "op_income": [
        14,
        14
      ],
      "fcf": [
        13,
        14
      ]
    },
    "gaps": [],
    "warnings": [
      "gross_profit: 7/14Q"
    ]
  },
  "market_cap": null,
  "source": "SEC EDGAR",
  "last_updated": "2026-02-02T22:03:39.661070",
  "sector": "Energy",
  "industry": "Oil & Gas Equipment & Services"
}