{
  "ticker": "CLNE",
  "name": "CLEAN ENERGY FUELS CORP.",
  "quarters": [
    {
      "date": "2020-12-31T00:00:00",
      "quarter_label": "2020-12 (Q4)",
      "revenue": 74958000,
      "gross_profit": null,
      "operating_income": -2368000,
      "net_income": -2561000,
      "opex": 77326000,
      "cogs": null,
      "rd": null,
      "sga": 16726000,
      "fcf": 4631000,
      "ocf": 7919000,
      "capex": -3288000,
      "gross_margin": null,
      "op_margin": -0.03159102430694522,
      "fcf_margin": 0.061781264174604444
    },
    {
      "date": "2021-03-31T00:00:00",
      "quarter_label": "2021-03 (Q1)",
      "revenue": 77143000,
      "gross_profit": null,
      "operating_income": -6434000,
      "net_income": -7169000,
      "opex": 83577000,
      "cogs": null,
      "rd": null,
      "sga": 21441000,
      "fcf": -71000,
      "ocf": 3257000,
      "capex": -3328000,
      "gross_margin": null,
      "op_margin": -0.08340354925268657,
      "fcf_margin": -0.0009203686659839519,
      "op_leverage_ratio": 0.36058652825318754,
      "fcf_margin_change": -0.0627016328405884
    },
    {
      "date": "2021-06-30T00:00:00",
      "quarter_label": "2021-06 (Q2)",
      "revenue": 480000,
      "gross_profit": null,
      "operating_income": -79418000,
      "net_income": -79667000,
      "opex": 79898000,
      "cogs": null,
      "rd": null,
      "sga": 21606000,
      "fcf": 5100000,
      "ocf": 9660000,
      "capex": -4560000,
      "gross_margin": null,
      "op_margin": -165.45416666666668,
      "fcf_margin": 10.625,
      "fcf_margin_change": 10.625920368665984
    },
    {
      "date": "2021-09-30T00:00:00",
      "quarter_label": "2021-09 (Q3)",
      "revenue": 86095000,
      "gross_profit": null,
      "operating_income": -3101000,
      "net_income": -3934000,
      "opex": 89196000,
      "cogs": null,
      "rd": null,
      "sga": 22303000,
      "fcf": 7617000,
      "ocf": 19926000,
      "capex": -12309000,
      "gross_margin": null,
      "op_margin": -0.03601835182066322,
      "fcf_margin": 0.08847203670364133,
      "op_leverage_ratio": 1532.6923509536102,
      "fcf_margin_change": -10.53652796329636
    },
    {
      "date": "2021-12-31T00:00:00",
      "quarter_label": "2021-12 (Q4)",
      "revenue": 91928000,
      "gross_profit": null,
      "operating_income": -6095000,
      "net_income": -2376000,
      "opex": 98023000,
      "cogs": null,
      "rd": null,
      "sga": 24556000,
      "fcf": 5577000,
      "ocf": 8455000,
      "capex": -2878000,
      "gross_margin": null,
      "op_margin": -0.06630188843442694,
      "fcf_margin": 0.06066704377338787,
      "incr_op_margin_yoy": -0.21962286387743077,
      "rev_growth_yoy": 0.22639344699698496,
      "op_leverage_ratio": 0.6846148234020538,
      "fcf_margin_change": -0.027804992930253458
    },
    {
      "date": "2022-03-31T00:00:00",
      "quarter_label": "2022-03 (Q1)",
      "revenue": 83497000,
      "gross_profit": null,
      "operating_income": -20057000,
      "net_income": -24191000,
      "opex": 103554000,
      "cogs": null,
      "rd": null,
      "sga": 27927000,
      "fcf": -2527000,
      "ocf": 4839000,
      "capex": -7366000,
      "gross_margin": null,
      "op_margin": -0.24021222319364768,
      "fcf_margin": -0.030264560403367786,
      "incr_op_margin_yoy": -2.144003777148253,
      "rev_growth_yoy": 0.08236651413608494,
      "rev_growth_yoy_accel": -0.14402693286090001,
      "fcf_margin_change": -0.09093160417675566
    },
    {
      "date": "2022-06-30T00:00:00",
      "quarter_label": "2022-06 (Q2)",
      "revenue": 97224000,
      "gross_profit": null,
      "operating_income": -11873000,
      "net_income": -13235000,
      "opex": 109097000,
      "cogs": null,
      "rd": null,
      "sga": 26481000,
      "fcf": 17318000,
      "ocf": 27399000,
      "capex": -10081000,
      "gross_margin": null,
      "op_margin": -0.12212005266189419,
      "fcf_margin": 0.17812474286184482,
      "incr_op_margin_yoy": 0.6981828330439097,
      "rev_growth_yoy": 201.55,
      "rev_growth_yoy_accel": 201.46763348586393,
      "op_leverage_ratio": 3.071331984084287,
      "fcf_margin_change": 0.2083893032652126
    },
    {
      "date": "2022-09-30T00:00:00",
      "quarter_label": "2022-09 (Q3)",
      "revenue": 125687000,
      "gross_profit": null,
      "operating_income": -8628000,
      "net_income": -8973000,
      "opex": 134315000,
      "cogs": null,
      "rd": null,
      "sga": 26501000,
      "fcf": -12154000,
      "ocf": -510000,
      "capex": -11644000,
      "gross_margin": null,
      "op_margin": -0.06864671763985138,
      "fcf_margin": -0.09670053386587316,
      "incr_op_margin_yoy": -0.13959890887047888,
      "rev_growth_yoy": 0.4598641036064812,
      "rev_growth_yoy_accel": -201.09013589639352,
      "op_leverage_ratio": 1.2665121365261123,
      "fcf_margin_change": -0.27482527672771795
    },
    {
      "date": "2022-12-31T00:00:00",
      "quarter_label": "2022-12 (Q4)",
      "revenue": 113756000,
      "gross_profit": null,
      "operating_income": -11149000,
      "net_income": -12334000,
      "opex": 124905000,
      "cogs": null,
      "rd": null,
      "sga": 28547000,
      "fcf": 19576000,
      "ocf": 35003000,
      "capex": -15427000,
      "gross_margin": null,
      "op_margin": -0.09800801715953444,
      "fcf_margin": 0.17208762614719222,
      "incr_op_margin_yoy": -0.23153747480300532,
      "rev_growth_yoy": 0.23744669741536856,
      "rev_growth_yoy_accel": -0.22241740619111267,
      "fcf_margin_change": 0.2687881600130654
    },
    {
      "date": "2023-03-31T00:00:00",
      "quarter_label": "2023-03 (Q1)",
      "revenue": 132183000,
      "gross_profit": null,
      "operating_income": -35412000,
      "net_income": -38697000,
      "opex": 167595000,
      "cogs": null,
      "rd": null,
      "sga": 29649000,
      "fcf": -36781000,
      "ocf": -19004000,
      "capex": -17777000,
      "gross_margin": null,
      "op_margin": -0.26790131862644967,
      "fcf_margin": -0.27825817238222766,
      "incr_op_margin_yoy": -0.3153884073450273,
      "rev_growth_yoy": 0.5830868174904488,
      "rev_growth_yoy_accel": 0.3456401200750802,
      "op_leverage_ratio": 0.47395159831807776,
      "fcf_margin_change": -0.4503457985294199
    },
    {
      "date": "2023-06-30T00:00:00",
      "quarter_label": "2023-06 (Q2)",
      "revenue": 90548000,
      "gross_profit": null,
      "operating_income": -13055000,
      "net_income": -16301000,
      "opex": 103603000,
      "cogs": null,
      "rd": null,
      "sga": 28548000,
      "fcf": -12935000,
      "ocf": 12042000,
      "capex": -24977000,
      "gross_margin": null,
      "op_margin": -0.14417767372001591,
      "fcf_margin": -0.14285240977161284,
      "incr_op_margin_yoy": 0.17705212702216896,
      "rev_growth_yoy": -0.0686661729614087,
      "rev_growth_yoy_accel": -0.6517529904518575,
      "fcf_margin_change": 0.13540576261061482
    },
    {
      "date": "2023-09-30T00:00:00",
      "quarter_label": "2023-09 (Q3)",
      "revenue": 95571000,
      "gross_profit": null,
      "operating_income": -21364000,
      "net_income": -25812000,
      "opex": 116935000,
      "cogs": null,
      "rd": null,
      "sga": 29117000,
      "fcf": -16799000,
      "ocf": 7745000,
      "capex": -24544000,
      "gross_margin": null,
      "op_margin": -0.22354061378451623,
      "fcf_margin": -0.1757750782141026,
      "incr_op_margin_yoy": 0.4228981272413335,
      "rev_growth_yoy": -0.23961109740864212,
      "rev_growth_yoy_accel": -0.17094492444723342,
      "op_leverage_ratio": 0.43108344247642066,
      "fcf_margin_change": -0.032922668442489755
    },
    {
      "date": "2023-12-31T00:00:00",
      "quarter_label": "2023-12 (Q4)",
      "revenue": 106857000,
      "gross_profit": null,
      "operating_income": -6569000,
      "net_income": -18687000,
      "opex": 113426000,
      "cogs": null,
      "rd": null,
      "sga": 24951000,
      "fcf": 9358000,
      "ocf": 42994000,
      "capex": -33636000,
      "gross_margin": null,
      "op_margin": -0.06147468111588385,
      "fcf_margin": 0.08757498338901523,
      "incr_op_margin_yoy": -0.6638643281635019,
      "rev_growth_yoy": -0.060647350469425786,
      "rev_growth_yoy_accel": 0.17896374693921632,
      "op_leverage_ratio": Infinity,
      "fcf_margin_change": 0.2633500616031178
    },
    {
      "date": "2024-03-31T00:00:00",
      "quarter_label": "2024-03 (Q1)",
      "revenue": 103709000,
      "gross_profit": null,
      "operating_income": -9311000,
      "net_income": -18443000,
      "opex": 113020000,
      "cogs": null,
      "rd": null,
      "sga": 26237000,
      "fcf": -15618000,
      "ocf": 2590000,
      "capex": -18208000,
      "gross_margin": null,
      "op_margin": -0.08978005766134087,
      "fcf_margin": -0.15059445178335534,
      "incr_op_margin_yoy": -0.9166608133736039,
      "rev_growth_yoy": -0.21541347979694817,
      "rev_growth_yoy_accel": -0.15476612932752237,
      "fcf_margin_change": -0.23816943517237057
    },
    {
      "date": "2024-06-30T00:00:00",
      "quarter_label": "2024-06 (Q2)",
      "revenue": 97954000,
      "gross_profit": null,
      "operating_income": -5592000,
      "net_income": -16293000,
      "opex": 103546000,
      "cogs": null,
      "rd": null,
      "sga": 28342000,
      "fcf": 4826000,
      "ocf": 18765000,
      "capex": -13939000,
      "gross_margin": null,
      "op_margin": -0.057088020907773034,
      "fcf_margin": 0.04926802376625763,
      "incr_op_margin_yoy": 1.0076964623278424,
      "rev_growth_yoy": 0.081790873348942,
      "rev_growth_yoy_accel": 0.29720435314589017,
      "fcf_margin_change": 0.19986247554961298
    },
    {
      "date": "2024-09-30T00:00:00",
      "quarter_label": "2024-09 (Q3)",
      "revenue": 104876000,
      "gross_profit": null,
      "operating_income": -8528000,
      "net_income": -18175000,
      "opex": 113404000,
      "cogs": null,
      "rd": null,
      "sga": 28865000,
      "fcf": 42000,
      "ocf": 21359000,
      "capex": -21317000,
      "gross_margin": null,
      "op_margin": -0.08131507685266409,
      "fcf_margin": 0.0004004729394713757,
      "incr_op_margin_yoy": 1.3794734013970984,
      "rev_growth_yoy": 0.09736217053290223,
      "rev_growth_yoy_accel": 0.015571297183960234,
      "op_leverage_ratio": 0.7422563685051333,
      "fcf_margin_change": -0.04886755082678625
    },
    {
      "date": "2024-12-31T00:00:00",
      "quarter_label": "2024-12 (Q4)",
      "revenue": 109326000,
      "gross_profit": null,
      "operating_income": -12922000,
      "net_income": -30159000,
      "opex": 122248000,
      "cogs": null,
      "rd": null,
      "sga": 28390000,
      "fcf": 10332000,
      "ocf": 21865000,
      "capex": -11533000,
      "gross_margin": null,
      "op_margin": -0.1181969522346011,
      "fcf_margin": 0.09450633883980022,
      "incr_op_margin_yoy": -2.5731065208586474,
      "rev_growth_yoy": 0.023105645863162917,
      "rev_growth_yoy_accel": -0.07425652466973931,
      "op_leverage_ratio": 0.5440809692440474,
      "fcf_margin_change": 0.09410586590032885
    },
    {
      "date": "2025-03-31T00:00:00",
      "quarter_label": "2025-03 (Q1)",
      "revenue": 103764000,
      "gross_profit": null,
      "operating_income": -126298000,
      "net_income": -134967000,
      "opex": 230062000,
      "cogs": null,
      "rd": null,
      "sga": 27464000,
      "fcf": 15938000,
      "ocf": 23428000,
      "capex": -7490000,
      "gross_margin": null,
      "op_margin": -1.2171658764118576,
      "fcf_margin": 0.15359855055703328,
      "rev_growth_yoy": 0.0005303300581434591,
      "rev_growth_yoy_accel": -0.02257531580501946,
      "fcf_margin_change": 0.059092211717233056
    },
    {
      "date": "2025-06-30T00:00:00",
      "quarter_label": "2025-06 (Q2)",
      "revenue": 102613000,
      "gross_profit": null,
      "operating_income": -9232000,
      "net_income": -20240000,
      "opex": 111845000,
      "cogs": null,
      "rd": null,
      "sga": 27453000,
      "fcf": 30944000,
      "ocf": 35901000,
      "capex": -4957000,
      "gross_margin": null,
      "op_margin": -0.089969107228129,
      "fcf_margin": 0.3015602311597946,
      "incr_op_margin_yoy": -0.781283537239751,
      "rev_growth_yoy": 0.04756314188292464,
      "rev_growth_yoy_accel": 0.04703281182478118,
      "fcf_margin_change": 0.1479616806027613
    },
    {
      "date": "2025-09-30T00:00:00",
      "quarter_label": "2025-09 (Q3)",
      "revenue": 106137000,
      "gross_profit": null,
      "operating_income": -13636000,
      "net_income": -23819000,
      "opex": 119773000,
      "cogs": null,
      "rd": null,
      "sga": 26270000,
      "fcf": 6468000,
      "ocf": 13088000,
      "capex": -6620000,
      "gross_margin": null,
      "op_margin": -0.12847546096083365,
      "fcf_margin": 0.06094010571242828,
      "incr_op_margin_yoy": -4.050753370340999,
      "rev_growth_yoy": 0.012023723254128685,
      "rev_growth_yoy_accel": -0.035539418628795956,
      "op_leverage_ratio": 0.48449181809686265,
      "fcf_margin_change": -0.2406201254473663
    }
  ],
  "signals": [
    {
      "quarter": "2025-06 (Q2)",
      "signal": "FCF MARGIN EXPANSION",
      "detail": "FCF margin: +15.4% -> +30.2% (+14.8%)",
      "severity": "MEDIUM"
    },
    {
      "quarter": "2025-03 (Q1)",
      "signal": "FCF MARGIN EXPANSION",
      "detail": "FCF margin: +9.5% -> +15.4% (+5.9%)",
      "severity": "MEDIUM"
    },
    {
      "quarter": "2024-12 (Q4)",
      "signal": "FCF MARGIN EXPANSION",
      "detail": "FCF margin: +0.0% -> +9.5% (+9.4%)",
      "severity": "MEDIUM"
    },
    {
      "quarter": "2024-12 (Q4)",
      "signal": "YoY REVENUE GROWTH DECELERATION",
      "detail": "YoY growth: +2.3% vs prior quarter YoY: +9.7% (decel: -7.4%)",
      "severity": "WARNING"
    },
    {
      "quarter": "2024-06 (Q2)",
      "signal": "FCF TURNED POSITIVE",
      "detail": "FCF margin: -15.1% -> +4.9%",
      "severity": "HIGH"
    },
    {
      "quarter": "2024-06 (Q2)",
      "signal": "YoY REVENUE GROWTH ACCELERATION",
      "detail": "YoY growth: +8.2% vs prior quarter YoY: -21.5% (accel: +29.7%)",
      "severity": "HIGH"
    },
    {
      "quarter": "2024-03 (Q1)",
      "signal": "YoY REVENUE GROWTH DECELERATION",
      "detail": "YoY growth: -21.5% vs prior quarter YoY: -6.1% (decel: -15.5%)",
      "severity": "WARNING"
    },
    {
      "quarter": "2023-12 (Q4)",
      "signal": "FCF TURNED POSITIVE",
      "detail": "FCF margin: -17.6% -> +8.8%",
      "severity": "HIGH"
    },
    {
      "quarter": "2023-12 (Q4)",
      "signal": "YoY REVENUE GROWTH ACCELERATION",
      "detail": "YoY growth: -6.1% vs prior quarter YoY: -24.0% (accel: +17.9%)",
      "severity": "HIGH"
    },
    {
      "quarter": "2023-09 (Q3)",
      "signal": "YoY REVENUE GROWTH DECELERATION",
      "detail": "YoY growth: -24.0% vs prior quarter YoY: -6.9% (decel: -17.1%)",
      "severity": "WARNING"
    },
    {
      "quarter": "2023-06 (Q2)",
      "signal": "FCF MARGIN EXPANSION",
      "detail": "FCF margin: -27.8% -> -14.3% (+13.5%)",
      "severity": "MEDIUM"
    },
    {
      "quarter": "2023-06 (Q2)",
      "signal": "YoY REVENUE GROWTH DECELERATION",
      "detail": "YoY growth: -6.9% vs prior quarter YoY: +58.3% (decel: -65.2%)",
      "severity": "WARNING"
    },
    {
      "quarter": "2023-03 (Q1)",
      "signal": "YoY REVENUE GROWTH ACCELERATION",
      "detail": "YoY growth: +58.3% vs prior quarter YoY: +23.7% (accel: +34.6%)",
      "severity": "HIGH"
    },
    {
      "quarter": "2022-12 (Q4)",
      "signal": "FCF TURNED POSITIVE",
      "detail": "FCF margin: -9.7% -> +17.2%",
      "severity": "HIGH"
    },
    {
      "quarter": "2022-12 (Q4)",
      "signal": "YoY REVENUE GROWTH DECELERATION",
      "detail": "YoY growth: +23.7% vs prior quarter YoY: +46.0% (decel: -22.2%)",
      "severity": "WARNING"
    },
    {
      "quarter": "2022-09 (Q3)",
      "signal": "YoY REVENUE GROWTH DECELERATION",
      "detail": "YoY growth: +46.0% vs prior quarter YoY: +20155.0% (decel: -20109.0%)",
      "severity": "WARNING"
    },
    {
      "quarter": "2022-06 (Q2)",
      "signal": "FCF TURNED POSITIVE",
      "detail": "FCF margin: -3.0% -> +17.8%",
      "severity": "HIGH"
    },
    {
      "quarter": "2022-06 (Q2)",
      "signal": "OPERATING LEVERAGE",
      "detail": "Rev growth +16.4% vs OpEx growth +5.4% (leverage: 3.1x)",
      "severity": "MEDIUM"
    },
    {
      "quarter": "2022-06 (Q2)",
      "signal": "YoY REVENUE GROWTH ACCELERATION",
      "detail": "YoY growth: +20155.0% vs prior quarter YoY: +8.2% (accel: +20146.8%)",
      "severity": "HIGH"
    },
    {
      "quarter": "2022-03 (Q1)",
      "signal": "YoY REVENUE GROWTH DECELERATION",
      "detail": "YoY growth: +8.2% vs prior quarter YoY: +22.6% (decel: -14.4%)",
      "severity": "WARNING"
    },
    {
      "quarter": "2021-09 (Q3)",
      "signal": "OPERATING LEVERAGE",
      "detail": "Rev growth +17836.5% vs OpEx growth +11.6% (leverage: 1532.7x)",
      "severity": "MEDIUM"
    },
    {
      "quarter": "2021-06 (Q2)",
      "signal": "FCF TURNED POSITIVE",
      "detail": "FCF margin: -0.1% -> +1062.5%",
      "severity": "HIGH"
    }
  ],
  "data_quality": {
    "n_quarters": 20,
    "coverage": {
      "revenue": [
        20,
        20
      ],
      "gross_profit": [
        0,
        20
      ],
      "op_income": [
        20,
        20
      ],
      "fcf": [
        20,
        20
      ]
    },
    "gaps": [],
    "warnings": [
      "gross_profit: no data"
    ]
  },
  "market_cap": null,
  "source": "SEC EDGAR",
  "last_updated": "2026-02-02T22:25:05.605598",
  "sector": "Energy",
  "industry": "Oil & Gas Refining & Marketing"
}