{
  "ticker": "CLOV",
  "name": "CLOVER HEALTH INVESTMENTS, CORP. /DE",
  "quarters": [
    {
      "date": "2020-12-31T00:00:00",
      "quarter_label": "2020-12 (Q4)",
      "revenue": 166233000,
      "gross_profit": null,
      "operating_income": -4415919,
      "net_income": -4395271,
      "opex": 233862000,
      "cogs": null,
      "rd": null,
      "sga": null,
      "fcf": -59967000,
      "ocf": -59904000,
      "capex": -63000,
      "gross_margin": null,
      "op_margin": -0.026564635180740287,
      "fcf_margin": -0.3607406471639205
    },
    {
      "date": "2021-03-31T00:00:00",
      "quarter_label": "2021-03 (Q1)",
      "revenue": 200325000,
      "gross_profit": null,
      "operating_income": -119088000,
      "net_income": -48417000,
      "opex": 319413000,
      "cogs": null,
      "rd": null,
      "sga": null,
      "fcf": -92968000,
      "ocf": -92869000,
      "capex": -99000,
      "gross_margin": null,
      "op_margin": -0.5944739797828529,
      "fcf_margin": -0.46408586047672534,
      "op_leverage_ratio": 0.560621573818577,
      "fcf_margin_change": -0.10334521331280483
    },
    {
      "date": "2021-06-30T00:00:00",
      "quarter_label": "2021-06 (Q2)",
      "revenue": 412472000,
      "gross_profit": -46049000,
      "operating_income": -181862000,
      "net_income": -317611000,
      "opex": 594334000,
      "cogs": null,
      "rd": null,
      "sga": null,
      "fcf": -64346000,
      "ocf": -64155000,
      "capex": -191000,
      "gross_margin": -0.11164151748482322,
      "op_margin": -0.4409075040245156,
      "fcf_margin": -0.15600089218177235,
      "op_leverage_ratio": 1.2304002654907877,
      "fcf_margin_change": 0.308084968294953
    },
    {
      "date": "2021-09-30T00:00:00",
      "quarter_label": "2021-09 (Q3)",
      "revenue": 427163000,
      "gross_profit": -9259000,
      "operating_income": -149253000,
      "net_income": -34527000,
      "opex": 576416000,
      "cogs": null,
      "rd": null,
      "sga": null,
      "fcf": -45321000,
      "ocf": -45126000,
      "capex": -195000,
      "gross_margin": -0.021675566469942387,
      "op_margin": -0.3494052621598781,
      "fcf_margin": -0.10609767231712484,
      "op_leverage_ratio": Infinity,
      "fcf_margin_change": 0.049903219864647505
    },
    {
      "date": "2021-12-31T00:00:00",
      "quarter_label": "2021-12 (Q4)",
      "revenue": 432036000,
      "gross_profit": -9767000,
      "operating_income": -186789000,
      "net_income": -187201000,
      "opex": 618825000,
      "cogs": null,
      "rd": null,
      "sga": null,
      "fcf": -80414000,
      "ocf": -80176000,
      "capex": -238000,
      "gross_margin": -0.02260691238693072,
      "op_margin": -0.43234591561814295,
      "fcf_margin": -0.1861280078511976,
      "incr_op_margin_yoy": -0.6861212288800352,
      "rev_growth_yoy": 1.5989785421667178,
      "op_leverage_ratio": 0.1550532161216979,
      "fcf_margin_change": -0.08003033553407275
    },
    {
      "date": "2022-03-31T00:00:00",
      "quarter_label": "2022-03 (Q1)",
      "revenue": 874379000,
      "gross_profit": 12657000,
      "operating_income": -87300000,
      "net_income": -75309000,
      "opex": 961679000,
      "cogs": null,
      "rd": null,
      "sga": null,
      "fcf": -57200000,
      "ocf": -57042000,
      "capex": -158000,
      "gross_margin": 0.014475416266859107,
      "op_margin": -0.09984228806958996,
      "fcf_margin": -0.06541785655876914,
      "incr_op_margin_yoy": 0.047159426396104764,
      "rev_growth_yoy": 3.3648021964308,
      "rev_growth_yoy_accel": 1.7658236542640824,
      "op_leverage_ratio": 1.8479824921169834,
      "fcf_margin_change": 0.12071015129242846
    },
    {
      "date": "2022-06-30T00:00:00",
      "quarter_label": "2022-06 (Q2)",
      "revenue": 846700000,
      "gross_profit": -12086000,
      "operating_income": -102546000,
      "net_income": -104181000,
      "opex": 949246000,
      "cogs": null,
      "rd": null,
      "sga": null,
      "fcf": -39344000,
      "ocf": -39171000,
      "capex": -173000,
      "gross_margin": -0.014274241171607418,
      "op_margin": -0.1211125546238337,
      "fcf_margin": -0.04646746191094839,
      "incr_op_margin_yoy": 0.182659800841954,
      "rev_growth_yoy": 1.0527453984755328,
      "rev_growth_yoy_accel": -2.3120567979552673,
      "fcf_margin_change": 0.01895039464782075
    },
    {
      "date": "2022-09-30T00:00:00",
      "quarter_label": "2022-09 (Q3)",
      "revenue": 856817000,
      "gross_profit": 17018000,
      "operating_income": -73915000,
      "net_income": -75308000,
      "opex": 930732000,
      "cogs": null,
      "rd": null,
      "sga": null,
      "fcf": 101396000,
      "ocf": 101655000,
      "capex": -259000,
      "gross_margin": 0.01986188415962802,
      "op_margin": -0.08626696249024005,
      "fcf_margin": 0.1183403223792245,
      "incr_op_margin_yoy": 0.17534574331904276,
      "rev_growth_yoy": 1.005831497578208,
      "rev_growth_yoy_accel": -0.046913900897324945,
      "op_leverage_ratio": Infinity,
      "fcf_margin_change": 0.1648077842901729
    },
    {
      "date": "2022-12-31T00:00:00",
      "quarter_label": "2022-12 (Q4)",
      "revenue": 898791000,
      "gross_profit": 5146000,
      "operating_income": -107163000,
      "net_income": -84046000,
      "opex": 1005954000,
      "cogs": null,
      "rd": null,
      "sga": null,
      "fcf": -213245000,
      "ocf": -209368000,
      "capex": -3877000,
      "gross_margin": 0.005725468991122519,
      "op_margin": -0.1192301658561334,
      "fcf_margin": -0.23725760493818918,
      "incr_op_margin_yoy": 0.1705948516887875,
      "rev_growth_yoy": 1.0803613587756575,
      "rev_growth_yoy_accel": 0.07452986119744964,
      "op_leverage_ratio": 0.6061387557305753,
      "fcf_margin_change": -0.3555979273174137
    },
    {
      "date": "2023-03-31T00:00:00",
      "quarter_label": "2023-03 (Q1)",
      "revenue": 527775000,
      "gross_profit": 55285000,
      "operating_income": -72606000,
      "net_income": -72606000,
      "opex": 600381000,
      "cogs": null,
      "rd": null,
      "sga": null,
      "fcf": 78781000,
      "ocf": 79032000,
      "capex": -251000,
      "gross_margin": 0.10475107763725072,
      "op_margin": -0.13756998721045902,
      "fcf_margin": 0.14927004878973046,
      "incr_op_margin_yoy": -0.042394202028828286,
      "rev_growth_yoy": -0.39640018801915416,
      "rev_growth_yoy_accel": -1.4767615467948116,
      "fcf_margin_change": 0.38652765372791964
    },
    {
      "date": "2023-06-30T00:00:00",
      "quarter_label": "2023-06 (Q2)",
      "revenue": 513628000,
      "gross_profit": 76674000,
      "operating_income": -28807000,
      "net_income": -28814000,
      "opex": 542435000,
      "cogs": null,
      "rd": null,
      "sga": null,
      "fcf": 52819000,
      "ocf": 53173000,
      "capex": -354000,
      "gross_margin": 0.1492792449009789,
      "op_margin": -0.05608533802674309,
      "fcf_margin": 0.10283512581089815,
      "incr_op_margin_yoy": -0.2213905702070423,
      "rev_growth_yoy": -0.3933766387150112,
      "rev_growth_yoy_accel": 0.0030235493041429473,
      "fcf_margin_change": -0.04643492297883231
    },
    {
      "date": "2023-09-30T00:00:00",
      "quarter_label": "2023-09 (Q3)",
      "revenue": 482066000,
      "gross_profit": 63107000,
      "operating_income": -41469000,
      "net_income": -41469000,
      "opex": 523535000,
      "cogs": null,
      "rd": null,
      "sga": null,
      "fcf": -19024000,
      "ocf": -18781000,
      "capex": -243000,
      "gross_margin": 0.13090946053030084,
      "op_margin": -0.08602349055938399,
      "fcf_margin": -0.03946347595557455,
      "incr_op_margin_yoy": -0.08658015589017774,
      "rev_growth_yoy": -0.4373757756907251,
      "rev_growth_yoy_accel": -0.04399913697571389,
      "fcf_margin_change": -0.1422986017664727
    },
    {
      "date": "2023-12-31T00:00:00",
      "quarter_label": "2023-12 (Q4)",
      "revenue": 510251000,
      "gross_profit": 62266000,
      "operating_income": -65660000,
      "net_income": -70472000,
      "opex": 575911000,
      "cogs": null,
      "rd": null,
      "sga": null,
      "fcf": -257822000,
      "ocf": -258086000,
      "capex": 264000,
      "gross_margin": 0.12203013810849954,
      "op_margin": -0.1286817664247596,
      "fcf_margin": -0.505284654023216,
      "incr_op_margin_yoy": -0.10681783085396614,
      "rev_growth_yoy": -0.43229182312684483,
      "rev_growth_yoy_accel": 0.0050839525638802785,
      "op_leverage_ratio": 0.5844198121547318,
      "fcf_margin_change": -0.46582117806764145
    },
    {
      "date": "2024-03-31T00:00:00",
      "quarter_label": "2024-03 (Q1)",
      "revenue": 346922000,
      "gross_profit": 81760000,
      "operating_income": -22703000,
      "net_income": -19170000,
      "opex": 369625000,
      "cogs": null,
      "rd": null,
      "sga": null,
      "fcf": 25490000,
      "ocf": 25935000,
      "capex": -445000,
      "gross_margin": 0.2356725719325958,
      "op_margin": -0.06544122309914044,
      "fcf_margin": 0.07347472918984671,
      "incr_op_margin_yoy": -0.2759312812062836,
      "rev_growth_yoy": -0.342670645634977,
      "rev_growth_yoy_accel": 0.08962117749186782,
      "fcf_margin_change": 0.5787593832130626
    },
    {
      "date": "2024-06-30T00:00:00",
      "quarter_label": "2024-06 (Q2)",
      "revenue": 356260000,
      "gross_profit": 107913000,
      "operating_income": 7187000,
      "net_income": 7408000,
      "opex": 349073000,
      "cogs": null,
      "rd": null,
      "sga": null,
      "fcf": 44360000,
      "ocf": 44757000,
      "capex": -397000,
      "gross_margin": 0.3029051816089373,
      "op_margin": 0.02017346881491046,
      "fcf_margin": 0.12451580306517712,
      "incr_op_margin_yoy": -0.22872502668903463,
      "rev_growth_yoy": -0.3063851659177459,
      "rev_growth_yoy_accel": 0.03628547971723112,
      "op_leverage_ratio": Infinity,
      "fcf_margin_change": 0.05104107387533041
    },
    {
      "date": "2024-09-30T00:00:00",
      "quarter_label": "2024-09 (Q3)",
      "revenue": 330986000,
      "gross_profit": 81212000,
      "operating_income": -8785000,
      "net_income": -9155000,
      "opex": 339771000,
      "cogs": null,
      "rd": null,
      "sga": null,
      "fcf": 49587000,
      "ocf": 49986000,
      "capex": -399000,
      "gross_margin": 0.24536385224752708,
      "op_margin": -0.02654190811695963,
      "fcf_margin": 0.14981600430229677,
      "incr_op_margin_yoy": -0.21633571617685995,
      "rev_growth_yoy": -0.3134010695630889,
      "rev_growth_yoy_accel": -0.007015903645342991,
      "fcf_margin_change": 0.02530020123711965
    },
    {
      "date": "2024-12-31T00:00:00",
      "quarter_label": "2024-12 (Q4)",
      "revenue": 336963000,
      "gross_profit": null,
      "operating_income": -21448000,
      "net_income": null,
      "opex": 358411000,
      "cogs": null,
      "rd": null,
      "sga": null,
      "fcf": -86148000,
      "ocf": -85833000,
      "capex": -315000,
      "gross_margin": null,
      "op_margin": -0.06365090529227245,
      "fcf_margin": -0.25566011698613794,
      "incr_op_margin_yoy": -0.2551359586353354,
      "rev_growth_yoy": -0.33961324916560676,
      "rev_growth_yoy_accel": -0.02621217960251787,
      "op_leverage_ratio": 0.3291652888849285,
      "fcf_margin_change": -0.4054761212884347
    },
    {
      "date": "2025-03-31T00:00:00",
      "quarter_label": "2025-03 (Q1)",
      "revenue": 462331000,
      "gross_profit": null,
      "operating_income": -1274000,
      "net_income": -1274000,
      "opex": 463605000,
      "cogs": null,
      "rd": null,
      "sga": null,
      "fcf": -16478000,
      "ocf": -16293000,
      "capex": -185000,
      "gross_margin": null,
      "op_margin": -0.0027556015062801327,
      "fcf_margin": -0.03564113157023864,
      "incr_op_margin_yoy": 0.18567875988874352,
      "rev_growth_yoy": 0.3326655559462934,
      "rev_growth_yoy_accel": 0.6722788051119002,
      "op_leverage_ratio": 1.267636810984292,
      "fcf_margin_change": 0.22001898541589932
    },
    {
      "date": "2025-06-30T00:00:00",
      "quarter_label": "2025-06 (Q2)",
      "revenue": 477620000,
      "gross_profit": null,
      "operating_income": -10559000,
      "net_income": -10578000,
      "opex": 488179000,
      "cogs": null,
      "rd": null,
      "sga": null,
      "fcf": 4839000,
      "ocf": 5408000,
      "capex": -569000,
      "gross_margin": null,
      "op_margin": -0.022107533185377497,
      "fcf_margin": 0.01013148528118588,
      "incr_op_margin_yoy": -0.1462261041529334,
      "rev_growth_yoy": 0.34065008701510135,
      "rev_growth_yoy_accel": 0.007984531068807976,
      "op_leverage_ratio": 0.623876063784061,
      "fcf_margin_change": 0.045772616851424516
    },
    {
      "date": "2025-09-30T00:00:00",
      "quarter_label": "2025-09 (Q3)",
      "revenue": 496650000,
      "gross_profit": null,
      "operating_income": -24377000,
      "net_income": -24377000,
      "opex": 521027000,
      "cogs": null,
      "rd": null,
      "sga": null,
      "fcf": 11411000,
      "ocf": 12103000,
      "capex": -692000,
      "gross_margin": null,
      "op_margin": -0.049082855129366755,
      "fcf_margin": 0.022975938789892278,
      "incr_op_margin_yoy": -0.09411821518253816,
      "rev_growth_yoy": 0.5005166381659647,
      "rev_growth_yoy_accel": 0.15986655115086335,
      "op_leverage_ratio": 0.5921427897137643,
      "fcf_margin_change": 0.012844453508706399
    }
  ],
  "signals": [
    {
      "quarter": "2025-09 (Q3)",
      "signal": "YoY REVENUE GROWTH ACCELERATION",
      "detail": "YoY growth: +50.1% vs prior quarter YoY: +34.1% (accel: +16.0%)",
      "severity": "HIGH"
    },
    {
      "quarter": "2025-06 (Q2)",
      "signal": "FCF TURNED POSITIVE",
      "detail": "FCF margin: -3.6% -> +1.0%",
      "severity": "HIGH"
    },
    {
      "quarter": "2025-03 (Q1)",
      "signal": "FCF MARGIN EXPANSION",
      "detail": "FCF margin: -25.6% -> -3.6% (+22.0%)",
      "severity": "MEDIUM"
    },
    {
      "quarter": "2025-03 (Q1)",
      "signal": "YoY REVENUE GROWTH ACCELERATION",
      "detail": "YoY growth: +33.3% vs prior quarter YoY: -34.0% (accel: +67.2%)",
      "severity": "HIGH"
    },
    {
      "quarter": "2024-06 (Q2)",
      "signal": "FCF MARGIN EXPANSION",
      "detail": "FCF margin: +7.3% -> +12.5% (+5.1%)",
      "severity": "MEDIUM"
    },
    {
      "quarter": "2024-06 (Q2)",
      "signal": "OP MARGIN TURNED POSITIVE (YoY)",
      "detail": "Op margin: -5.6% (year-ago) -> +2.0%",
      "severity": "HIGH"
    },
    {
      "quarter": "2024-06 (Q2)",
      "signal": "OP MARGIN TURNED POSITIVE (QoQ)",
      "detail": "Op margin: -6.5% -> +2.0%",
      "severity": "HIGH"
    },
    {
      "quarter": "2024-03 (Q1)",
      "signal": "FCF TURNED POSITIVE",
      "detail": "FCF margin: -50.5% -> +7.3%",
      "severity": "HIGH"
    },
    {
      "quarter": "2024-03 (Q1)",
      "signal": "GROSS MARGIN INFLECTION",
      "detail": "GM: +13.1% -> +12.2% -> +23.6% (reversal +11.4%)",
      "severity": "HIGH"
    },
    {
      "quarter": "2024-03 (Q1)",
      "signal": "YoY REVENUE GROWTH ACCELERATION",
      "detail": "YoY growth: -34.3% vs prior quarter YoY: -43.2% (accel: +9.0%)",
      "severity": "MEDIUM"
    },
    {
      "quarter": "2023-03 (Q1)",
      "signal": "FCF TURNED POSITIVE",
      "detail": "FCF margin: -23.7% -> +14.9%",
      "severity": "HIGH"
    },
    {
      "quarter": "2023-03 (Q1)",
      "signal": "GROSS MARGIN INFLECTION",
      "detail": "GM: +2.0% -> +0.6% -> +10.5% (reversal +9.9%)",
      "severity": "HIGH"
    },
    {
      "quarter": "2023-03 (Q1)",
      "signal": "YoY REVENUE GROWTH DECELERATION",
      "detail": "YoY growth: -39.6% vs prior quarter YoY: +108.0% (decel: -147.7%)",
      "severity": "WARNING"
    },
    {
      "quarter": "2022-12 (Q4)",
      "signal": "YoY REVENUE GROWTH ACCELERATION",
      "detail": "YoY growth: +108.0% vs prior quarter YoY: +100.6% (accel: +7.5%)",
      "severity": "MEDIUM"
    },
    {
      "quarter": "2022-09 (Q3)",
      "signal": "FCF TURNED POSITIVE",
      "detail": "FCF margin: -4.6% -> +11.8%",
      "severity": "HIGH"
    },
    {
      "quarter": "2022-09 (Q3)",
      "signal": "GROSS MARGIN INFLECTION",
      "detail": "GM: +1.4% -> -1.4% -> +2.0% (reversal +3.4%)",
      "severity": "MEDIUM"
    },
    {
      "quarter": "2022-06 (Q2)",
      "signal": "YoY REVENUE GROWTH DECELERATION",
      "detail": "YoY growth: +105.3% vs prior quarter YoY: +336.5% (decel: -231.2%)",
      "severity": "WARNING"
    },
    {
      "quarter": "2022-03 (Q1)",
      "signal": "FCF MARGIN EXPANSION",
      "detail": "FCF margin: -18.6% -> -6.5% (+12.1%)",
      "severity": "MEDIUM"
    },
    {
      "quarter": "2022-03 (Q1)",
      "signal": "OPERATING LEVERAGE",
      "detail": "Rev growth +102.4% vs OpEx growth +55.4% (leverage: 1.8x)",
      "severity": "MEDIUM"
    },
    {
      "quarter": "2022-03 (Q1)",
      "signal": "GROSS MARGIN INFLECTION",
      "detail": "GM: -2.2% -> -2.3% -> +1.4% (reversal +3.7%)",
      "severity": "MEDIUM"
    },
    {
      "quarter": "2022-03 (Q1)",
      "signal": "YoY REVENUE GROWTH ACCELERATION",
      "detail": "YoY growth: +336.5% vs prior quarter YoY: +159.9% (accel: +176.6%)",
      "severity": "HIGH"
    },
    {
      "quarter": "2021-06 (Q2)",
      "signal": "FCF MARGIN EXPANSION",
      "detail": "FCF margin: -46.4% -> -15.6% (+30.8%)",
      "severity": "MEDIUM"
    }
  ],
  "data_quality": {
    "n_quarters": 20,
    "coverage": {
      "revenue": [
        20,
        20
      ],
      "gross_profit": [
        14,
        20
      ],
      "op_income": [
        20,
        20
      ],
      "fcf": [
        20,
        20
      ]
    },
    "gaps": [],
    "warnings": [
      "gross_profit: 14/20Q"
    ]
  },
  "market_cap": null,
  "source": "SEC EDGAR",
  "last_updated": "2026-02-02T21:55:33.340788"
}