{
  "ticker": "CLPR",
  "name": "CLIPPER REALTY INC.",
  "quarters": [
    {
      "date": "2020-12-31T00:00:00",
      "quarter_label": "2020-12 (Q4)",
      "revenue": 31624000,
      "gross_profit": 7765000,
      "operating_income": 7765000,
      "net_income": null,
      "opex": 23859000,
      "cogs": 23859000,
      "rd": null,
      "sga": null,
      "fcf": -1731000,
      "ocf": 5744000,
      "capex": -7475000,
      "gross_margin": 0.2455413609916519,
      "op_margin": 0.2455413609916519,
      "fcf_margin": -0.05473690867695421
    },
    {
      "date": "2021-03-31T00:00:00",
      "quarter_label": "2021-03 (Q1)",
      "revenue": 30651000,
      "gross_profit": 6117000,
      "operating_income": 6117000,
      "net_income": null,
      "opex": 24534000,
      "cogs": 24534000,
      "rd": null,
      "sga": null,
      "fcf": 1895000,
      "ocf": 7437000,
      "capex": -5542000,
      "gross_margin": 0.19956934520896544,
      "op_margin": 0.19956934520896544,
      "fcf_margin": 0.061825062803823695,
      "fcf_margin_change": 0.1165619714807779
    },
    {
      "date": "2021-06-30T00:00:00",
      "quarter_label": "2021-06 (Q2)",
      "revenue": 30671000,
      "gross_profit": 6996000,
      "operating_income": 6996000,
      "net_income": null,
      "opex": 23675000,
      "cogs": 23675000,
      "rd": null,
      "sga": null,
      "fcf": -4740000,
      "ocf": 1569000,
      "capex": -6309000,
      "gross_margin": 0.22809820351472074,
      "op_margin": 0.22809820351472074,
      "fcf_margin": -0.15454337973981938,
      "fcf_margin_change": -0.21636844254364307
    },
    {
      "date": "2021-09-30T00:00:00",
      "quarter_label": "2021-09 (Q3)",
      "revenue": 30631000,
      "gross_profit": 6958000,
      "operating_income": 6958000,
      "net_income": null,
      "opex": 23673000,
      "cogs": 23673000,
      "rd": null,
      "sga": null,
      "fcf": -7884000,
      "ocf": 4483000,
      "capex": -12367000,
      "gross_margin": 0.22715549606607685,
      "op_margin": 0.22715549606607685,
      "fcf_margin": -0.257386307988639,
      "fcf_margin_change": -0.1028429282488196
    },
    {
      "date": "2021-12-31T00:00:00",
      "quarter_label": "2021-12 (Q4)",
      "revenue": 30776000,
      "gross_profit": 6820000,
      "operating_income": 4090000,
      "net_income": null,
      "opex": 23956000,
      "cogs": 23956000,
      "rd": null,
      "sga": null,
      "fcf": -59248000,
      "ocf": -2667000,
      "capex": -56581000,
      "gross_margin": 0.22160124772550038,
      "op_margin": 0.13289576293215494,
      "fcf_margin": -1.9251364699766051,
      "rev_growth_yoy": -0.02681507715658993,
      "fcf_margin_change": -1.6677501619879662
    },
    {
      "date": "2022-03-31T00:00:00",
      "quarter_label": "2022-03 (Q1)",
      "revenue": 32050000,
      "gross_profit": 6509000,
      "operating_income": 6509000,
      "net_income": null,
      "opex": 25541000,
      "cogs": 25541000,
      "rd": null,
      "sga": null,
      "fcf": -9847000,
      "ocf": 6587000,
      "capex": -16434000,
      "gross_margin": 0.20308892355694227,
      "op_margin": 0.20308892355694227,
      "fcf_margin": -0.3072386895475819,
      "incr_op_margin_yoy": 0.2802001429592566,
      "rev_growth_yoy": 0.045642882777070896,
      "rev_growth_yoy_accel": 0.07245795993366083,
      "op_leverage_ratio": 0.6256656217020268,
      "fcf_margin_change": 1.6178977804290233
    },
    {
      "date": "2022-06-30T00:00:00",
      "quarter_label": "2022-06 (Q2)",
      "revenue": 31887000,
      "gross_profit": 7052000,
      "operating_income": 7052000,
      "net_income": null,
      "opex": 24835000,
      "cogs": 24835000,
      "rd": null,
      "sga": null,
      "fcf": -11075000,
      "ocf": 5095000,
      "capex": -16170000,
      "gross_margin": 0.22115595697306112,
      "op_margin": 0.22115595697306112,
      "fcf_margin": -0.34732022454291717,
      "incr_op_margin_yoy": 0.046052631578947366,
      "rev_growth_yoy": 0.039646571680088685,
      "rev_growth_yoy_accel": -0.005996311096982211,
      "fcf_margin_change": -0.04008153499533529
    },
    {
      "date": "2022-09-30T00:00:00",
      "quarter_label": "2022-09 (Q3)",
      "revenue": 32800000,
      "gross_profit": 7298000,
      "operating_income": 7298000,
      "net_income": null,
      "opex": 25502000,
      "cogs": 25502000,
      "rd": null,
      "sga": null,
      "fcf": -6323000,
      "ocf": 3477000,
      "capex": -9800000,
      "gross_margin": 0.2225,
      "op_margin": 0.2225,
      "fcf_margin": -0.19277439024390244,
      "incr_op_margin_yoy": 0.15675426463808206,
      "rev_growth_yoy": 0.07081061669550455,
      "rev_growth_yoy_accel": 0.031164045015415864,
      "op_leverage_ratio": 1.0660938699903977,
      "fcf_margin_change": 0.15454583429901472
    },
    {
      "date": "2022-12-31T00:00:00",
      "quarter_label": "2022-12 (Q4)",
      "revenue": 33009000,
      "gross_profit": 6777000,
      "operating_income": 6777000,
      "net_income": null,
      "opex": 26232000,
      "cogs": 26232000,
      "rd": null,
      "sga": null,
      "fcf": -4753000,
      "ocf": 4980000,
      "capex": -9733000,
      "gross_margin": 0.20530764336999,
      "op_margin": 0.20530764336999,
      "fcf_margin": -0.1439910327486443,
      "incr_op_margin_yoy": 1.2033139274518585,
      "rev_growth_yoy": 0.07255653756173641,
      "rev_growth_yoy_accel": 0.001745920866231862,
      "fcf_margin_change": 0.04878335749525814
    },
    {
      "date": "2023-03-31T00:00:00",
      "quarter_label": "2023-03 (Q1)",
      "revenue": 33667000,
      "gross_profit": 6914000,
      "operating_income": 6914000,
      "net_income": null,
      "opex": 26753000,
      "cogs": 26753000,
      "rd": null,
      "sga": null,
      "fcf": -3745000,
      "ocf": 7421000,
      "capex": -11166000,
      "gross_margin": 0.20536430332372946,
      "op_margin": 0.20536430332372946,
      "fcf_margin": -0.1112365224106692,
      "incr_op_margin_yoy": 0.2504638218923933,
      "rev_growth_yoy": 0.05045241809672387,
      "rev_growth_yoy_accel": -0.02210411946501254,
      "op_leverage_ratio": 1.003661364035598,
      "fcf_margin_change": 0.03275451033797511
    },
    {
      "date": "2023-06-30T00:00:00",
      "quarter_label": "2023-06 (Q2)",
      "revenue": 34543000,
      "gross_profit": 8039000,
      "operating_income": 8039000,
      "net_income": null,
      "opex": 26504000,
      "cogs": 26504000,
      "rd": null,
      "sga": null,
      "fcf": 3379000,
      "ocf": 9800000,
      "capex": -6421000,
      "gross_margin": 0.23272443042005617,
      "op_margin": 0.23272443042005617,
      "fcf_margin": 0.09782010827085082,
      "incr_op_margin_yoy": 0.37161144578313254,
      "rev_growth_yoy": 0.08329413240505536,
      "rev_growth_yoy_accel": 0.032841714308331486,
      "op_leverage_ratio": Infinity,
      "fcf_margin_change": 0.20905663068152003
    },
    {
      "date": "2023-09-30T00:00:00",
      "quarter_label": "2023-09 (Q3)",
      "revenue": 35128000,
      "gross_profit": 9202000,
      "operating_income": 9202000,
      "net_income": null,
      "opex": 25926000,
      "cogs": 25926000,
      "rd": null,
      "sga": null,
      "fcf": -10847000,
      "ocf": -91000,
      "capex": -10756000,
      "gross_margin": 0.2619562741972216,
      "op_margin": 0.2619562741972216,
      "fcf_margin": -0.30878501480300613,
      "incr_op_margin_yoy": 0.8178694158075601,
      "rev_growth_yoy": 0.07097560975609755,
      "rev_growth_yoy_accel": -0.012318522648957803,
      "op_leverage_ratio": Infinity,
      "fcf_margin_change": -0.40660512307385693
    },
    {
      "date": "2023-12-31T00:00:00",
      "quarter_label": "2023-12 (Q4)",
      "revenue": 34867000,
      "gross_profit": 9015000,
      "operating_income": 9015000,
      "net_income": null,
      "opex": 25852000,
      "cogs": 25852000,
      "rd": null,
      "sga": null,
      "fcf": -8900000,
      "ocf": 9055000,
      "capex": -17955000,
      "gross_margin": 0.2585539335188,
      "op_margin": 0.2585539335188,
      "fcf_margin": -0.2552556858921043,
      "incr_op_margin_yoy": 1.2045209903121636,
      "rev_growth_yoy": 0.056287679117816354,
      "rev_growth_yoy_accel": -0.0146879306382812,
      "fcf_margin_change": 0.05352932891090184
    },
    {
      "date": "2024-03-31T00:00:00",
      "quarter_label": "2024-03 (Q1)",
      "revenue": 35760000,
      "gross_profit": 9072000,
      "operating_income": 9072000,
      "net_income": null,
      "opex": 26688000,
      "cogs": 26688000,
      "rd": null,
      "sga": null,
      "fcf": -14686000,
      "ocf": 6252000,
      "capex": -20938000,
      "gross_margin": 0.2536912751677852,
      "op_margin": 0.2536912751677852,
      "fcf_margin": -0.41068232662192394,
      "incr_op_margin_yoy": 1.031055900621118,
      "rev_growth_yoy": 0.062167701309888024,
      "rev_growth_yoy_accel": 0.00588002219207167,
      "op_leverage_ratio": 0.7919992073776454,
      "fcf_margin_change": -0.15542664072981965
    },
    {
      "date": "2024-06-30T00:00:00",
      "quarter_label": "2024-06 (Q2)",
      "revenue": 37346000,
      "gross_profit": 9998000,
      "operating_income": 9998000,
      "net_income": null,
      "opex": 27348000,
      "cogs": 27348000,
      "rd": null,
      "sga": null,
      "fcf": 8792000,
      "ocf": 8792000,
      "capex": null,
      "gross_margin": 0.2677127403202485,
      "op_margin": 0.2677127403202485,
      "fcf_margin": 0.2354201253146254,
      "incr_op_margin_yoy": 0.6988940420977524,
      "rev_growth_yoy": 0.08114523926700055,
      "rev_growth_yoy_accel": 0.01897753795711253,
      "op_leverage_ratio": 1.793402481187716,
      "fcf_margin_change": 0.6461024519365494
    },
    {
      "date": "2024-09-30T00:00:00",
      "quarter_label": "2024-09 (Q3)",
      "revenue": 37622000,
      "gross_profit": 10752000,
      "operating_income": 10752000,
      "net_income": null,
      "opex": 26870000,
      "cogs": 26870000,
      "rd": null,
      "sga": null,
      "fcf": 6293000,
      "ocf": 6293000,
      "capex": null,
      "gross_margin": 0.28579022912125884,
      "op_margin": 0.28579022912125884,
      "fcf_margin": 0.16726915102865345,
      "incr_op_margin_yoy": 0.6214915797914996,
      "rev_growth_yoy": 0.07099749487588249,
      "rev_growth_yoy_accel": -0.010147744391118069,
      "fcf_margin_change": -0.06815097428597194
    },
    {
      "date": "2024-12-31T00:00:00",
      "quarter_label": "2024-12 (Q4)",
      "revenue": 38047000,
      "gross_profit": 10974000,
      "operating_income": 10705000,
      "net_income": null,
      "opex": 27073000,
      "cogs": 27073000,
      "rd": null,
      "sga": null,
      "fcf": 10525000,
      "ocf": 10525000,
      "capex": null,
      "gross_margin": 0.28843272794175623,
      "op_margin": 0.28136252529765815,
      "fcf_margin": 0.27663153468078955,
      "incr_op_margin_yoy": 0.5314465408805031,
      "rev_growth_yoy": 0.09120371698167322,
      "rev_growth_yoy_accel": 0.020206222105790733,
      "op_leverage_ratio": 1.4952667616919457,
      "fcf_margin_change": 0.1093623836521361
    },
    {
      "date": "2025-03-31T00:00:00",
      "quarter_label": "2025-03 (Q1)",
      "revenue": 39398000,
      "gross_profit": -13581000,
      "operating_income": -23581000,
      "net_income": null,
      "opex": 62979000,
      "cogs": 52979000,
      "rd": null,
      "sga": null,
      "fcf": -4605000,
      "ocf": 6676000,
      "capex": -11281000,
      "gross_margin": -0.34471292959033456,
      "op_margin": -0.5985329204528148,
      "fcf_margin": -0.11688410579217219,
      "incr_op_margin_yoy": -8.975536008796041,
      "rev_growth_yoy": 0.1017337807606264,
      "rev_growth_yoy_accel": 0.010530063778953186,
      "op_leverage_ratio": 0.02677344690443623,
      "fcf_margin_change": -0.3935156404729617
    },
    {
      "date": "2025-06-30T00:00:00",
      "quarter_label": "2025-06 (Q2)",
      "revenue": 39036000,
      "gross_profit": 10834000,
      "operating_income": 10808000,
      "net_income": null,
      "opex": 28202000,
      "cogs": 28202000,
      "rd": null,
      "sga": null,
      "fcf": 8368000,
      "ocf": 8368000,
      "capex": null,
      "gross_margin": 0.277538682242033,
      "op_margin": 0.27687263039245824,
      "fcf_margin": 0.2143662260477508,
      "incr_op_margin_yoy": 0.47928994082840237,
      "rev_growth_yoy": 0.045252503614844966,
      "rev_growth_yoy_accel": -0.05648127714578144,
      "fcf_margin_change": 0.331250331839923
    },
    {
      "date": "2025-09-30T00:00:00",
      "quarter_label": "2025-09 (Q3)",
      "revenue": 37698000,
      "gross_profit": 8885000,
      "operating_income": 8885000,
      "net_income": null,
      "opex": 28813000,
      "cogs": 28813000,
      "rd": null,
      "sga": null,
      "fcf": 1420000,
      "ocf": 1420000,
      "capex": null,
      "gross_margin": 0.23568889596265055,
      "op_margin": 0.23568889596265055,
      "fcf_margin": 0.03766778078412648,
      "rev_growth_yoy": 0.0020200946254850887,
      "rev_growth_yoy_accel": -0.04323240898935988,
      "fcf_margin_change": -0.17669844526362433
    }
  ],
  "signals": [
    {
      "quarter": "2025-06 (Q2)",
      "signal": "FCF TURNED POSITIVE",
      "detail": "FCF margin: -11.7% -> +21.4%",
      "severity": "HIGH"
    },
    {
      "quarter": "2025-06 (Q2)",
      "signal": "GROSS MARGIN INFLECTION",
      "detail": "GM: +28.8% -> -34.5% -> +27.8% (reversal +62.2%)",
      "severity": "HIGH"
    },
    {
      "quarter": "2025-06 (Q2)",
      "signal": "YoY REVENUE GROWTH DECELERATION",
      "detail": "YoY growth: +4.5% vs prior quarter YoY: +10.2% (decel: -5.6%)",
      "severity": "WARNING"
    },
    {
      "quarter": "2025-06 (Q2)",
      "signal": "INCREMENTAL MARGIN (YoY)",
      "detail": "YoY Incr OPM: +47.9% vs year-ago OPM: +26.8%",
      "severity": "HIGH"
    },
    {
      "quarter": "2025-06 (Q2)",
      "signal": "OP MARGIN TURNED POSITIVE (QoQ)",
      "detail": "Op margin: -59.9% -> +27.7%",
      "severity": "HIGH"
    },
    {
      "quarter": "2024-12 (Q4)",
      "signal": "FCF MARGIN EXPANSION",
      "detail": "FCF margin: +16.7% -> +27.7% (+10.9%)",
      "severity": "MEDIUM"
    },
    {
      "quarter": "2024-12 (Q4)",
      "signal": "INCREMENTAL MARGIN (YoY)",
      "detail": "YoY Incr OPM: +53.1% vs year-ago OPM: +25.9%",
      "severity": "HIGH"
    },
    {
      "quarter": "2024-09 (Q3)",
      "signal": "INCREMENTAL MARGIN (YoY)",
      "detail": "YoY Incr OPM: +62.1% vs year-ago OPM: +26.2%",
      "severity": "HIGH"
    },
    {
      "quarter": "2024-06 (Q2)",
      "signal": "FCF TURNED POSITIVE",
      "detail": "FCF margin: -41.1% -> +23.5%",
      "severity": "HIGH"
    },
    {
      "quarter": "2024-06 (Q2)",
      "signal": "OPERATING LEVERAGE",
      "detail": "Rev growth +4.4% vs OpEx growth +2.5% (leverage: 1.8x)",
      "severity": "MEDIUM"
    },
    {
      "quarter": "2024-06 (Q2)",
      "signal": "INCREMENTAL MARGIN (YoY)",
      "detail": "YoY Incr OPM: +69.9% vs year-ago OPM: +23.3%",
      "severity": "HIGH"
    },
    {
      "quarter": "2024-03 (Q1)",
      "signal": "INCREMENTAL MARGIN (YoY)",
      "detail": "YoY Incr OPM: +103.1% vs year-ago OPM: +20.5%",
      "severity": "HIGH"
    },
    {
      "quarter": "2023-12 (Q4)",
      "signal": "FCF MARGIN EXPANSION",
      "detail": "FCF margin: -30.9% -> -25.5% (+5.4%)",
      "severity": "MEDIUM"
    },
    {
      "quarter": "2023-12 (Q4)",
      "signal": "INCREMENTAL MARGIN (YoY)",
      "detail": "YoY Incr OPM: +120.5% vs year-ago OPM: +20.5%",
      "severity": "HIGH"
    },
    {
      "quarter": "2023-09 (Q3)",
      "signal": "INCREMENTAL MARGIN (YoY)",
      "detail": "YoY Incr OPM: +81.8% vs year-ago OPM: +22.2%",
      "severity": "HIGH"
    },
    {
      "quarter": "2023-06 (Q2)",
      "signal": "FCF TURNED POSITIVE",
      "detail": "FCF margin: -11.1% -> +9.8%",
      "severity": "HIGH"
    },
    {
      "quarter": "2023-06 (Q2)",
      "signal": "INCREMENTAL MARGIN (YoY)",
      "detail": "YoY Incr OPM: +37.2% vs year-ago OPM: +22.1%",
      "severity": "MEDIUM"
    },
    {
      "quarter": "2022-12 (Q4)",
      "signal": "INCREMENTAL MARGIN (YoY)",
      "detail": "YoY Incr OPM: +120.3% vs year-ago OPM: +13.3%",
      "severity": "HIGH"
    },
    {
      "quarter": "2022-09 (Q3)",
      "signal": "FCF MARGIN EXPANSION",
      "detail": "FCF margin: -34.7% -> -19.3% (+15.5%)",
      "severity": "MEDIUM"
    },
    {
      "quarter": "2022-03 (Q1)",
      "signal": "FCF MARGIN EXPANSION",
      "detail": "FCF margin: -192.5% -> -30.7% (+161.8%)",
      "severity": "MEDIUM"
    },
    {
      "quarter": "2022-03 (Q1)",
      "signal": "YoY REVENUE GROWTH ACCELERATION",
      "detail": "YoY growth: +4.6% vs prior quarter YoY: -2.7% (accel: +7.2%)",
      "severity": "MEDIUM"
    },
    {
      "quarter": "2021-06 (Q2)",
      "signal": "GROSS MARGIN INFLECTION",
      "detail": "GM: +24.6% -> +20.0% -> +22.8% (reversal +2.9%)",
      "severity": "MEDIUM"
    },
    {
      "quarter": "2021-03 (Q1)",
      "signal": "FCF TURNED POSITIVE",
      "detail": "FCF margin: -5.5% -> +6.2%",
      "severity": "HIGH"
    }
  ],
  "data_quality": {
    "n_quarters": 20,
    "coverage": {
      "revenue": [
        20,
        20
      ],
      "gross_profit": [
        20,
        20
      ],
      "op_income": [
        20,
        20
      ],
      "fcf": [
        20,
        20
      ]
    },
    "gaps": [],
    "warnings": []
  },
  "market_cap": null,
  "source": "SEC EDGAR",
  "last_updated": "2026-02-02T23:08:58.833499",
  "sector": "Real Estate",
  "industry": "REIT - Residential"
}