{
  "ticker": "CLSKW",
  "name": "CleanSpark, Inc.",
  "quarters": [
    {
      "date": "2019-12-31T00:00:00",
      "quarter_label": "2019-12 (Q4)",
      "revenue": 976824,
      "gross_profit": 94103,
      "operating_income": null,
      "net_income": null,
      "opex": null,
      "cogs": null,
      "rd": null,
      "sga": null,
      "fcf": null,
      "ocf": null,
      "capex": -9447,
      "gross_margin": 0.09633567561812569,
      "op_margin": null,
      "fcf_margin": null
    },
    {
      "date": "2020-03-31T00:00:00",
      "quarter_label": "2020-03 (Q1)",
      "revenue": 3658283,
      "gross_profit": 704037,
      "operating_income": null,
      "net_income": null,
      "opex": null,
      "cogs": null,
      "rd": null,
      "sga": null,
      "fcf": null,
      "ocf": null,
      "capex": -15463,
      "gross_margin": 0.1924501193592732,
      "op_margin": null,
      "fcf_margin": null
    },
    {
      "date": "2020-06-30T00:00:00",
      "quarter_label": "2020-06 (Q2)",
      "revenue": 3438674,
      "gross_profit": 544735,
      "operating_income": null,
      "net_income": null,
      "opex": null,
      "cogs": null,
      "rd": null,
      "sga": null,
      "fcf": null,
      "ocf": null,
      "capex": null,
      "gross_margin": 0.15841426084589583,
      "op_margin": null,
      "fcf_margin": null
    },
    {
      "date": "2020-09-30T00:00:00",
      "quarter_label": "2020-09 (Q3)",
      "revenue": 1954920,
      "gross_profit": 777977,
      "operating_income": null,
      "net_income": null,
      "opex": null,
      "cogs": null,
      "rd": null,
      "sga": null,
      "fcf": null,
      "ocf": null,
      "capex": null,
      "gross_margin": 0.39795848423464897,
      "op_margin": null,
      "fcf_margin": null
    },
    {
      "date": "2020-12-31T00:00:00",
      "quarter_label": "2020-12 (Q4)",
      "revenue": 2257570,
      "gross_profit": 924680,
      "operating_income": -6170098,
      "net_income": -7167530,
      "opex": 7094778,
      "cogs": 1332890,
      "rd": null,
      "sga": null,
      "fcf": -6833578,
      "ocf": -6833578,
      "capex": null,
      "gross_margin": 0.409590843251815,
      "op_margin": -2.7330705138711093,
      "fcf_margin": -3.0269617331909973,
      "rev_growth_yoy": 1.3111328140995717
    },
    {
      "date": "2021-03-31T00:00:00",
      "quarter_label": "2021-03 (Q1)",
      "revenue": 8119688,
      "gross_profit": 6582005,
      "operating_income": -2496972,
      "net_income": 7400040,
      "opex": 10616660,
      "cogs": 1537683,
      "rd": null,
      "sga": null,
      "fcf": -4852882,
      "ocf": -4852882,
      "capex": null,
      "gross_margin": 0.8106228958551117,
      "op_margin": -0.30752068306072844,
      "fcf_margin": -0.5976685311061213,
      "rev_growth_yoy": 1.2195352300519122,
      "rev_growth_yoy_accel": -0.0915975840476595,
      "op_leverage_ratio": 5.230911117832659,
      "fcf_margin_change": 2.429293202084876
    },
    {
      "date": "2021-06-30T00:00:00",
      "quarter_label": "2021-06 (Q2)",
      "revenue": 11916065,
      "gross_profit": 8067248,
      "operating_income": -14618179,
      "net_income": -16677127,
      "opex": 26534244,
      "cogs": 3848817,
      "rd": null,
      "sga": null,
      "fcf": -9441672,
      "ocf": -9441672,
      "capex": null,
      "gross_margin": 0.6770060418435112,
      "op_margin": -1.2267622742910516,
      "fcf_margin": -0.7923481451301247,
      "rev_growth_yoy": 2.465308139125721,
      "rev_growth_yoy_accel": 1.2457729090738088,
      "op_leverage_ratio": 0.31184641137725666,
      "fcf_margin_change": -0.19467961402400347
    },
    {
      "date": "2021-09-30T00:00:00",
      "quarter_label": "2021-09 (Q3)",
      "revenue": 27144794,
      "gross_profit": 19908097,
      "operating_income": -5291802,
      "net_income": -5367391,
      "opex": 32436596,
      "cogs": 7236697,
      "rd": null,
      "sga": null,
      "fcf": -2858078,
      "ocf": -2858078,
      "capex": null,
      "gross_margin": 0.7334038711069238,
      "op_margin": -0.19494721529292136,
      "fcf_margin": -0.10529009724663964,
      "rev_growth_yoy": 12.885373314509033,
      "rev_growth_yoy_accel": 10.420065175383312,
      "op_leverage_ratio": 5.745295980755145,
      "fcf_margin_change": 0.6870580478834851
    },
    {
      "date": "2021-12-31T00:00:00",
      "quarter_label": "2021-12 (Q4)",
      "revenue": 41241969,
      "gross_profit": 32444043,
      "operating_income": 4435163,
      "net_income": 14485755,
      "opex": 36806806,
      "cogs": 8797926,
      "rd": null,
      "sga": null,
      "fcf": 12996000,
      "ocf": 12996000,
      "capex": null,
      "gross_margin": 0.7866754130967898,
      "op_margin": 0.10754004009847347,
      "fcf_margin": 0.31511589565473946,
      "incr_op_margin_yoy": 0.27203859164277483,
      "rev_growth_yoy": 17.26830131513087,
      "rev_growth_yoy_accel": 4.3829280006218365,
      "op_leverage_ratio": 3.8545928021186606,
      "fcf_margin_change": 0.4204059929013791
    },
    {
      "date": "2022-03-31T00:00:00",
      "quarter_label": "2022-03 (Q1)",
      "revenue": 41637992,
      "gross_profit": 29510872,
      "operating_income": 3332808,
      "net_income": -170735,
      "opex": 38305184,
      "cogs": 12127120,
      "rd": null,
      "sga": null,
      "fcf": 33886000,
      "ocf": 33886000,
      "capex": null,
      "gross_margin": 0.7087486831737707,
      "op_margin": 0.08004247659205084,
      "fcf_margin": 0.813824067212463,
      "incr_op_margin_yoy": 0.17392825126235503,
      "rev_growth_yoy": 4.128028564644356,
      "rev_growth_yoy_accel": -13.140272750486513,
      "fcf_margin_change": 0.49870817155772357
    },
    {
      "date": "2022-06-30T00:00:00",
      "quarter_label": "2022-06 (Q2)",
      "revenue": 31027781,
      "gross_profit": 20686755,
      "operating_income": -14941469,
      "net_income": -29340223,
      "opex": 45969250,
      "cogs": 10341026,
      "rd": null,
      "sga": null,
      "fcf": 5598000,
      "ocf": 5598000,
      "capex": null,
      "gross_margin": 0.6667171912809363,
      "op_margin": -0.4815513233124857,
      "fcf_margin": 0.18041896067269522,
      "incr_op_margin_yoy": -0.016915801804505675,
      "rev_growth_yoy": 1.6038613418104046,
      "rev_growth_yoy_accel": -2.524167222833951,
      "fcf_margin_change": -0.6334051065397678
    },
    {
      "date": "2022-09-30T00:00:00",
      "quarter_label": "2022-09 (Q3)",
      "revenue": 26172884,
      "gross_profit": 9547184,
      "operating_income": -40658291,
      "net_income": -42301151,
      "opex": 66831175,
      "cogs": 16625700,
      "rd": null,
      "sga": null,
      "fcf": 20978000,
      "ocf": 20978000,
      "capex": null,
      "gross_margin": 0.364773862903301,
      "op_margin": -1.5534509303598334,
      "fcf_margin": 0.8015165619501465,
      "rev_growth_yoy": -0.035804655581471716,
      "rev_growth_yoy_accel": -1.6396659973918764,
      "fcf_margin_change": 0.6210976012774513
    },
    {
      "date": "2022-12-31T00:00:00",
      "quarter_label": "2022-12 (Q4)",
      "revenue": 27819000,
      "gross_profit": 7403000,
      "operating_income": -28883000,
      "net_income": -29031000,
      "opex": 56702000,
      "cogs": 20416000,
      "rd": null,
      "sga": null,
      "fcf": 5115000,
      "ocf": 5115000,
      "capex": null,
      "gross_margin": 0.26611308817714513,
      "op_margin": -1.0382472410942163,
      "fcf_margin": 0.18386714116251482,
      "incr_op_margin_yoy": 2.4821753667165587,
      "rev_growth_yoy": -0.3254686748831027,
      "rev_growth_yoy_accel": -0.289664019301631,
      "op_leverage_ratio": Infinity,
      "fcf_margin_change": -0.6176494207876317
    },
    {
      "date": "2023-03-31T00:00:00",
      "quarter_label": "2023-03 (Q1)",
      "revenue": 42546000,
      "gross_profit": 20464000,
      "operating_income": -17486000,
      "net_income": -18460000,
      "opex": 60032000,
      "cogs": 22082000,
      "rd": null,
      "sga": null,
      "fcf": 6761000,
      "ocf": 6761000,
      "capex": null,
      "gross_margin": 0.48098528651342076,
      "op_margin": -0.41099045738729845,
      "fcf_margin": 0.15891035585013868,
      "rev_growth_yoy": 0.021807199540266015,
      "rev_growth_yoy_accel": 0.3472758744233687,
      "op_leverage_ratio": 9.014194330208566,
      "fcf_margin_change": -0.024956785312376134
    },
    {
      "date": "2023-06-30T00:00:00",
      "quarter_label": "2023-06 (Q2)",
      "revenue": 45523000,
      "gross_profit": 24842000,
      "operating_income": -15585000,
      "net_income": -14219000,
      "opex": 61108000,
      "cogs": 20681000,
      "rd": null,
      "sga": null,
      "fcf": 5804000,
      "ocf": 5804000,
      "capex": null,
      "gross_margin": 0.5457021725281725,
      "op_margin": -0.3423544142521363,
      "fcf_margin": 0.12749599103749754,
      "incr_op_margin_yoy": -0.04439608673728903,
      "rev_growth_yoy": 0.4671690508580037,
      "rev_growth_yoy_accel": 0.4453618513177377,
      "op_leverage_ratio": 3.9038276873996165,
      "fcf_margin_change": -0.03141436481264115
    },
    {
      "date": "2023-09-30T00:00:00",
      "quarter_label": "2023-09 (Q3)",
      "revenue": 52520000,
      "gross_profit": 22119000,
      "operating_income": -69089000,
      "net_income": -74879000,
      "opex": 121609000,
      "cogs": 30401000,
      "rd": null,
      "sga": null,
      "fcf": -34927000,
      "ocf": -34927000,
      "capex": null,
      "gross_margin": 0.42115384615384616,
      "op_margin": -1.3154798172124904,
      "fcf_margin": -0.66502284843869,
      "incr_op_margin_yoy": -1.079082393685897,
      "rev_growth_yoy": 1.0066569660416482,
      "rev_growth_yoy_accel": 0.5394879151836445,
      "op_leverage_ratio": 0.15524460482508054,
      "fcf_margin_change": -0.7925188394761875
    },
    {
      "date": "2023-12-31T00:00:00",
      "quarter_label": "2023-12 (Q4)",
      "revenue": 73786000,
      "gross_profit": 44890000,
      "operating_income": 28511000,
      "net_income": 25909000,
      "opex": 45275000,
      "cogs": 28896000,
      "rd": null,
      "sga": null,
      "fcf": -47684000,
      "ocf": -47684000,
      "capex": null,
      "gross_margin": 0.6083809936844388,
      "op_margin": 0.3864012143225002,
      "fcf_margin": -0.6462472555769387,
      "incr_op_margin_yoy": 1.2485913807731635,
      "rev_growth_yoy": 1.6523598979114993,
      "rev_growth_yoy_accel": 0.6457029318698511,
      "op_leverage_ratio": Infinity,
      "fcf_margin_change": 0.018775592861751234
    },
    {
      "date": "2024-03-31T00:00:00",
      "quarter_label": "2024-03 (Q1)",
      "revenue": 111799000,
      "gross_profit": 77501000,
      "operating_income": 137121000,
      "net_income": 126735000,
      "opex": -25322000,
      "cogs": 34298000,
      "rd": null,
      "sga": null,
      "fcf": -44847000,
      "ocf": -44847000,
      "capex": null,
      "gross_margin": 0.6932172917467956,
      "op_margin": 1.2264957647206147,
      "fcf_margin": -0.4011395450764318,
      "incr_op_margin_yoy": 2.232495343162029,
      "rev_growth_yoy": 1.6277205847788276,
      "rev_growth_yoy_accel": -0.024639313132671647,
      "op_leverage_ratio": Infinity,
      "fcf_margin_change": 0.24510771050050695
    },
    {
      "date": "2024-06-30T00:00:00",
      "quarter_label": "2024-06 (Q2)",
      "revenue": 104108000,
      "gross_profit": 58928000,
      "operating_income": -249078000,
      "net_income": -236242000,
      "opex": 353186000,
      "cogs": 45180000,
      "rd": null,
      "sga": null,
      "fcf": -58446000,
      "ocf": -58446000,
      "capex": null,
      "gross_margin": 0.5660275867368502,
      "op_margin": -2.392496253890191,
      "fcf_margin": -0.5613977792292619,
      "incr_op_margin_yoy": -3.9855423743278995,
      "rev_growth_yoy": 1.2869318805878347,
      "rev_growth_yoy_accel": -0.34078870419099294,
      "fcf_margin_change": -0.16025823415283014
    },
    {
      "date": "2024-09-30T00:00:00",
      "quarter_label": "2024-09 (Q3)",
      "revenue": 89275000,
      "gross_profit": 32133000,
      "operating_income": -65597000,
      "net_income": -62179000,
      "opex": 154872000,
      "cogs": 57142000,
      "rd": null,
      "sga": null,
      "fcf": -82685000,
      "ocf": -82685000,
      "capex": null,
      "gross_margin": 0.3599327919350322,
      "op_margin": -0.7347745729487538,
      "fcf_margin": -0.9261831419770372,
      "incr_op_margin_yoy": 0.09500748197524146,
      "rev_growth_yoy": 0.6998286367098249,
      "rev_growth_yoy_accel": -0.5871032438780098,
      "fcf_margin_change": -0.3647853627477753
    }
  ],
  "signals": [
    {
      "quarter": "2024-09 (Q3)",
      "signal": "YoY REVENUE GROWTH DECELERATION",
      "detail": "YoY growth: +70.0% vs prior quarter YoY: +128.7% (decel: -58.7%)",
      "severity": "WARNING"
    },
    {
      "quarter": "2024-06 (Q2)",
      "signal": "YoY REVENUE GROWTH DECELERATION",
      "detail": "YoY growth: +128.7% vs prior quarter YoY: +162.8% (decel: -34.1%)",
      "severity": "WARNING"
    },
    {
      "quarter": "2024-03 (Q1)",
      "signal": "FCF MARGIN EXPANSION",
      "detail": "FCF margin: -64.6% -> -40.1% (+24.5%)",
      "severity": "MEDIUM"
    },
    {
      "quarter": "2024-03 (Q1)",
      "signal": "OP MARGIN TURNED POSITIVE (YoY)",
      "detail": "Op margin: -41.1% (year-ago) -> +122.6%",
      "severity": "HIGH"
    },
    {
      "quarter": "2023-12 (Q4)",
      "signal": "GROSS MARGIN INFLECTION",
      "detail": "GM: +54.6% -> +42.1% -> +60.8% (reversal +18.7%)",
      "severity": "HIGH"
    },
    {
      "quarter": "2023-12 (Q4)",
      "signal": "YoY REVENUE GROWTH ACCELERATION",
      "detail": "YoY growth: +165.2% vs prior quarter YoY: +100.7% (accel: +64.6%)",
      "severity": "HIGH"
    },
    {
      "quarter": "2023-12 (Q4)",
      "signal": "OP MARGIN TURNED POSITIVE (YoY)",
      "detail": "Op margin: -103.8% (year-ago) -> +38.6%",
      "severity": "HIGH"
    },
    {
      "quarter": "2023-12 (Q4)",
      "signal": "OP MARGIN TURNED POSITIVE (QoQ)",
      "detail": "Op margin: -131.5% -> +38.6%",
      "severity": "HIGH"
    },
    {
      "quarter": "2023-09 (Q3)",
      "signal": "YoY REVENUE GROWTH ACCELERATION",
      "detail": "YoY growth: +100.7% vs prior quarter YoY: +46.7% (accel: +53.9%)",
      "severity": "HIGH"
    },
    {
      "quarter": "2023-06 (Q2)",
      "signal": "OPERATING LEVERAGE",
      "detail": "Rev growth +7.0% vs OpEx growth +1.8% (leverage: 3.9x)",
      "severity": "MEDIUM"
    },
    {
      "quarter": "2023-06 (Q2)",
      "signal": "YoY REVENUE GROWTH ACCELERATION",
      "detail": "YoY growth: +46.7% vs prior quarter YoY: +2.2% (accel: +44.5%)",
      "severity": "HIGH"
    },
    {
      "quarter": "2023-03 (Q1)",
      "signal": "OPERATING LEVERAGE",
      "detail": "Rev growth +52.9% vs OpEx growth +5.9% (leverage: 9.0x)",
      "severity": "MEDIUM"
    },
    {
      "quarter": "2023-03 (Q1)",
      "signal": "GROSS MARGIN INFLECTION",
      "detail": "GM: +36.5% -> +26.6% -> +48.1% (reversal +21.5%)",
      "severity": "HIGH"
    },
    {
      "quarter": "2023-03 (Q1)",
      "signal": "YoY REVENUE GROWTH ACCELERATION",
      "detail": "YoY growth: +2.2% vs prior quarter YoY: -32.5% (accel: +34.7%)",
      "severity": "HIGH"
    },
    {
      "quarter": "2022-12 (Q4)",
      "signal": "YoY REVENUE GROWTH DECELERATION",
      "detail": "YoY growth: -32.5% vs prior quarter YoY: -3.6% (decel: -29.0%)",
      "severity": "WARNING"
    },
    {
      "quarter": "2022-09 (Q3)",
      "signal": "FCF MARGIN EXPANSION",
      "detail": "FCF margin: +18.0% -> +80.2% (+62.1%)",
      "severity": "MEDIUM"
    },
    {
      "quarter": "2022-09 (Q3)",
      "signal": "YoY REVENUE GROWTH DECELERATION",
      "detail": "YoY growth: -3.6% vs prior quarter YoY: +160.4% (decel: -164.0%)",
      "severity": "WARNING"
    },
    {
      "quarter": "2022-06 (Q2)",
      "signal": "YoY REVENUE GROWTH DECELERATION",
      "detail": "YoY growth: +160.4% vs prior quarter YoY: +412.8% (decel: -252.4%)",
      "severity": "WARNING"
    },
    {
      "quarter": "2022-03 (Q1)",
      "signal": "FCF MARGIN EXPANSION",
      "detail": "FCF margin: +31.5% -> +81.4% (+49.9%)",
      "severity": "MEDIUM"
    },
    {
      "quarter": "2022-03 (Q1)",
      "signal": "YoY REVENUE GROWTH DECELERATION",
      "detail": "YoY growth: +412.8% vs prior quarter YoY: +1726.8% (decel: -1314.0%)",
      "severity": "WARNING"
    },
    {
      "quarter": "2022-03 (Q1)",
      "signal": "OP MARGIN TURNED POSITIVE (YoY)",
      "detail": "Op margin: -30.8% (year-ago) -> +8.0%",
      "severity": "HIGH"
    },
    {
      "quarter": "2021-12 (Q4)",
      "signal": "FCF TURNED POSITIVE",
      "detail": "FCF margin: -10.5% -> +31.5%",
      "severity": "HIGH"
    },
    {
      "quarter": "2021-12 (Q4)",
      "signal": "OPERATING LEVERAGE",
      "detail": "Rev growth +51.9% vs OpEx growth +13.5% (leverage: 3.9x)",
      "severity": "MEDIUM"
    },
    {
      "quarter": "2021-12 (Q4)",
      "signal": "YoY REVENUE GROWTH ACCELERATION",
      "detail": "YoY growth: +1726.8% vs prior quarter YoY: +1288.5% (accel: +438.3%)",
      "severity": "HIGH"
    },
    {
      "quarter": "2021-12 (Q4)",
      "signal": "OP MARGIN TURNED POSITIVE (YoY)",
      "detail": "Op margin: -273.3% (year-ago) -> +10.8%",
      "severity": "HIGH"
    },
    {
      "quarter": "2021-12 (Q4)",
      "signal": "OP MARGIN TURNED POSITIVE (QoQ)",
      "detail": "Op margin: -19.5% -> +10.8%",
      "severity": "HIGH"
    },
    {
      "quarter": "2021-09 (Q3)",
      "signal": "FCF MARGIN EXPANSION",
      "detail": "FCF margin: -79.2% -> -10.5% (+68.7%)",
      "severity": "MEDIUM"
    },
    {
      "quarter": "2021-09 (Q3)",
      "signal": "OPERATING LEVERAGE",
      "detail": "Rev growth +127.8% vs OpEx growth +22.2% (leverage: 5.7x)",
      "severity": "MEDIUM"
    },
    {
      "quarter": "2021-09 (Q3)",
      "signal": "GROSS MARGIN INFLECTION",
      "detail": "GM: +81.1% -> +67.7% -> +73.3% (reversal +5.6%)",
      "severity": "HIGH"
    },
    {
      "quarter": "2021-09 (Q3)",
      "signal": "YoY REVENUE GROWTH ACCELERATION",
      "detail": "YoY growth: +1288.5% vs prior quarter YoY: +246.5% (accel: +1042.0%)",
      "severity": "HIGH"
    },
    {
      "quarter": "2021-06 (Q2)",
      "signal": "YoY REVENUE GROWTH ACCELERATION",
      "detail": "YoY growth: +246.5% vs prior quarter YoY: +122.0% (accel: +124.6%)",
      "severity": "HIGH"
    },
    {
      "quarter": "2021-03 (Q1)",
      "signal": "FCF MARGIN EXPANSION",
      "detail": "FCF margin: -302.7% -> -59.8% (+242.9%)",
      "severity": "MEDIUM"
    },
    {
      "quarter": "2021-03 (Q1)",
      "signal": "OPERATING LEVERAGE",
      "detail": "Rev growth +259.7% vs OpEx growth +49.6% (leverage: 5.2x)",
      "severity": "MEDIUM"
    },
    {
      "quarter": "2021-03 (Q1)",
      "signal": "YoY REVENUE GROWTH DECELERATION",
      "detail": "YoY growth: +122.0% vs prior quarter YoY: +131.1% (decel: -9.2%)",
      "severity": "WARNING"
    },
    {
      "quarter": "2020-09 (Q3)",
      "signal": "GROSS MARGIN INFLECTION",
      "detail": "GM: +19.2% -> +15.8% -> +39.8% (reversal +24.0%)",
      "severity": "HIGH"
    }
  ],
  "data_quality": {
    "n_quarters": 20,
    "coverage": {
      "revenue": [
        20,
        20
      ],
      "gross_profit": [
        20,
        20
      ],
      "op_income": [
        16,
        20
      ],
      "fcf": [
        16,
        20
      ]
    },
    "gaps": [],
    "warnings": []
  },
  "market_cap": null,
  "source": "SEC EDGAR",
  "last_updated": "2026-02-03T01:13:51.346029"
}