{
  "ticker": "CLX",
  "name": "THE CLOROX COMPANY",
  "quarters": [
    {
      "date": "2020-12-31T00:00:00",
      "quarter_label": "2020-12 (Q4)",
      "revenue": 1842000000,
      "gross_profit": 837000000,
      "operating_income": null,
      "net_income": 259000000,
      "opex": null,
      "cogs": 1005000000,
      "rd": 40000000,
      "sga": 269000000,
      "fcf": 164000000,
      "ocf": 246000000,
      "capex": -82000000,
      "gross_margin": 0.4543973941368078,
      "op_margin": null,
      "fcf_margin": 0.08903365906623235
    },
    {
      "date": "2021-03-31T00:00:00",
      "quarter_label": "2021-03 (Q1)",
      "revenue": 1781000000,
      "gross_profit": 774000000,
      "operating_income": null,
      "net_income": -61000000,
      "opex": null,
      "cogs": 1007000000,
      "rd": 32000000,
      "sga": 237000000,
      "fcf": 183000000,
      "ocf": 264000000,
      "capex": -81000000,
      "gross_margin": 0.43458731049971927,
      "op_margin": null,
      "fcf_margin": 0.10275126333520494,
      "fcf_margin_change": 0.013717604268972589
    },
    {
      "date": "2021-06-30T00:00:00",
      "quarter_label": "2021-06 (Q2)",
      "revenue": 1802000000,
      "gross_profit": 668000000,
      "operating_income": null,
      "net_income": 97000000,
      "opex": null,
      "cogs": 1134000000,
      "rd": 45000000,
      "sga": 260000000,
      "fcf": 284000000,
      "ocf": 383000000,
      "capex": -99000000,
      "gross_margin": 0.3706992230854606,
      "op_margin": null,
      "fcf_margin": 0.15760266370699222,
      "fcf_margin_change": 0.054851400371787276
    },
    {
      "date": "2021-09-30T00:00:00",
      "quarter_label": "2021-09 (Q3)",
      "revenue": 1806000000,
      "gross_profit": 670000000,
      "operating_income": null,
      "net_income": 142000000,
      "opex": null,
      "cogs": 1136000000,
      "rd": 33000000,
      "sga": 236000000,
      "fcf": -11000000,
      "ocf": 41000000,
      "capex": -52000000,
      "gross_margin": 0.3709856035437431,
      "op_margin": null,
      "fcf_margin": -0.006090808416389812,
      "fcf_margin_change": -0.16369347212338203
    },
    {
      "date": "2021-12-31T00:00:00",
      "quarter_label": "2021-12 (Q4)",
      "revenue": 1691000000,
      "gross_profit": 558000000,
      "operating_income": null,
      "net_income": 69000000,
      "opex": null,
      "cogs": 1133000000,
      "rd": 34000000,
      "sga": 241000000,
      "fcf": 124000000,
      "ocf": 181000000,
      "capex": -57000000,
      "gross_margin": 0.32998225901833234,
      "op_margin": null,
      "fcf_margin": 0.07332939089296274,
      "rev_growth_yoy": -0.08197611292073832,
      "fcf_margin_change": 0.07942019930935255
    },
    {
      "date": "2022-03-31T00:00:00",
      "quarter_label": "2022-03 (Q1)",
      "revenue": 1809000000,
      "gross_profit": 649000000,
      "operating_income": null,
      "net_income": 150000000,
      "opex": null,
      "cogs": 1160000000,
      "rd": 31000000,
      "sga": 233000000,
      "fcf": 166000000,
      "ocf": 229000000,
      "capex": -63000000,
      "gross_margin": 0.3587617468214483,
      "op_margin": null,
      "fcf_margin": 0.09176340519624102,
      "rev_growth_yoy": 0.015721504772599662,
      "rev_growth_yoy_accel": 0.09769761769333798,
      "fcf_margin_change": 0.018434014303278276
    },
    {
      "date": "2022-06-30T00:00:00",
      "quarter_label": "2022-06 (Q2)",
      "revenue": 1801000000,
      "gross_profit": 668000000,
      "operating_income": null,
      "net_income": 101000000,
      "opex": null,
      "cogs": 1133000000,
      "rd": 34000000,
      "sga": 244000000,
      "fcf": 256000000,
      "ocf": 335000000,
      "capex": -79000000,
      "gross_margin": 0.3709050527484731,
      "op_margin": null,
      "fcf_margin": 0.14214325374791784,
      "rev_growth_yoy": -0.0005549389567147614,
      "rev_growth_yoy_accel": -0.016276443729314423,
      "fcf_margin_change": 0.05037984855167682
    },
    {
      "date": "2022-09-30T00:00:00",
      "quarter_label": "2022-09 (Q3)",
      "revenue": 1740000000,
      "gross_profit": 626000000,
      "operating_income": null,
      "net_income": 85000000,
      "opex": null,
      "cogs": 1114000000,
      "rd": 32000000,
      "sga": 261000000,
      "fcf": 132000000,
      "ocf": 178000000,
      "capex": -46000000,
      "gross_margin": 0.35977011494252875,
      "op_margin": null,
      "fcf_margin": 0.07586206896551724,
      "rev_growth_yoy": -0.036544850498338874,
      "rev_growth_yoy_accel": -0.03598991154162411,
      "fcf_margin_change": -0.0662811847824006
    },
    {
      "date": "2022-12-31T00:00:00",
      "quarter_label": "2022-12 (Q4)",
      "revenue": 1715000000,
      "gross_profit": 620000000,
      "operating_income": null,
      "net_income": 99000000,
      "opex": null,
      "cogs": 1095000000,
      "rd": 33000000,
      "sga": 282000000,
      "fcf": 167000000,
      "ocf": 209000000,
      "capex": -42000000,
      "gross_margin": 0.36151603498542273,
      "op_margin": null,
      "fcf_margin": 0.09737609329446065,
      "rev_growth_yoy": 0.014192785334121822,
      "rev_growth_yoy_accel": 0.050737635832460694,
      "fcf_margin_change": 0.021514024328943407
    },
    {
      "date": "2023-03-31T00:00:00",
      "quarter_label": "2023-03 (Q1)",
      "revenue": 1915000000,
      "gross_profit": 800000000,
      "operating_income": null,
      "net_income": -211000000,
      "opex": null,
      "cogs": 1115000000,
      "rd": 35000000,
      "sga": 311000000,
      "fcf": 285000000,
      "ocf": 341000000,
      "capex": -56000000,
      "gross_margin": 0.4177545691906005,
      "op_margin": null,
      "fcf_margin": 0.14882506527415143,
      "rev_growth_yoy": 0.058595909342177996,
      "rev_growth_yoy_accel": 0.044403124008056176,
      "fcf_margin_change": 0.05144897197969078
    },
    {
      "date": "2023-06-30T00:00:00",
      "quarter_label": "2023-06 (Q2)",
      "revenue": 2019000000,
      "gross_profit": 862000000,
      "operating_income": null,
      "net_income": 176000000,
      "opex": null,
      "cogs": 1157000000,
      "rd": 38000000,
      "sga": 329000000,
      "fcf": 346000000,
      "ocf": 430000000,
      "capex": -84000000,
      "gross_margin": 0.4269440316988608,
      "op_margin": null,
      "fcf_margin": 0.17137196631996038,
      "rev_growth_yoy": 0.12104386451971128,
      "rev_growth_yoy_accel": 0.06244795517753328,
      "fcf_margin_change": 0.022546901045808948
    },
    {
      "date": "2023-09-30T00:00:00",
      "quarter_label": "2023-09 (Q3)",
      "revenue": 1386000000,
      "gross_profit": 532000000,
      "operating_income": null,
      "net_income": 22000000,
      "opex": null,
      "cogs": 854000000,
      "rd": 29000000,
      "sga": 276000000,
      "fcf": -4000000,
      "ocf": 20000000,
      "capex": -24000000,
      "gross_margin": 0.3838383838383838,
      "op_margin": null,
      "fcf_margin": -0.002886002886002886,
      "rev_growth_yoy": -0.20344827586206896,
      "rev_growth_yoy_accel": -0.3244921403817802,
      "fcf_margin_change": -0.17425796920596326
    },
    {
      "date": "2023-12-31T00:00:00",
      "quarter_label": "2023-12 (Q4)",
      "revenue": 1990000000,
      "gross_profit": 866000000,
      "operating_income": null,
      "net_income": 93000000,
      "opex": null,
      "cogs": 1124000000,
      "rd": 32000000,
      "sga": 322000000,
      "fcf": 101000000,
      "ocf": 153000000,
      "capex": -52000000,
      "gross_margin": 0.43517587939698493,
      "op_margin": null,
      "fcf_margin": 0.05075376884422111,
      "rev_growth_yoy": 0.16034985422740525,
      "rev_growth_yoy_accel": 0.3637981300894742,
      "fcf_margin_change": 0.053639771730223995
    },
    {
      "date": "2024-03-31T00:00:00",
      "quarter_label": "2024-03 (Q1)",
      "revenue": 1814000000,
      "gross_profit": 766000000,
      "operating_income": null,
      "net_income": -51000000,
      "opex": null,
      "cogs": 1048000000,
      "rd": 32000000,
      "sga": 301000000,
      "fcf": 127000000,
      "ocf": 182000000,
      "capex": -55000000,
      "gross_margin": 0.422271223814774,
      "op_margin": null,
      "fcf_margin": 0.07001102535832414,
      "rev_growth_yoy": -0.05274151436031332,
      "rev_growth_yoy_accel": -0.21309136858771857,
      "fcf_margin_change": 0.01925725651410303
    },
    {
      "date": "2024-06-30T00:00:00",
      "quarter_label": "2024-06 (Q2)",
      "revenue": 1903000000,
      "gross_profit": 884000000,
      "operating_income": null,
      "net_income": 216000000,
      "opex": null,
      "cogs": 1019000000,
      "rd": 33000000,
      "sga": 268000000,
      "fcf": 259000000,
      "ocf": 340000000,
      "capex": -81000000,
      "gross_margin": 0.464529689963216,
      "op_margin": null,
      "fcf_margin": 0.13610089332632685,
      "rev_growth_yoy": -0.05745418524021793,
      "rev_growth_yoy_accel": -0.00471267087990461,
      "fcf_margin_change": 0.06608986796800272
    },
    {
      "date": "2024-09-30T00:00:00",
      "quarter_label": "2024-09 (Q3)",
      "revenue": 1762000000,
      "gross_profit": 807000000,
      "operating_income": null,
      "net_income": 99000000,
      "opex": null,
      "cogs": 955000000,
      "rd": 31000000,
      "sga": 281000000,
      "fcf": 182000000,
      "ocf": 221000000,
      "capex": -39000000,
      "gross_margin": 0.45800227014755956,
      "op_margin": null,
      "fcf_margin": 0.10329171396140749,
      "rev_growth_yoy": 0.2712842712842713,
      "rev_growth_yoy_accel": 0.32873845652448924,
      "fcf_margin_change": -0.032809179364919366
    },
    {
      "date": "2024-12-31T00:00:00",
      "quarter_label": "2024-12 (Q4)",
      "revenue": 1686000000,
      "gross_profit": 738000000,
      "operating_income": null,
      "net_income": 193000000,
      "opex": null,
      "cogs": 948000000,
      "rd": 31000000,
      "sga": 280000000,
      "fcf": 127000000,
      "ocf": 180000000,
      "capex": -53000000,
      "gross_margin": 0.4377224199288256,
      "op_margin": null,
      "fcf_margin": 0.0753262158956109,
      "rev_growth_yoy": -0.1527638190954774,
      "rev_growth_yoy_accel": -0.42404809037974867,
      "fcf_margin_change": -0.027965498065796582
    },
    {
      "date": "2025-03-31T00:00:00",
      "quarter_label": "2025-03 (Q1)",
      "revenue": 1668000000,
      "gross_profit": 744000000,
      "operating_income": null,
      "net_income": 186000000,
      "opex": null,
      "cogs": 924000000,
      "rd": 27000000,
      "sga": 267000000,
      "fcf": 233000000,
      "ocf": 286000000,
      "capex": -53000000,
      "gross_margin": 0.4460431654676259,
      "op_margin": null,
      "fcf_margin": 0.1396882494004796,
      "rev_growth_yoy": -0.0804851157662624,
      "rev_growth_yoy_accel": 0.072278703329215,
      "fcf_margin_change": 0.0643620335048687
    },
    {
      "date": "2025-06-30T00:00:00",
      "quarter_label": "2025-06 (Q2)",
      "revenue": 1988000000,
      "gross_profit": 924000000,
      "operating_income": null,
      "net_income": 332000000,
      "opex": null,
      "cogs": 1064000000,
      "rd": 32000000,
      "sga": 296000000,
      "fcf": 219000000,
      "ocf": 294000000,
      "capex": -75000000,
      "gross_margin": 0.4647887323943662,
      "op_margin": null,
      "fcf_margin": 0.11016096579476861,
      "rev_growth_yoy": 0.04466631634261692,
      "rev_growth_yoy_accel": 0.1251514321088793,
      "fcf_margin_change": -0.029527283605710997
    },
    {
      "date": "2025-09-30T00:00:00",
      "quarter_label": "2025-09 (Q3)",
      "revenue": 1429000000,
      "gross_profit": 596000000,
      "operating_income": null,
      "net_income": 80000000,
      "opex": null,
      "cogs": 833000000,
      "rd": 28000000,
      "sga": 277000000,
      "fcf": 57000000,
      "ocf": 93000000,
      "capex": -36000000,
      "gross_margin": 0.417074877536739,
      "op_margin": null,
      "fcf_margin": 0.03988803358992302,
      "rev_growth_yoy": -0.18898978433598185,
      "rev_growth_yoy_accel": -0.23365610067859877,
      "fcf_margin_change": -0.0702729322048456
    }
  ],
  "signals": [
    {
      "quarter": "2025-09 (Q3)",
      "signal": "YoY REVENUE GROWTH DECELERATION",
      "detail": "YoY growth: -18.9% vs prior quarter YoY: +4.5% (decel: -23.4%)",
      "severity": "WARNING"
    },
    {
      "quarter": "2025-06 (Q2)",
      "signal": "YoY REVENUE GROWTH ACCELERATION",
      "detail": "YoY growth: +4.5% vs prior quarter YoY: -8.0% (accel: +12.5%)",
      "severity": "MEDIUM"
    },
    {
      "quarter": "2025-03 (Q1)",
      "signal": "FCF MARGIN EXPANSION",
      "detail": "FCF margin: +7.5% -> +14.0% (+6.4%)",
      "severity": "MEDIUM"
    },
    {
      "quarter": "2025-03 (Q1)",
      "signal": "YoY REVENUE GROWTH ACCELERATION",
      "detail": "YoY growth: -8.0% vs prior quarter YoY: -15.3% (accel: +7.2%)",
      "severity": "MEDIUM"
    },
    {
      "quarter": "2024-12 (Q4)",
      "signal": "YoY REVENUE GROWTH DECELERATION",
      "detail": "YoY growth: -15.3% vs prior quarter YoY: +27.1% (decel: -42.4%)",
      "severity": "WARNING"
    },
    {
      "quarter": "2024-09 (Q3)",
      "signal": "YoY REVENUE GROWTH ACCELERATION",
      "detail": "YoY growth: +27.1% vs prior quarter YoY: -5.7% (accel: +32.9%)",
      "severity": "HIGH"
    },
    {
      "quarter": "2024-06 (Q2)",
      "signal": "FCF MARGIN EXPANSION",
      "detail": "FCF margin: +7.0% -> +13.6% (+6.6%)",
      "severity": "MEDIUM"
    },
    {
      "quarter": "2024-06 (Q2)",
      "signal": "GROSS MARGIN INFLECTION",
      "detail": "GM: +43.5% -> +42.2% -> +46.5% (reversal +4.2%)",
      "severity": "MEDIUM"
    },
    {
      "quarter": "2024-03 (Q1)",
      "signal": "YoY REVENUE GROWTH DECELERATION",
      "detail": "YoY growth: -5.3% vs prior quarter YoY: +16.0% (decel: -21.3%)",
      "severity": "WARNING"
    },
    {
      "quarter": "2023-12 (Q4)",
      "signal": "FCF TURNED POSITIVE",
      "detail": "FCF margin: -0.3% -> +5.1%",
      "severity": "HIGH"
    },
    {
      "quarter": "2023-12 (Q4)",
      "signal": "GROSS MARGIN INFLECTION",
      "detail": "GM: +42.7% -> +38.4% -> +43.5% (reversal +5.1%)",
      "severity": "HIGH"
    },
    {
      "quarter": "2023-12 (Q4)",
      "signal": "YoY REVENUE GROWTH ACCELERATION",
      "detail": "YoY growth: +16.0% vs prior quarter YoY: -20.3% (accel: +36.4%)",
      "severity": "HIGH"
    },
    {
      "quarter": "2023-09 (Q3)",
      "signal": "YoY REVENUE GROWTH DECELERATION",
      "detail": "YoY growth: -20.3% vs prior quarter YoY: +12.1% (decel: -32.4%)",
      "severity": "WARNING"
    },
    {
      "quarter": "2023-06 (Q2)",
      "signal": "YoY REVENUE GROWTH ACCELERATION",
      "detail": "YoY growth: +12.1% vs prior quarter YoY: +5.9% (accel: +6.2%)",
      "severity": "MEDIUM"
    },
    {
      "quarter": "2023-03 (Q1)",
      "signal": "FCF MARGIN EXPANSION",
      "detail": "FCF margin: +9.7% -> +14.9% (+5.1%)",
      "severity": "MEDIUM"
    },
    {
      "quarter": "2022-12 (Q4)",
      "signal": "YoY REVENUE GROWTH ACCELERATION",
      "detail": "YoY growth: +1.4% vs prior quarter YoY: -3.7% (accel: +5.1%)",
      "severity": "MEDIUM"
    },
    {
      "quarter": "2022-06 (Q2)",
      "signal": "FCF MARGIN EXPANSION",
      "detail": "FCF margin: +9.2% -> +14.2% (+5.0%)",
      "severity": "MEDIUM"
    },
    {
      "quarter": "2022-03 (Q1)",
      "signal": "GROSS MARGIN INFLECTION",
      "detail": "GM: +37.1% -> +33.0% -> +35.9% (reversal +2.9%)",
      "severity": "MEDIUM"
    },
    {
      "quarter": "2022-03 (Q1)",
      "signal": "YoY REVENUE GROWTH ACCELERATION",
      "detail": "YoY growth: +1.6% vs prior quarter YoY: -8.2% (accel: +9.8%)",
      "severity": "MEDIUM"
    },
    {
      "quarter": "2021-12 (Q4)",
      "signal": "FCF TURNED POSITIVE",
      "detail": "FCF margin: -0.6% -> +7.3%",
      "severity": "HIGH"
    },
    {
      "quarter": "2021-06 (Q2)",
      "signal": "FCF MARGIN EXPANSION",
      "detail": "FCF margin: +10.3% -> +15.8% (+5.5%)",
      "severity": "MEDIUM"
    }
  ],
  "data_quality": {
    "n_quarters": 20,
    "coverage": {
      "revenue": [
        20,
        20
      ],
      "gross_profit": [
        20,
        20
      ],
      "op_income": [
        0,
        20
      ],
      "fcf": [
        20,
        20
      ]
    },
    "gaps": [],
    "warnings": [
      "op_income: no data"
    ]
  },
  "market_cap": null,
  "source": "SEC EDGAR",
  "last_updated": "2026-02-02T20:28:50.671928"
}