{
  "ticker": "CMA-PB",
  "name": "COMERICA INC",
  "quarters": [
    {
      "date": "2020-12-31T00:00:00",
      "quarter_label": "2020-12 (Q4)",
      "revenue": 192000000,
      "gross_profit": null,
      "operating_income": null,
      "net_income": null,
      "opex": null,
      "cogs": null,
      "rd": null,
      "sga": null,
      "fcf": 208000000,
      "ocf": 208000000,
      "capex": null,
      "gross_margin": null,
      "op_margin": null,
      "fcf_margin": 1.0833333333333333
    },
    {
      "date": "2021-03-31T00:00:00",
      "quarter_label": "2021-03 (Q1)",
      "revenue": 194000000,
      "gross_profit": null,
      "operating_income": null,
      "net_income": null,
      "opex": null,
      "cogs": null,
      "rd": null,
      "sga": null,
      "fcf": 159000000,
      "ocf": 159000000,
      "capex": null,
      "gross_margin": null,
      "op_margin": null,
      "fcf_margin": 0.8195876288659794,
      "fcf_margin_change": -0.2637457044673539
    },
    {
      "date": "2021-06-30T00:00:00",
      "quarter_label": "2021-06 (Q2)",
      "revenue": 212000000,
      "gross_profit": null,
      "operating_income": null,
      "net_income": null,
      "opex": null,
      "cogs": null,
      "rd": null,
      "sga": null,
      "fcf": -156000000,
      "ocf": -156000000,
      "capex": null,
      "gross_margin": null,
      "op_margin": null,
      "fcf_margin": -0.7358490566037735,
      "fcf_margin_change": -1.5554366854697528
    },
    {
      "date": "2021-09-30T00:00:00",
      "quarter_label": "2021-09 (Q3)",
      "revenue": 194000000,
      "gross_profit": null,
      "operating_income": null,
      "net_income": null,
      "opex": null,
      "cogs": null,
      "rd": null,
      "sga": null,
      "fcf": 202000000,
      "ocf": 202000000,
      "capex": null,
      "gross_margin": null,
      "op_margin": null,
      "fcf_margin": 1.041237113402062,
      "fcf_margin_change": 1.7770861700058354
    },
    {
      "date": "2021-12-31T00:00:00",
      "quarter_label": "2021-12 (Q4)",
      "revenue": 196000000,
      "gross_profit": null,
      "operating_income": null,
      "net_income": null,
      "opex": null,
      "cogs": null,
      "rd": null,
      "sga": null,
      "fcf": 429000000,
      "ocf": 429000000,
      "capex": null,
      "gross_margin": null,
      "op_margin": null,
      "fcf_margin": 2.188775510204082,
      "rev_growth_yoy": 0.020833333333333332,
      "fcf_margin_change": 1.1475383968020199
    },
    {
      "date": "2022-03-31T00:00:00",
      "quarter_label": "2022-03 (Q1)",
      "revenue": 194000000,
      "gross_profit": null,
      "operating_income": null,
      "net_income": null,
      "opex": null,
      "cogs": null,
      "rd": null,
      "sga": null,
      "fcf": -710000000,
      "ocf": -710000000,
      "capex": null,
      "gross_margin": null,
      "op_margin": null,
      "fcf_margin": -3.6597938144329896,
      "rev_growth_yoy": 0.0,
      "rev_growth_yoy_accel": -0.020833333333333332,
      "fcf_margin_change": -5.848569324637071
    },
    {
      "date": "2022-06-30T00:00:00",
      "quarter_label": "2022-06 (Q2)",
      "revenue": 204000000,
      "gross_profit": null,
      "operating_income": null,
      "net_income": null,
      "opex": null,
      "cogs": null,
      "rd": null,
      "sga": null,
      "fcf": 358000000,
      "ocf": 358000000,
      "capex": null,
      "gross_margin": null,
      "op_margin": null,
      "fcf_margin": 1.7549019607843137,
      "rev_growth_yoy": -0.03773584905660377,
      "rev_growth_yoy_accel": -0.03773584905660377,
      "fcf_margin_change": 5.414695775217304
    },
    {
      "date": "2022-09-30T00:00:00",
      "quarter_label": "2022-09 (Q3)",
      "revenue": 198000000,
      "gross_profit": null,
      "operating_income": null,
      "net_income": null,
      "opex": null,
      "cogs": null,
      "rd": null,
      "sga": null,
      "fcf": 393000000,
      "ocf": 393000000,
      "capex": null,
      "gross_margin": null,
      "op_margin": null,
      "fcf_margin": 1.9848484848484849,
      "rev_growth_yoy": 0.020618556701030927,
      "rev_growth_yoy_accel": 0.0583544057576347,
      "fcf_margin_change": 0.22994652406417115
    },
    {
      "date": "2022-12-31T00:00:00",
      "quarter_label": "2022-12 (Q4)",
      "revenue": 192000000,
      "gross_profit": null,
      "operating_income": null,
      "net_income": null,
      "opex": null,
      "cogs": null,
      "rd": null,
      "sga": null,
      "fcf": 597000000,
      "ocf": 597000000,
      "capex": null,
      "gross_margin": null,
      "op_margin": null,
      "fcf_margin": 3.109375,
      "rev_growth_yoy": -0.02040816326530612,
      "rev_growth_yoy_accel": -0.04102671996633705,
      "fcf_margin_change": 1.1245265151515151
    },
    {
      "date": "2023-03-31T00:00:00",
      "quarter_label": "2023-03 (Q1)",
      "revenue": 194000000,
      "gross_profit": null,
      "operating_income": null,
      "net_income": null,
      "opex": null,
      "cogs": null,
      "rd": null,
      "sga": null,
      "fcf": 462000000,
      "ocf": 462000000,
      "capex": null,
      "gross_margin": null,
      "op_margin": null,
      "fcf_margin": 2.381443298969072,
      "rev_growth_yoy": 0.0,
      "rev_growth_yoy_accel": 0.02040816326530612,
      "fcf_margin_change": -0.7279317010309279
    },
    {
      "date": "2023-06-30T00:00:00",
      "quarter_label": "2023-06 (Q2)",
      "revenue": 211000000,
      "gross_profit": null,
      "operating_income": null,
      "net_income": null,
      "opex": null,
      "cogs": null,
      "rd": null,
      "sga": null,
      "fcf": -155000000,
      "ocf": -155000000,
      "capex": null,
      "gross_margin": null,
      "op_margin": null,
      "fcf_margin": -0.7345971563981043,
      "rev_growth_yoy": 0.03431372549019608,
      "rev_growth_yoy_accel": 0.03431372549019608,
      "fcf_margin_change": -3.1160404553671763
    },
    {
      "date": "2023-09-30T00:00:00",
      "quarter_label": "2023-09 (Q3)",
      "revenue": 201000000,
      "gross_profit": null,
      "operating_income": null,
      "net_income": null,
      "opex": null,
      "cogs": null,
      "rd": null,
      "sga": null,
      "fcf": -178000000,
      "ocf": -178000000,
      "capex": null,
      "gross_margin": null,
      "op_margin": null,
      "fcf_margin": -0.8855721393034826,
      "rev_growth_yoy": 0.015151515151515152,
      "rev_growth_yoy_accel": -0.01916221033868093,
      "fcf_margin_change": -0.15097498290537825
    },
    {
      "date": "2023-12-31T00:00:00",
      "quarter_label": "2023-12 (Q4)",
      "revenue": 192000000,
      "gross_profit": null,
      "operating_income": null,
      "net_income": null,
      "opex": null,
      "cogs": null,
      "rd": null,
      "sga": null,
      "fcf": 1122000000,
      "ocf": 1122000000,
      "capex": null,
      "gross_margin": null,
      "op_margin": null,
      "fcf_margin": 5.84375,
      "rev_growth_yoy": 0.0,
      "rev_growth_yoy_accel": -0.015151515151515152,
      "fcf_margin_change": 6.729322139303482
    },
    {
      "date": "2024-03-31T00:00:00",
      "quarter_label": "2024-03 (Q1)",
      "revenue": 187000000,
      "gross_profit": null,
      "operating_income": null,
      "net_income": null,
      "opex": null,
      "cogs": null,
      "rd": null,
      "sga": null,
      "fcf": -205000000,
      "ocf": -205000000,
      "capex": null,
      "gross_margin": null,
      "op_margin": null,
      "fcf_margin": -1.0962566844919786,
      "rev_growth_yoy": -0.03608247422680412,
      "rev_growth_yoy_accel": -0.03608247422680412,
      "fcf_margin_change": -6.940006684491978
    },
    {
      "date": "2024-06-30T00:00:00",
      "quarter_label": "2024-06 (Q2)",
      "revenue": 203000000,
      "gross_profit": null,
      "operating_income": null,
      "net_income": null,
      "opex": null,
      "cogs": null,
      "rd": null,
      "sga": null,
      "fcf": 111000000,
      "ocf": 111000000,
      "capex": null,
      "gross_margin": null,
      "op_margin": null,
      "fcf_margin": 0.5467980295566502,
      "rev_growth_yoy": -0.037914691943127965,
      "rev_growth_yoy_accel": -0.0018322177163238446,
      "fcf_margin_change": 1.643054714048629
    },
    {
      "date": "2024-09-30T00:00:00",
      "quarter_label": "2024-09 (Q3)",
      "revenue": 191000000,
      "gross_profit": null,
      "operating_income": null,
      "net_income": null,
      "opex": null,
      "cogs": null,
      "rd": null,
      "sga": null,
      "fcf": 1049000000,
      "ocf": 1049000000,
      "capex": null,
      "gross_margin": null,
      "op_margin": null,
      "fcf_margin": 5.492146596858639,
      "rev_growth_yoy": -0.04975124378109453,
      "rev_growth_yoy_accel": -0.011836551837966565,
      "fcf_margin_change": 4.945348567301989
    },
    {
      "date": "2024-12-31T00:00:00",
      "quarter_label": "2024-12 (Q4)",
      "revenue": 191000000,
      "gross_profit": null,
      "operating_income": null,
      "net_income": null,
      "opex": null,
      "cogs": null,
      "rd": null,
      "sga": null,
      "fcf": -354000000,
      "ocf": -354000000,
      "capex": null,
      "gross_margin": null,
      "op_margin": null,
      "fcf_margin": -1.8534031413612566,
      "rev_growth_yoy": -0.005208333333333333,
      "rev_growth_yoy_accel": 0.044542910447761194,
      "fcf_margin_change": -7.345549738219896
    },
    {
      "date": "2025-03-31T00:00:00",
      "quarter_label": "2025-03 (Q1)",
      "revenue": 183000000,
      "gross_profit": null,
      "operating_income": null,
      "net_income": null,
      "opex": null,
      "cogs": null,
      "rd": null,
      "sga": null,
      "fcf": 273000000,
      "ocf": 273000000,
      "capex": null,
      "gross_margin": null,
      "op_margin": null,
      "fcf_margin": 1.4918032786885247,
      "rev_growth_yoy": -0.0213903743315508,
      "rev_growth_yoy_accel": -0.01618204099821747,
      "fcf_margin_change": 3.3452064200497813
    },
    {
      "date": "2025-06-30T00:00:00",
      "quarter_label": "2025-06 (Q2)",
      "revenue": 185000000,
      "gross_profit": null,
      "operating_income": null,
      "net_income": null,
      "opex": null,
      "cogs": null,
      "rd": null,
      "sga": null,
      "fcf": 476000000,
      "ocf": 476000000,
      "capex": null,
      "gross_margin": null,
      "op_margin": null,
      "fcf_margin": 2.572972972972973,
      "rev_growth_yoy": -0.08866995073891626,
      "rev_growth_yoy_accel": -0.06727957640736545,
      "fcf_margin_change": 1.0811696942844482
    },
    {
      "date": "2025-09-30T00:00:00",
      "quarter_label": "2025-09 (Q3)",
      "revenue": 187000000,
      "gross_profit": null,
      "operating_income": null,
      "net_income": null,
      "opex": null,
      "cogs": null,
      "rd": null,
      "sga": null,
      "fcf": -270000000,
      "ocf": -270000000,
      "capex": null,
      "gross_margin": null,
      "op_margin": null,
      "fcf_margin": -1.4438502673796791,
      "rev_growth_yoy": -0.020942408376963352,
      "rev_growth_yoy_accel": 0.06772754236195291,
      "fcf_margin_change": -4.016823240352652
    }
  ],
  "signals": [
    {
      "quarter": "2025-09 (Q3)",
      "signal": "YoY REVENUE GROWTH ACCELERATION",
      "detail": "YoY growth: -2.1% vs prior quarter YoY: -8.9% (accel: +6.8%)",
      "severity": "MEDIUM"
    },
    {
      "quarter": "2025-06 (Q2)",
      "signal": "FCF MARGIN EXPANSION",
      "detail": "FCF margin: +149.2% -> +257.3% (+108.1%)",
      "severity": "MEDIUM"
    },
    {
      "quarter": "2025-06 (Q2)",
      "signal": "YoY REVENUE GROWTH DECELERATION",
      "detail": "YoY growth: -8.9% vs prior quarter YoY: -2.1% (decel: -6.7%)",
      "severity": "WARNING"
    },
    {
      "quarter": "2025-03 (Q1)",
      "signal": "FCF TURNED POSITIVE",
      "detail": "FCF margin: -185.3% -> +149.2%",
      "severity": "HIGH"
    },
    {
      "quarter": "2024-09 (Q3)",
      "signal": "FCF MARGIN EXPANSION",
      "detail": "FCF margin: +54.7% -> +549.2% (+494.5%)",
      "severity": "MEDIUM"
    },
    {
      "quarter": "2024-06 (Q2)",
      "signal": "FCF TURNED POSITIVE",
      "detail": "FCF margin: -109.6% -> +54.7%",
      "severity": "HIGH"
    },
    {
      "quarter": "2023-12 (Q4)",
      "signal": "FCF TURNED POSITIVE",
      "detail": "FCF margin: -88.6% -> +584.4%",
      "severity": "HIGH"
    },
    {
      "quarter": "2022-12 (Q4)",
      "signal": "FCF MARGIN EXPANSION",
      "detail": "FCF margin: +198.5% -> +310.9% (+112.5%)",
      "severity": "MEDIUM"
    },
    {
      "quarter": "2022-09 (Q3)",
      "signal": "FCF MARGIN EXPANSION",
      "detail": "FCF margin: +175.5% -> +198.5% (+23.0%)",
      "severity": "MEDIUM"
    },
    {
      "quarter": "2022-09 (Q3)",
      "signal": "YoY REVENUE GROWTH ACCELERATION",
      "detail": "YoY growth: +2.1% vs prior quarter YoY: -3.8% (accel: +5.8%)",
      "severity": "MEDIUM"
    },
    {
      "quarter": "2022-06 (Q2)",
      "signal": "FCF TURNED POSITIVE",
      "detail": "FCF margin: -366.0% -> +175.5%",
      "severity": "HIGH"
    },
    {
      "quarter": "2021-12 (Q4)",
      "signal": "FCF MARGIN EXPANSION",
      "detail": "FCF margin: +104.1% -> +218.9% (+114.8%)",
      "severity": "MEDIUM"
    },
    {
      "quarter": "2021-09 (Q3)",
      "signal": "FCF TURNED POSITIVE",
      "detail": "FCF margin: -73.6% -> +104.1%",
      "severity": "HIGH"
    }
  ],
  "data_quality": {
    "n_quarters": 20,
    "coverage": {
      "revenue": [
        20,
        20
      ],
      "gross_profit": [
        0,
        20
      ],
      "op_income": [
        0,
        20
      ],
      "fcf": [
        20,
        20
      ]
    },
    "gaps": [],
    "warnings": [
      "gross_profit: no data",
      "op_income: no data"
    ]
  },
  "market_cap": null,
  "source": "SEC EDGAR",
  "last_updated": "2026-02-03T01:07:43.021322"
}