{
  "ticker": "CMC",
  "name": "COMMERCIAL METALS Co",
  "quarters": [
    {
      "date": "2021-02-28T00:00:00",
      "quarter_label": "2021-02 (Q1)",
      "revenue": 1462270000,
      "gross_profit": 233927000,
      "operating_income": null,
      "net_income": 66357000,
      "opex": 1375096000,
      "cogs": 1228343000,
      "rd": null,
      "sga": 115417000,
      "fcf": -37196000,
      "ocf": 13291000,
      "capex": -50487000,
      "gross_margin": 0.15997524396999185,
      "op_margin": null,
      "fcf_margin": -0.025437162767477962
    },
    {
      "date": "2021-05-31T00:00:00",
      "quarter_label": "2021-05 (Q2)",
      "revenue": 1845041000,
      "gross_profit": 311273000,
      "operating_income": null,
      "net_income": 130408000,
      "opex": 1676458000,
      "cogs": 1533768000,
      "rd": null,
      "sga": 130448000,
      "fcf": 53322000,
      "ocf": 93029000,
      "capex": -39707000,
      "gross_margin": 0.16870790405199668,
      "op_margin": null,
      "fcf_margin": 0.0289001707821127,
      "op_leverage_ratio": 1.1944170275019235,
      "fcf_margin_change": 0.054337333549590666
    },
    {
      "date": "2021-08-31T00:00:00",
      "quarter_label": "2021-08 (Q3)",
      "revenue": 2030646000,
      "gross_profit": 343673000,
      "operating_income": null,
      "net_income": 152313000,
      "opex": 1837889000,
      "cogs": 1686973000,
      "rd": null,
      "sga": 136818000,
      "fcf": 77472000,
      "ocf": 134242000,
      "capex": -56770000,
      "gross_margin": 0.16924318665094754,
      "op_margin": null,
      "fcf_margin": 0.03815140600577353,
      "op_leverage_ratio": 1.044694698106472,
      "fcf_margin_change": 0.009251235223660833
    },
    {
      "date": "2021-11-30T00:00:00",
      "quarter_label": "2021-11 (Q4)",
      "revenue": 1981801000,
      "gross_profit": 395391000,
      "operating_income": null,
      "net_income": 232889000,
      "opex": 1720040000,
      "cogs": 1586410000,
      "rd": null,
      "sga": 122595000,
      "fcf": -44371000,
      "ocf": 25779000,
      "capex": -70150000,
      "gross_margin": 0.1995109498885105,
      "op_margin": null,
      "fcf_margin": -0.022389230805716618,
      "fcf_margin_change": -0.06054063681149015
    },
    {
      "date": "2022-02-28T00:00:00",
      "quarter_label": "2022-02 (Q1)",
      "revenue": 2008888000,
      "gross_profit": 393923000,
      "operating_income": null,
      "net_income": 383314000,
      "opex": 1499142000,
      "cogs": 1614965000,
      "rd": null,
      "sga": 127985000,
      "fcf": -92823000,
      "ocf": 28589000,
      "capex": -121412000,
      "gross_margin": 0.1960900757035733,
      "op_margin": null,
      "fcf_margin": -0.046206159825734436,
      "rev_growth_yoy": 0.37381468538641976,
      "op_leverage_ratio": Infinity,
      "fcf_margin_change": -0.023816929020017818
    },
    {
      "date": "2022-05-31T00:00:00",
      "quarter_label": "2022-05 (Q2)",
      "revenue": 2515727000,
      "gross_profit": 559268000,
      "operating_income": null,
      "net_income": 312429000,
      "opex": 2110708000,
      "cogs": 1956459000,
      "rd": null,
      "sga": 139556000,
      "fcf": 84595000,
      "ocf": 187379000,
      "capex": -102784000,
      "gross_margin": 0.22230870042735162,
      "op_margin": null,
      "fcf_margin": 0.033626462648769125,
      "rev_growth_yoy": 0.3635073692129335,
      "rev_growth_yoy_accel": -0.010307316173486292,
      "op_leverage_ratio": 0.618463023930389,
      "fcf_margin_change": 0.07983262247450357
    },
    {
      "date": "2022-08-31T00:00:00",
      "quarter_label": "2022-08 (Q3)",
      "revenue": 2407065000,
      "gross_profit": 507814000,
      "operating_income": null,
      "net_income": 288630000,
      "opex": 2068444000,
      "cogs": 1899251000,
      "rd": null,
      "sga": 153865000,
      "fcf": 302920000,
      "ocf": 458562000,
      "capex": -155642000,
      "gross_margin": 0.21096812923622751,
      "op_margin": null,
      "fcf_margin": 0.12584620689511916,
      "rev_growth_yoy": 0.185369089442473,
      "rev_growth_yoy_accel": -0.17813827977046048,
      "fcf_margin_change": 0.09221974424635004
    },
    {
      "date": "2022-11-30T00:00:00",
      "quarter_label": "2022-11 (Q4)",
      "revenue": 2227313000,
      "gross_profit": 507899000,
      "operating_income": null,
      "net_income": 261774000,
      "opex": 1888814000,
      "cogs": 1719414000,
      "rd": null,
      "sga": 156355000,
      "fcf": 239318000,
      "ocf": 372370000,
      "capex": -133052000,
      "gross_margin": 0.22803216252048994,
      "op_margin": null,
      "fcf_margin": 0.10744695514281109,
      "rev_growth_yoy": 0.12388327586876785,
      "rev_growth_yoy_accel": -0.06148581357370514,
      "fcf_margin_change": -0.01839925175230807
    },
    {
      "date": "2023-02-28T00:00:00",
      "quarter_label": "2023-02 (Q1)",
      "revenue": 2018003000,
      "gross_profit": 396240000,
      "operating_income": null,
      "net_income": 179849000,
      "opex": 1782513000,
      "cogs": 1621763000,
      "rd": null,
      "sga": 150427000,
      "fcf": 30338000,
      "ocf": 186537000,
      "capex": -156199000,
      "gross_margin": 0.19635253267710703,
      "op_margin": null,
      "fcf_margin": 0.01503367438006782,
      "rev_growth_yoy": 0.004537336078467291,
      "rev_growth_yoy_accel": -0.11934593979030056,
      "fcf_margin_change": -0.09241328076274327
    },
    {
      "date": "2023-05-31T00:00:00",
      "quarter_label": "2023-05 (Q2)",
      "revenue": 2344989000,
      "gross_profit": 482690000,
      "operating_income": null,
      "net_income": 233971000,
      "opex": 2034919000,
      "cogs": 1862299000,
      "rd": null,
      "sga": 162953000,
      "fcf": 225281000,
      "ocf": 375772000,
      "capex": -150491000,
      "gross_margin": 0.20583891864737958,
      "op_margin": null,
      "fcf_margin": 0.09606910736041832,
      "rev_growth_yoy": -0.06786825438531287,
      "rev_growth_yoy_accel": -0.07240559046378016,
      "op_leverage_ratio": 1.1443012768848493,
      "fcf_margin_change": 0.0810354329803505
    },
    {
      "date": "2023-08-31T00:00:00",
      "quarter_label": "2023-08 (Q3)",
      "revenue": 2209228000,
      "gross_profit": 425086000,
      "operating_income": null,
      "net_income": 184166000,
      "opex": 1971320000,
      "cogs": 1784142000,
      "rd": null,
      "sga": 174032000,
      "fcf": 242501000,
      "ocf": 409424000,
      "capex": -166923000,
      "gross_margin": 0.1924138205744269,
      "op_margin": null,
      "fcf_margin": 0.10976730332948885,
      "rev_growth_yoy": -0.0821901361201297,
      "rev_growth_yoy_accel": -0.014321881734816827,
      "fcf_margin_change": 0.013698195969070528
    },
    {
      "date": "2023-11-30T00:00:00",
      "quarter_label": "2023-11 (Q4)",
      "revenue": 2003051000,
      "gross_profit": 398983000,
      "operating_income": null,
      "net_income": 176273000,
      "opex": 1778356000,
      "cogs": 1604068000,
      "rd": null,
      "sga": 162532000,
      "fcf": 194069000,
      "ocf": 261060000,
      "capex": -66991000,
      "gross_margin": 0.1991876392563145,
      "op_margin": null,
      "fcf_margin": 0.09688669934015659,
      "rev_growth_yoy": -0.10068724063479179,
      "rev_growth_yoy_accel": -0.01849710451466209,
      "fcf_margin_change": -0.01288060398933226
    },
    {
      "date": "2024-02-29T00:00:00",
      "quarter_label": "2024-02 (Q1)",
      "revenue": 1848287000,
      "gross_profit": 296241000,
      "operating_income": null,
      "net_income": 85847000,
      "opex": 1731368000,
      "cogs": 1552046000,
      "rd": null,
      "sga": 167444000,
      "fcf": -4820000,
      "ocf": 88961000,
      "capex": -93781000,
      "gross_margin": 0.16027867966392664,
      "op_margin": null,
      "fcf_margin": -0.002607820105860183,
      "rev_growth_yoy": -0.08410096516209342,
      "rev_growth_yoy_accel": 0.016586275472698364,
      "fcf_margin_change": -0.09949451944601677
    },
    {
      "date": "2024-05-31T00:00:00",
      "quarter_label": "2024-05 (Q2)",
      "revenue": 2078485000,
      "gross_profit": 340399000,
      "operating_income": null,
      "net_income": 119440000,
      "opex": 1918178000,
      "cogs": 1738086000,
      "rd": null,
      "sga": 167975000,
      "fcf": 115839000,
      "ocf": 197870000,
      "capex": -82031000,
      "gross_margin": 0.16377265171507133,
      "op_margin": null,
      "fcf_margin": 0.05573242048896191,
      "rev_growth_yoy": -0.11364829429903509,
      "rev_growth_yoy_accel": -0.029547329136941664,
      "op_leverage_ratio": 1.1543071962120977,
      "fcf_margin_change": 0.058340240594822096
    },
    {
      "date": "2024-08-31T00:00:00",
      "quarter_label": "2024-08 (Q3)",
      "revenue": 1996149000,
      "gross_profit": 323062000,
      "operating_income": null,
      "net_income": 103931000,
      "opex": 1862399000,
      "cogs": 1673087000,
      "rd": null,
      "sga": 167130000,
      "fcf": 270349000,
      "ocf": 351817000,
      "capex": -81468000,
      "gross_margin": 0.16184262798017582,
      "op_margin": null,
      "fcf_margin": 0.13543528063285856,
      "rev_growth_yoy": -0.0964495289757327,
      "rev_growth_yoy_accel": 0.01719876532330239,
      "fcf_margin_change": 0.07970286014389666
    },
    {
      "date": "2024-11-30T00:00:00",
      "quarter_label": "2024-11 (Q4)",
      "revenue": 1909602000,
      "gross_profit": 307880000,
      "operating_income": null,
      "net_income": -175718000,
      "opex": 2140902000,
      "cogs": 1601722000,
      "rd": null,
      "sga": 177858000,
      "fcf": 94837000,
      "ocf": 213024000,
      "capex": -118187000,
      "gross_margin": 0.16122731333544896,
      "op_margin": null,
      "fcf_margin": 0.049663228253845566,
      "rev_growth_yoy": -0.046653330344559374,
      "rev_growth_yoy_accel": 0.04979619863117332,
      "fcf_margin_change": -0.085772052379013
    },
    {
      "date": "2025-02-28T00:00:00",
      "quarter_label": "2025-02 (Q1)",
      "revenue": 1754376000,
      "gross_profit": 219547000,
      "operating_income": null,
      "net_income": 25473000,
      "opex": 1718276000,
      "cogs": 1534829000,
      "rd": null,
      "sga": 167560000,
      "fcf": -53826000,
      "ocf": 32441000,
      "capex": -86267000,
      "gross_margin": 0.1251425008094046,
      "op_margin": null,
      "fcf_margin": -0.03068099426804744,
      "rev_growth_yoy": -0.05080974978453021,
      "rev_growth_yoy_accel": -0.004156419439970839,
      "fcf_margin_change": -0.08034422252189301
    },
    {
      "date": "2025-05-31T00:00:00",
      "quarter_label": "2025-05 (Q2)",
      "revenue": 2019984000,
      "gross_profit": 299921000,
      "operating_income": null,
      "net_income": 83126000,
      "opex": 1910472000,
      "cogs": 1720063000,
      "rd": null,
      "sga": 175769000,
      "fcf": 64950000,
      "ocf": 154400000,
      "capex": -89450000,
      "gross_margin": 0.14847691862905846,
      "op_margin": null,
      "fcf_margin": 0.03215372002946558,
      "rev_growth_yoy": -0.02814598132774593,
      "rev_growth_yoy_accel": 0.02266376845678428,
      "op_leverage_ratio": 1.3535274050462123,
      "fcf_margin_change": 0.06283471429751303
    },
    {
      "date": "2025-08-31T00:00:00",
      "quarter_label": "2025-08 (Q3)",
      "revenue": 2114518000,
      "gross_profit": 392808000,
      "operating_income": null,
      "net_income": 151781000,
      "opex": 1921285000,
      "cogs": 1721710000,
      "rd": null,
      "sga": 179047000,
      "fcf": 206288000,
      "ocf": 315205000,
      "capex": -108917000,
      "gross_margin": 0.1857671582838264,
      "op_margin": null,
      "fcf_margin": 0.09755793045980218,
      "rev_growth_yoy": 0.059298679607584406,
      "rev_growth_yoy_accel": 0.08744466093533033,
      "op_leverage_ratio": 8.26864942503659,
      "fcf_margin_change": 0.0654042104303366
    },
    {
      "date": "2025-11-30T00:00:00",
      "quarter_label": "2025-11 (Q4)",
      "revenue": 2120307000,
      "gross_profit": 407138000,
      "operating_income": null,
      "net_income": 177282000,
      "opex": 1937372000,
      "cogs": 1713169000,
      "rd": null,
      "sga": 195620000,
      "fcf": 78750000,
      "ocf": 204187000,
      "capex": -125437000,
      "gross_margin": 0.19201841997408867,
      "op_margin": null,
      "fcf_margin": 0.037140847999841534,
      "rev_growth_yoy": 0.11033974618794912,
      "rev_growth_yoy_accel": 0.05104106658036471,
      "fcf_margin_change": -0.06041708245996065
    }
  ],
  "signals": [
    {
      "quarter": "2025-11 (Q4)",
      "signal": "YoY REVENUE GROWTH ACCELERATION",
      "detail": "YoY growth: +11.0% vs prior quarter YoY: +5.9% (accel: +5.1%)",
      "severity": "MEDIUM"
    },
    {
      "quarter": "2025-08 (Q3)",
      "signal": "FCF MARGIN EXPANSION",
      "detail": "FCF margin: +3.2% -> +9.8% (+6.5%)",
      "severity": "MEDIUM"
    },
    {
      "quarter": "2025-08 (Q3)",
      "signal": "OPERATING LEVERAGE",
      "detail": "Rev growth +4.7% vs OpEx growth +0.6% (leverage: 8.3x)",
      "severity": "MEDIUM"
    },
    {
      "quarter": "2025-08 (Q3)",
      "signal": "YoY REVENUE GROWTH ACCELERATION",
      "detail": "YoY growth: +5.9% vs prior quarter YoY: -2.8% (accel: +8.7%)",
      "severity": "MEDIUM"
    },
    {
      "quarter": "2025-05 (Q2)",
      "signal": "FCF TURNED POSITIVE",
      "detail": "FCF margin: -3.1% -> +3.2%",
      "severity": "HIGH"
    },
    {
      "quarter": "2025-05 (Q2)",
      "signal": "GROSS MARGIN INFLECTION",
      "detail": "GM: +16.1% -> +12.5% -> +14.8% (reversal +2.3%)",
      "severity": "MEDIUM"
    },
    {
      "quarter": "2024-08 (Q3)",
      "signal": "FCF MARGIN EXPANSION",
      "detail": "FCF margin: +5.6% -> +13.5% (+8.0%)",
      "severity": "MEDIUM"
    },
    {
      "quarter": "2024-05 (Q2)",
      "signal": "FCF TURNED POSITIVE",
      "detail": "FCF margin: -0.3% -> +5.6%",
      "severity": "HIGH"
    },
    {
      "quarter": "2023-05 (Q2)",
      "signal": "FCF MARGIN EXPANSION",
      "detail": "FCF margin: +1.5% -> +9.6% (+8.1%)",
      "severity": "MEDIUM"
    },
    {
      "quarter": "2023-05 (Q2)",
      "signal": "YoY REVENUE GROWTH DECELERATION",
      "detail": "YoY growth: -6.8% vs prior quarter YoY: +0.5% (decel: -7.2%)",
      "severity": "WARNING"
    },
    {
      "quarter": "2023-02 (Q1)",
      "signal": "YoY REVENUE GROWTH DECELERATION",
      "detail": "YoY growth: +0.5% vs prior quarter YoY: +12.4% (decel: -11.9%)",
      "severity": "WARNING"
    },
    {
      "quarter": "2022-11 (Q4)",
      "signal": "YoY REVENUE GROWTH DECELERATION",
      "detail": "YoY growth: +12.4% vs prior quarter YoY: +18.5% (decel: -6.1%)",
      "severity": "WARNING"
    },
    {
      "quarter": "2022-08 (Q3)",
      "signal": "FCF MARGIN EXPANSION",
      "detail": "FCF margin: +3.4% -> +12.6% (+9.2%)",
      "severity": "MEDIUM"
    },
    {
      "quarter": "2022-08 (Q3)",
      "signal": "YoY REVENUE GROWTH DECELERATION",
      "detail": "YoY growth: +18.5% vs prior quarter YoY: +36.4% (decel: -17.8%)",
      "severity": "WARNING"
    },
    {
      "quarter": "2022-05 (Q2)",
      "signal": "FCF TURNED POSITIVE",
      "detail": "FCF margin: -4.6% -> +3.4%",
      "severity": "HIGH"
    },
    {
      "quarter": "2022-05 (Q2)",
      "signal": "GROSS MARGIN INFLECTION",
      "detail": "GM: +20.0% -> +19.6% -> +22.2% (reversal +2.6%)",
      "severity": "MEDIUM"
    },
    {
      "quarter": "2021-05 (Q2)",
      "signal": "FCF TURNED POSITIVE",
      "detail": "FCF margin: -2.5% -> +2.9%",
      "severity": "HIGH"
    }
  ],
  "data_quality": {
    "n_quarters": 20,
    "coverage": {
      "revenue": [
        20,
        20
      ],
      "gross_profit": [
        20,
        20
      ],
      "op_income": [
        0,
        20
      ],
      "fcf": [
        20,
        20
      ]
    },
    "gaps": [],
    "warnings": [
      "op_income: no data"
    ]
  },
  "market_cap": null,
  "source": "SEC EDGAR",
  "last_updated": "2026-02-02T20:44:07.001453",
  "sector": "Basic Materials",
  "industry": "Steel"
}