{
  "ticker": "CMCSA",
  "name": "Comcast Corporation",
  "quarters": [
    {
      "date": "2020-12-31T00:00:00",
      "quarter_label": "2020-12 (Q4)",
      "revenue": 27708000000,
      "gross_profit": null,
      "operating_income": 3918000000,
      "net_income": 3380000000,
      "opex": 23790000000,
      "cogs": null,
      "rd": null,
      "sga": null,
      "fcf": 2207000000,
      "ocf": 5042000000,
      "capex": -2835000000,
      "gross_margin": null,
      "op_margin": 0.14140320485058466,
      "fcf_margin": 0.07965208604013281
    },
    {
      "date": "2021-03-31T00:00:00",
      "quarter_label": "2021-03 (Q1)",
      "revenue": 27205000000,
      "gross_profit": null,
      "operating_income": 5039000000,
      "net_income": 3329000000,
      "opex": 22166000000,
      "cogs": null,
      "rd": null,
      "sga": null,
      "fcf": 5892000000,
      "ocf": 7751000000,
      "capex": -1859000000,
      "gross_margin": null,
      "op_margin": 0.1852233045396067,
      "fcf_margin": 0.2165778349568094,
      "fcf_margin_change": 0.13692574891667658
    },
    {
      "date": "2021-06-30T00:00:00",
      "quarter_label": "2021-06 (Q2)",
      "revenue": 28546000000,
      "gross_profit": null,
      "operating_income": 5507000000,
      "net_income": 3738000000,
      "opex": 23039000000,
      "cogs": null,
      "rd": null,
      "sga": null,
      "fcf": 5462000000,
      "ocf": 7606000000,
      "capex": -2144000000,
      "gross_margin": null,
      "op_margin": 0.19291669585931479,
      "fcf_margin": 0.19134029286064597,
      "op_leverage_ratio": 1.2515642023051403,
      "fcf_margin_change": -0.02523754209616344
    },
    {
      "date": "2021-09-30T00:00:00",
      "quarter_label": "2021-09 (Q3)",
      "revenue": 30298000000,
      "gross_profit": null,
      "operating_income": 5450000000,
      "net_income": 4035000000,
      "opex": 24848000000,
      "cogs": null,
      "rd": null,
      "sga": null,
      "fcf": 3958000000,
      "ocf": 6100000000,
      "capex": -2142000000,
      "gross_margin": null,
      "op_margin": 0.17987986005676943,
      "fcf_margin": 0.13063568552379695,
      "op_leverage_ratio": 0.781652818603914,
      "fcf_margin_change": -0.060704607336849015
    },
    {
      "date": "2021-12-31T00:00:00",
      "quarter_label": "2021-12 (Q4)",
      "revenue": 30336000000,
      "gross_profit": null,
      "operating_income": 4821000000,
      "net_income": 3057000000,
      "opex": 25515000000,
      "cogs": null,
      "rd": null,
      "sga": null,
      "fcf": 4661000000,
      "ocf": 7689000000,
      "capex": -3028000000,
      "gross_margin": null,
      "op_margin": 0.15892009493670886,
      "fcf_margin": 0.15364583333333334,
      "incr_op_margin_yoy": 0.3436073059360731,
      "rev_growth_yoy": 0.09484625378951927,
      "fcf_margin_change": 0.02301014780953639
    },
    {
      "date": "2022-03-31T00:00:00",
      "quarter_label": "2022-03 (Q1)",
      "revenue": 31010000000,
      "gross_profit": null,
      "operating_income": 5569000000,
      "net_income": 3549000000,
      "opex": 25440000000,
      "cogs": null,
      "rd": null,
      "sga": null,
      "fcf": 5401000000,
      "ocf": 7257000000,
      "capex": -1856000000,
      "gross_margin": null,
      "op_margin": 0.17958722992583037,
      "fcf_margin": 0.1741696227023541,
      "incr_op_margin_yoy": 0.1392904073587385,
      "rev_growth_yoy": 0.13986399558904614,
      "rev_growth_yoy_accel": 0.04501774179952686,
      "op_leverage_ratio": Infinity,
      "fcf_margin_change": 0.020523789369020745
    },
    {
      "date": "2022-06-30T00:00:00",
      "quarter_label": "2022-06 (Q2)",
      "revenue": 30016000000,
      "gross_profit": null,
      "operating_income": 6367000000,
      "net_income": 3396000000,
      "opex": 23649000000,
      "cogs": null,
      "rd": null,
      "sga": null,
      "fcf": 3913000000,
      "ocf": 6327000000,
      "capex": -2414000000,
      "gross_margin": null,
      "op_margin": 0.2121202025586354,
      "fcf_margin": 0.13036380597014927,
      "incr_op_margin_yoy": 0.5850340136054422,
      "rev_growth_yoy": 0.051495831289847964,
      "rev_growth_yoy_accel": -0.08836816429919817,
      "fcf_margin_change": -0.04380581673220482
    },
    {
      "date": "2022-09-30T00:00:00",
      "quarter_label": "2022-09 (Q3)",
      "revenue": 29849000000,
      "gross_profit": null,
      "operating_income": -2425000000,
      "net_income": -4598000000,
      "opex": 32274000000,
      "cogs": null,
      "rd": null,
      "sga": null,
      "fcf": 4155000000,
      "ocf": 6946000000,
      "capex": -2791000000,
      "gross_margin": null,
      "op_margin": -0.0812422526717813,
      "fcf_margin": 0.1392006432376294,
      "incr_op_margin_yoy": 17.538975501113587,
      "rev_growth_yoy": -0.01481946003036504,
      "rev_growth_yoy_accel": -0.06631529132021301,
      "fcf_margin_change": 0.008836837267480135
    },
    {
      "date": "2022-12-31T00:00:00",
      "quarter_label": "2022-12 (Q4)",
      "revenue": 30553000000,
      "gross_profit": null,
      "operating_income": 4530000000,
      "net_income": 3023000000,
      "opex": 26022000000,
      "cogs": null,
      "rd": null,
      "sga": null,
      "fcf": 2319000000,
      "ocf": 5883000000,
      "capex": -3564000000,
      "gross_margin": null,
      "op_margin": 0.14826694596275325,
      "fcf_margin": 0.075900893529277,
      "incr_op_margin_yoy": -1.3410138248847927,
      "rev_growth_yoy": 0.007153217299578059,
      "rev_growth_yoy_accel": 0.0219726773299431,
      "op_leverage_ratio": Infinity,
      "fcf_margin_change": -0.0632997497083524
    },
    {
      "date": "2023-03-31T00:00:00",
      "quarter_label": "2023-03 (Q1)",
      "revenue": 29691000000,
      "gross_profit": null,
      "operating_income": 5646000000,
      "net_income": 3834000000,
      "opex": 24045000000,
      "cogs": null,
      "rd": null,
      "sga": null,
      "fcf": 4564000000,
      "ocf": 7228000000,
      "capex": -2664000000,
      "gross_margin": null,
      "op_margin": 0.19015863392947358,
      "fcf_margin": 0.15371661446229498,
      "incr_op_margin_yoy": -0.058377558756633814,
      "rev_growth_yoy": -0.04253466623669784,
      "rev_growth_yoy_accel": -0.0496878835362759,
      "fcf_margin_change": 0.07781572093301799
    },
    {
      "date": "2023-06-30T00:00:00",
      "quarter_label": "2023-06 (Q2)",
      "revenue": 30513000000,
      "gross_profit": null,
      "operating_income": 6709000000,
      "net_income": 4248000000,
      "opex": 23804000000,
      "cogs": null,
      "rd": null,
      "sga": null,
      "fcf": 4235000000,
      "ocf": 7198000000,
      "capex": -2963000000,
      "gross_margin": null,
      "op_margin": 0.2198734965424573,
      "fcf_margin": 0.13879330121587521,
      "incr_op_margin_yoy": 0.6881287726358148,
      "rev_growth_yoy": 0.01655783582089552,
      "rev_growth_yoy_accel": 0.059092502057593366,
      "op_leverage_ratio": Infinity,
      "fcf_margin_change": -0.014923313246419767
    },
    {
      "date": "2023-09-30T00:00:00",
      "quarter_label": "2023-09 (Q3)",
      "revenue": 30115000000,
      "gross_profit": null,
      "operating_income": 6475000000,
      "net_income": 4046000000,
      "opex": 23640000000,
      "cogs": null,
      "rd": null,
      "sga": null,
      "fcf": 4858000000,
      "ocf": 8153000000,
      "capex": -3295000000,
      "gross_margin": null,
      "op_margin": 0.21500913166196248,
      "fcf_margin": 0.1613149593225967,
      "incr_op_margin_yoy": 33.45864661654135,
      "rev_growth_yoy": 0.008911521323997454,
      "rev_growth_yoy_accel": -0.007646314496898067,
      "fcf_margin_change": 0.022521658106721493
    },
    {
      "date": "2023-12-31T00:00:00",
      "quarter_label": "2023-12 (Q4)",
      "revenue": 31253000000,
      "gross_profit": null,
      "operating_income": 4484000000,
      "net_income": 3260000000,
      "opex": 26769000000,
      "cogs": null,
      "rd": null,
      "sga": null,
      "fcf": 2602000000,
      "ocf": 5922000000,
      "capex": -3320000000,
      "gross_margin": null,
      "op_margin": 0.14347422647425848,
      "fcf_margin": 0.08325600742328737,
      "incr_op_margin_yoy": -0.06571428571428571,
      "rev_growth_yoy": 0.0229110071024122,
      "rev_growth_yoy_accel": 0.013999485778414747,
      "op_leverage_ratio": 0.2854968386604943,
      "fcf_margin_change": -0.07805895189930934
    },
    {
      "date": "2024-03-31T00:00:00",
      "quarter_label": "2024-03 (Q1)",
      "revenue": 30058000000,
      "gross_profit": null,
      "operating_income": 5810000000,
      "net_income": 3857000000,
      "opex": 24248000000,
      "cogs": null,
      "rd": null,
      "sga": null,
      "fcf": 5218000000,
      "ocf": 7848000000,
      "capex": -2630000000,
      "gross_margin": null,
      "op_margin": 0.19329296693060083,
      "fcf_margin": 0.173597711091889,
      "incr_op_margin_yoy": 0.44686648501362397,
      "rev_growth_yoy": 0.012360648007813816,
      "rev_growth_yoy_accel": -0.010550359094598385,
      "fcf_margin_change": 0.09034170366860164
    },
    {
      "date": "2024-06-30T00:00:00",
      "quarter_label": "2024-06 (Q2)",
      "revenue": 29688000000,
      "gross_profit": null,
      "operating_income": 6635000000,
      "net_income": 3929000000,
      "opex": 23053000000,
      "cogs": null,
      "rd": null,
      "sga": null,
      "fcf": 2000000000,
      "ocf": 4724000000,
      "capex": -2724000000,
      "gross_margin": null,
      "op_margin": 0.22349097278361627,
      "fcf_margin": 0.06736728644570197,
      "incr_op_margin_yoy": 0.08969696969696969,
      "rev_growth_yoy": -0.02703765608101465,
      "rev_growth_yoy_accel": -0.03939830408882847,
      "fcf_margin_change": -0.10623042464618704
    },
    {
      "date": "2024-09-30T00:00:00",
      "quarter_label": "2024-09 (Q3)",
      "revenue": 32070000000,
      "gross_profit": null,
      "operating_income": 5859000000,
      "net_income": 3629000000,
      "opex": 26211000000,
      "cogs": null,
      "rd": null,
      "sga": null,
      "fcf": 4108000000,
      "ocf": 7021000000,
      "capex": -2913000000,
      "gross_margin": null,
      "op_margin": 0.18269410664172123,
      "fcf_margin": 0.1280947926410976,
      "incr_op_margin_yoy": -0.31508951406649616,
      "rev_growth_yoy": 0.0649178150423377,
      "rev_growth_yoy_accel": 0.09195547112335235,
      "op_leverage_ratio": 0.5857012358547897,
      "fcf_margin_change": 0.06072750619539563
    },
    {
      "date": "2024-12-31T00:00:00",
      "quarter_label": "2024-12 (Q4)",
      "revenue": 31914000000,
      "gross_profit": null,
      "operating_income": 4993000000,
      "net_income": 4777000000,
      "opex": 26922000000,
      "cogs": null,
      "rd": null,
      "sga": null,
      "fcf": 4166000000,
      "ocf": 8080000000,
      "capex": -3914000000,
      "gross_margin": null,
      "op_margin": 0.15645171398132482,
      "fcf_margin": 0.1305383217396754,
      "incr_op_margin_yoy": 0.7700453857791225,
      "rev_growth_yoy": 0.02114996960291812,
      "rev_growth_yoy_accel": -0.043767845439419584,
      "fcf_margin_change": 0.0024435290985777847
    },
    {
      "date": "2025-03-31T00:00:00",
      "quarter_label": "2025-03 (Q1)",
      "revenue": 29887000000,
      "gross_profit": null,
      "operating_income": 5658000000,
      "net_income": 3375000000,
      "opex": 24228000000,
      "cogs": null,
      "rd": null,
      "sga": null,
      "fcf": 6042000000,
      "ocf": 8294000000,
      "capex": -2252000000,
      "gross_margin": null,
      "op_margin": 0.1893130792652324,
      "fcf_margin": 0.2021614748887476,
      "incr_op_margin_yoy": 0.8888888888888888,
      "rev_growth_yoy": -0.005689001264222503,
      "rev_growth_yoy_accel": -0.026838970867140623,
      "fcf_margin_change": 0.07162315314907222
    },
    {
      "date": "2025-06-30T00:00:00",
      "quarter_label": "2025-06 (Q2)",
      "revenue": 30313000000,
      "gross_profit": null,
      "operating_income": 5992000000,
      "net_income": 11123000000,
      "opex": 24320000000,
      "cogs": null,
      "rd": null,
      "sga": null,
      "fcf": 5137000000,
      "ocf": 7815000000,
      "capex": -2678000000,
      "gross_margin": null,
      "op_margin": 0.19767096625210306,
      "fcf_margin": 0.16946524593408768,
      "incr_op_margin_yoy": -1.0288,
      "rev_growth_yoy": 0.021052277014281865,
      "rev_growth_yoy_accel": 0.02674127827850437,
      "op_leverage_ratio": 3.7536779841751757,
      "fcf_margin_change": -0.03269622895465993
    },
    {
      "date": "2025-09-30T00:00:00",
      "quarter_label": "2025-09 (Q3)",
      "revenue": 31198000000,
      "gross_profit": null,
      "operating_income": 5534000000,
      "net_income": 3332000000,
      "opex": 25665000000,
      "cogs": null,
      "rd": null,
      "sga": null,
      "fcf": 5622000000,
      "ocf": 8693000000,
      "capex": -3071000000,
      "gross_margin": null,
      "op_margin": 0.17738316558753767,
      "fcf_margin": 0.18020385922174498,
      "incr_op_margin_yoy": 0.37270642201834864,
      "rev_growth_yoy": -0.02719052073589024,
      "rev_growth_yoy_accel": -0.04824279775017211,
      "op_leverage_ratio": 0.5279048323213187,
      "fcf_margin_change": 0.010738613287657295
    }
  ],
  "signals": [
    {
      "quarter": "2025-09 (Q3)",
      "signal": "INCREMENTAL MARGIN (YoY)",
      "detail": "YoY Incr OPM: +37.3% vs year-ago OPM: +18.3%",
      "severity": "MEDIUM"
    },
    {
      "quarter": "2025-06 (Q2)",
      "signal": "OPERATING LEVERAGE",
      "detail": "Rev growth +1.4% vs OpEx growth +0.4% (leverage: 3.8x)",
      "severity": "MEDIUM"
    },
    {
      "quarter": "2025-03 (Q1)",
      "signal": "FCF MARGIN EXPANSION",
      "detail": "FCF margin: +13.1% -> +20.2% (+7.2%)",
      "severity": "MEDIUM"
    },
    {
      "quarter": "2025-03 (Q1)",
      "signal": "INCREMENTAL MARGIN (YoY)",
      "detail": "YoY Incr OPM: +88.9% vs year-ago OPM: +19.3%",
      "severity": "HIGH"
    },
    {
      "quarter": "2024-12 (Q4)",
      "signal": "INCREMENTAL MARGIN (YoY)",
      "detail": "YoY Incr OPM: +77.0% vs year-ago OPM: +14.3%",
      "severity": "HIGH"
    },
    {
      "quarter": "2024-09 (Q3)",
      "signal": "FCF MARGIN EXPANSION",
      "detail": "FCF margin: +6.7% -> +12.8% (+6.1%)",
      "severity": "MEDIUM"
    },
    {
      "quarter": "2024-09 (Q3)",
      "signal": "YoY REVENUE GROWTH ACCELERATION",
      "detail": "YoY growth: +6.5% vs prior quarter YoY: -2.7% (accel: +9.2%)",
      "severity": "MEDIUM"
    },
    {
      "quarter": "2024-03 (Q1)",
      "signal": "FCF MARGIN EXPANSION",
      "detail": "FCF margin: +8.3% -> +17.4% (+9.0%)",
      "severity": "MEDIUM"
    },
    {
      "quarter": "2024-03 (Q1)",
      "signal": "INCREMENTAL MARGIN (YoY)",
      "detail": "YoY Incr OPM: +44.7% vs year-ago OPM: +19.0%",
      "severity": "HIGH"
    },
    {
      "quarter": "2023-09 (Q3)",
      "signal": "OP MARGIN TURNED POSITIVE (YoY)",
      "detail": "Op margin: -8.1% (year-ago) -> +21.5%",
      "severity": "HIGH"
    },
    {
      "quarter": "2023-06 (Q2)",
      "signal": "YoY REVENUE GROWTH ACCELERATION",
      "detail": "YoY growth: +1.7% vs prior quarter YoY: -4.3% (accel: +5.9%)",
      "severity": "MEDIUM"
    },
    {
      "quarter": "2023-06 (Q2)",
      "signal": "INCREMENTAL MARGIN (YoY)",
      "detail": "YoY Incr OPM: +68.8% vs year-ago OPM: +21.2%",
      "severity": "HIGH"
    },
    {
      "quarter": "2023-03 (Q1)",
      "signal": "FCF MARGIN EXPANSION",
      "detail": "FCF margin: +7.6% -> +15.4% (+7.8%)",
      "severity": "MEDIUM"
    },
    {
      "quarter": "2022-12 (Q4)",
      "signal": "OP MARGIN TURNED POSITIVE (QoQ)",
      "detail": "Op margin: -8.1% -> +14.8%",
      "severity": "HIGH"
    },
    {
      "quarter": "2022-09 (Q3)",
      "signal": "YoY REVENUE GROWTH DECELERATION",
      "detail": "YoY growth: -1.5% vs prior quarter YoY: +5.1% (decel: -6.6%)",
      "severity": "WARNING"
    },
    {
      "quarter": "2022-06 (Q2)",
      "signal": "YoY REVENUE GROWTH DECELERATION",
      "detail": "YoY growth: +5.1% vs prior quarter YoY: +14.0% (decel: -8.8%)",
      "severity": "WARNING"
    },
    {
      "quarter": "2022-06 (Q2)",
      "signal": "INCREMENTAL MARGIN (YoY)",
      "detail": "YoY Incr OPM: +58.5% vs year-ago OPM: +19.3%",
      "severity": "HIGH"
    },
    {
      "quarter": "2021-12 (Q4)",
      "signal": "INCREMENTAL MARGIN (YoY)",
      "detail": "YoY Incr OPM: +34.4% vs year-ago OPM: +14.1%",
      "severity": "HIGH"
    },
    {
      "quarter": "2021-03 (Q1)",
      "signal": "FCF MARGIN EXPANSION",
      "detail": "FCF margin: +8.0% -> +21.7% (+13.7%)",
      "severity": "MEDIUM"
    }
  ],
  "data_quality": {
    "n_quarters": 20,
    "coverage": {
      "revenue": [
        20,
        20
      ],
      "gross_profit": [
        0,
        20
      ],
      "op_income": [
        20,
        20
      ],
      "fcf": [
        20,
        20
      ]
    },
    "gaps": [],
    "warnings": [
      "gross_profit: no data"
    ]
  },
  "market_cap": null,
  "source": "SEC EDGAR",
  "last_updated": "2026-02-02T19:49:16.051411"
}