{
  "ticker": "CMCT",
  "name": "CREATIVE MEDIA & COMMUNITY TRUST CORPORATION",
  "quarters": [
    {
      "date": "2020-12-31T00:00:00",
      "quarter_label": "2020-12 (Q4)",
      "revenue": 17829000,
      "gross_profit": null,
      "operating_income": null,
      "net_income": -4390000,
      "opex": 22208000,
      "cogs": null,
      "rd": null,
      "sga": null,
      "fcf": 5658000,
      "ocf": 5658000,
      "capex": null,
      "gross_margin": null,
      "op_margin": null,
      "fcf_margin": 0.31734814066969547
    },
    {
      "date": "2021-03-31T00:00:00",
      "quarter_label": "2021-03 (Q1)",
      "revenue": 18879000,
      "gross_profit": null,
      "operating_income": null,
      "net_income": -3670000,
      "opex": 22176000,
      "cogs": null,
      "rd": null,
      "sga": null,
      "fcf": 4634000,
      "ocf": 4634000,
      "capex": null,
      "gross_margin": null,
      "op_margin": null,
      "fcf_margin": 0.24545791620318874,
      "op_leverage_ratio": Infinity,
      "fcf_margin_change": -0.07189022446650672
    },
    {
      "date": "2021-06-30T00:00:00",
      "quarter_label": "2021-06 (Q2)",
      "revenue": 22673000,
      "gross_profit": null,
      "operating_income": null,
      "net_income": 530000,
      "opex": 21150000,
      "cogs": null,
      "rd": null,
      "sga": null,
      "fcf": 13206000,
      "ocf": 13206000,
      "capex": null,
      "gross_margin": null,
      "op_margin": null,
      "fcf_margin": 0.5824549023067084,
      "op_leverage_ratio": Infinity,
      "fcf_margin_change": 0.33699698610351964
    },
    {
      "date": "2021-09-30T00:00:00",
      "quarter_label": "2021-09 (Q3)",
      "revenue": 24249000,
      "gross_profit": null,
      "operating_income": null,
      "net_income": 1624000,
      "opex": 21679000,
      "cogs": null,
      "rd": null,
      "sga": null,
      "fcf": -3946000,
      "ocf": -3946000,
      "capex": null,
      "gross_margin": null,
      "op_margin": null,
      "fcf_margin": -0.16272835993236834,
      "op_leverage_ratio": 2.779085605764941,
      "fcf_margin_change": -0.7451832622390767
    },
    {
      "date": "2021-12-31T00:00:00",
      "quarter_label": "2021-12 (Q4)",
      "revenue": 25125000,
      "gross_profit": null,
      "operating_income": null,
      "net_income": 666000,
      "opex": 23780000,
      "cogs": null,
      "rd": null,
      "sga": null,
      "fcf": 32387000,
      "ocf": 32387000,
      "capex": null,
      "gross_margin": null,
      "op_margin": null,
      "fcf_margin": 1.2890348258706468,
      "rev_growth_yoy": 0.4092209321891301,
      "op_leverage_ratio": 0.37275498968548754,
      "fcf_margin_change": 1.451763185803015
    },
    {
      "date": "2022-03-31T00:00:00",
      "quarter_label": "2022-03 (Q1)",
      "revenue": 24782000,
      "gross_profit": null,
      "operating_income": null,
      "net_income": 2297000,
      "opex": 22293000,
      "cogs": null,
      "rd": null,
      "sga": null,
      "fcf": 8639000,
      "ocf": 8639000,
      "capex": null,
      "gross_margin": null,
      "op_margin": null,
      "fcf_margin": 0.34859979017028486,
      "rev_growth_yoy": 0.3126754595052704,
      "rev_growth_yoy_accel": -0.09654547268385966,
      "fcf_margin_change": -0.9404350357003619
    },
    {
      "date": "2022-06-30T00:00:00",
      "quarter_label": "2022-06 (Q2)",
      "revenue": 26403000,
      "gross_profit": null,
      "operating_income": null,
      "net_income": 2922000,
      "opex": 23411000,
      "cogs": null,
      "rd": null,
      "sga": null,
      "fcf": 16649000,
      "ocf": 16649000,
      "capex": null,
      "gross_margin": null,
      "op_margin": null,
      "fcf_margin": 0.6305722834526379,
      "rev_growth_yoy": 0.1645128567018039,
      "rev_growth_yoy_accel": -0.14816260280346652,
      "op_leverage_ratio": 1.3042876278284385,
      "fcf_margin_change": 0.2819724932823531
    },
    {
      "date": "2022-09-30T00:00:00",
      "quarter_label": "2022-09 (Q3)",
      "revenue": 24853000,
      "gross_profit": null,
      "operating_income": null,
      "net_income": -237000,
      "opex": 24694000,
      "cogs": null,
      "rd": null,
      "sga": null,
      "fcf": 3003000,
      "ocf": 3003000,
      "capex": null,
      "gross_margin": null,
      "op_margin": null,
      "fcf_margin": 0.12083048324145979,
      "rev_growth_yoy": 0.024908243638912943,
      "rev_growth_yoy_accel": -0.13960461306289096,
      "fcf_margin_change": -0.5097418002111782
    },
    {
      "date": "2022-12-31T00:00:00",
      "quarter_label": "2022-12 (Q4)",
      "revenue": 25868000,
      "gross_profit": null,
      "operating_income": null,
      "net_income": 936000,
      "opex": 24596000,
      "cogs": null,
      "rd": null,
      "sga": null,
      "fcf": 4119000,
      "ocf": 4119000,
      "capex": null,
      "gross_margin": null,
      "op_margin": null,
      "fcf_margin": 0.1592314829132519,
      "rev_growth_yoy": 0.029572139303482587,
      "rev_growth_yoy_accel": 0.004663895664569644,
      "op_leverage_ratio": Infinity,
      "fcf_margin_change": 0.03840099967179211
    },
    {
      "date": "2023-03-31T00:00:00",
      "quarter_label": "2023-03 (Q1)",
      "revenue": 28912000,
      "gross_profit": null,
      "operating_income": null,
      "net_income": -6951000,
      "opex": 38104000,
      "cogs": null,
      "rd": null,
      "sga": null,
      "fcf": 2766000,
      "ocf": 2766000,
      "capex": null,
      "gross_margin": null,
      "op_margin": null,
      "fcf_margin": 0.09566961815163254,
      "rev_growth_yoy": 0.16665321604390285,
      "rev_growth_yoy_accel": 0.13708107674042025,
      "op_leverage_ratio": 0.21426697001917527,
      "fcf_margin_change": -0.06356186476161936
    },
    {
      "date": "2023-06-30T00:00:00",
      "quarter_label": "2023-06 (Q2)",
      "revenue": 32760000,
      "gross_profit": null,
      "operating_income": null,
      "net_income": -17359000,
      "opex": 50058000,
      "cogs": null,
      "rd": null,
      "sga": null,
      "fcf": 6654000,
      "ocf": 6654000,
      "capex": null,
      "gross_margin": null,
      "op_margin": null,
      "fcf_margin": 0.2031135531135531,
      "rev_growth_yoy": 0.24076809453471196,
      "rev_growth_yoy_accel": 0.07411487849080911,
      "op_leverage_ratio": 0.4242425701399731,
      "fcf_margin_change": 0.10744393496192058
    },
    {
      "date": "2023-09-30T00:00:00",
      "quarter_label": "2023-09 (Q3)",
      "revenue": 28118000,
      "gross_profit": null,
      "operating_income": null,
      "net_income": -15773000,
      "opex": 45400000,
      "cogs": null,
      "rd": null,
      "sga": null,
      "fcf": 7342000,
      "ocf": 7342000,
      "capex": null,
      "gross_margin": null,
      "op_margin": null,
      "fcf_margin": 0.26111387723166657,
      "rev_growth_yoy": 0.13137247012433106,
      "rev_growth_yoy_accel": -0.10939562441038089,
      "fcf_margin_change": 0.058000324118113455
    },
    {
      "date": "2023-12-31T00:00:00",
      "quarter_label": "2023-12 (Q4)",
      "revenue": 29468000,
      "gross_profit": null,
      "operating_income": null,
      "net_income": -8402000,
      "opex": 36601000,
      "cogs": null,
      "rd": null,
      "sga": null,
      "fcf": -4765000,
      "ocf": -4765000,
      "capex": null,
      "gross_margin": null,
      "op_margin": null,
      "fcf_margin": -0.1617008280168318,
      "rev_growth_yoy": 0.13916808411937528,
      "rev_growth_yoy_accel": 0.0077956139950442205,
      "op_leverage_ratio": Infinity,
      "fcf_margin_change": -0.4228147052484984
    },
    {
      "date": "2024-03-31T00:00:00",
      "quarter_label": "2024-03 (Q1)",
      "revenue": 33998000,
      "gross_profit": null,
      "operating_income": null,
      "net_income": -3730000,
      "opex": 37307000,
      "cogs": null,
      "rd": null,
      "sga": null,
      "fcf": 1616000,
      "ocf": 1616000,
      "capex": null,
      "gross_margin": null,
      "op_margin": null,
      "fcf_margin": 0.04753220777692806,
      "rev_growth_yoy": 0.1759131156613171,
      "rev_growth_yoy_accel": 0.03674503154194181,
      "op_leverage_ratio": 7.9695865414675575,
      "fcf_margin_change": 0.20923303579375985
    },
    {
      "date": "2024-06-30T00:00:00",
      "quarter_label": "2024-06 (Q2)",
      "revenue": 34439000,
      "gross_profit": null,
      "operating_income": null,
      "net_income": -796000,
      "opex": 36126000,
      "cogs": null,
      "rd": null,
      "sga": null,
      "fcf": 3924000,
      "ocf": 3924000,
      "capex": null,
      "gross_margin": null,
      "op_margin": null,
      "fcf_margin": 0.11394059060948343,
      "rev_growth_yoy": 0.05125152625152625,
      "rev_growth_yoy_accel": -0.12466158940979084,
      "op_leverage_ratio": Infinity,
      "fcf_margin_change": 0.06640838283255537
    },
    {
      "date": "2024-09-30T00:00:00",
      "quarter_label": "2024-09 (Q3)",
      "revenue": 28616000,
      "gross_profit": null,
      "operating_income": null,
      "net_income": -10384000,
      "opex": 37938000,
      "cogs": null,
      "rd": null,
      "sga": null,
      "fcf": 10340000,
      "ocf": 10340000,
      "capex": null,
      "gross_margin": null,
      "op_margin": null,
      "fcf_margin": 0.36133631534805705,
      "rev_growth_yoy": 0.01771107475638381,
      "rev_growth_yoy_accel": -0.03354045149514244,
      "fcf_margin_change": 0.24739572473857363
    },
    {
      "date": "2024-12-31T00:00:00",
      "quarter_label": "2024-12 (Q4)",
      "revenue": 27459000,
      "gross_profit": null,
      "operating_income": null,
      "net_income": -10265000,
      "opex": 37287000,
      "cogs": null,
      "rd": null,
      "sga": null,
      "fcf": 1146000,
      "ocf": 1146000,
      "capex": null,
      "gross_margin": null,
      "op_margin": null,
      "fcf_margin": 0.04173495028952256,
      "rev_growth_yoy": -0.06817564816071671,
      "rev_growth_yoy_accel": -0.08588672291710052,
      "fcf_margin_change": -0.3196013650585345
    },
    {
      "date": "2025-03-31T00:00:00",
      "quarter_label": "2025-03 (Q1)",
      "revenue": 32295000,
      "gross_profit": null,
      "operating_income": null,
      "net_income": -6114000,
      "opex": 37295000,
      "cogs": null,
      "rd": null,
      "sga": null,
      "fcf": 1208000,
      "ocf": 1208000,
      "capex": null,
      "gross_margin": null,
      "op_margin": null,
      "fcf_margin": 0.03740517107911442,
      "rev_growth_yoy": -0.05009118183422554,
      "rev_growth_yoy_accel": 0.018084466326491168,
      "op_leverage_ratio": Infinity,
      "fcf_margin_change": -0.004329779210408141
    },
    {
      "date": "2025-06-30T00:00:00",
      "quarter_label": "2025-06 (Q2)",
      "revenue": 29689000,
      "gross_profit": null,
      "operating_income": null,
      "net_income": -8999000,
      "opex": 38245000,
      "cogs": null,
      "rd": null,
      "sga": null,
      "fcf": -2479000,
      "ocf": -2479000,
      "capex": null,
      "gross_margin": null,
      "op_margin": null,
      "fcf_margin": -0.0834989390009768,
      "rev_growth_yoy": -0.13792502685908417,
      "rev_growth_yoy_accel": -0.08783384502485864,
      "fcf_margin_change": -0.12090411008009122
    },
    {
      "date": "2025-09-30T00:00:00",
      "quarter_label": "2025-09 (Q3)",
      "revenue": 26234000,
      "gross_profit": null,
      "operating_income": null,
      "net_income": -12455000,
      "opex": 38728000,
      "cogs": null,
      "rd": null,
      "sga": null,
      "fcf": 3742000,
      "ocf": 3742000,
      "capex": null,
      "gross_margin": null,
      "op_margin": null,
      "fcf_margin": 0.14263932301593352,
      "rev_growth_yoy": -0.08324014537321778,
      "rev_growth_yoy_accel": 0.05468488148586639,
      "fcf_margin_change": 0.2261382620169103
    }
  ],
  "signals": [
    {
      "quarter": "2025-09 (Q3)",
      "signal": "FCF TURNED POSITIVE",
      "detail": "FCF margin: -8.3% -> +14.3%",
      "severity": "HIGH"
    },
    {
      "quarter": "2025-09 (Q3)",
      "signal": "YoY REVENUE GROWTH ACCELERATION",
      "detail": "YoY growth: -8.3% vs prior quarter YoY: -13.8% (accel: +5.5%)",
      "severity": "MEDIUM"
    },
    {
      "quarter": "2025-06 (Q2)",
      "signal": "YoY REVENUE GROWTH DECELERATION",
      "detail": "YoY growth: -13.8% vs prior quarter YoY: -5.0% (decel: -8.8%)",
      "severity": "WARNING"
    },
    {
      "quarter": "2025-03 (Q1)",
      "signal": "OPERATING LEVERAGE",
      "detail": "Rev growth +17.6% vs OpEx growth +0.0% (leverage: 820.9x)",
      "severity": "MEDIUM"
    },
    {
      "quarter": "2024-12 (Q4)",
      "signal": "YoY REVENUE GROWTH DECELERATION",
      "detail": "YoY growth: -6.8% vs prior quarter YoY: +1.8% (decel: -8.6%)",
      "severity": "WARNING"
    },
    {
      "quarter": "2024-09 (Q3)",
      "signal": "FCF MARGIN EXPANSION",
      "detail": "FCF margin: +11.4% -> +36.1% (+24.7%)",
      "severity": "MEDIUM"
    },
    {
      "quarter": "2024-06 (Q2)",
      "signal": "FCF MARGIN EXPANSION",
      "detail": "FCF margin: +4.8% -> +11.4% (+6.6%)",
      "severity": "MEDIUM"
    },
    {
      "quarter": "2024-06 (Q2)",
      "signal": "YoY REVENUE GROWTH DECELERATION",
      "detail": "YoY growth: +5.1% vs prior quarter YoY: +17.6% (decel: -12.5%)",
      "severity": "WARNING"
    },
    {
      "quarter": "2024-03 (Q1)",
      "signal": "FCF TURNED POSITIVE",
      "detail": "FCF margin: -16.2% -> +4.8%",
      "severity": "HIGH"
    },
    {
      "quarter": "2024-03 (Q1)",
      "signal": "OPERATING LEVERAGE",
      "detail": "Rev growth +15.4% vs OpEx growth +1.9% (leverage: 8.0x)",
      "severity": "MEDIUM"
    },
    {
      "quarter": "2023-09 (Q3)",
      "signal": "FCF MARGIN EXPANSION",
      "detail": "FCF margin: +20.3% -> +26.1% (+5.8%)",
      "severity": "MEDIUM"
    },
    {
      "quarter": "2023-09 (Q3)",
      "signal": "YoY REVENUE GROWTH DECELERATION",
      "detail": "YoY growth: +13.1% vs prior quarter YoY: +24.1% (decel: -10.9%)",
      "severity": "WARNING"
    },
    {
      "quarter": "2023-06 (Q2)",
      "signal": "FCF MARGIN EXPANSION",
      "detail": "FCF margin: +9.6% -> +20.3% (+10.7%)",
      "severity": "MEDIUM"
    },
    {
      "quarter": "2023-06 (Q2)",
      "signal": "YoY REVENUE GROWTH ACCELERATION",
      "detail": "YoY growth: +24.1% vs prior quarter YoY: +16.7% (accel: +7.4%)",
      "severity": "MEDIUM"
    },
    {
      "quarter": "2023-03 (Q1)",
      "signal": "YoY REVENUE GROWTH ACCELERATION",
      "detail": "YoY growth: +16.7% vs prior quarter YoY: +3.0% (accel: +13.7%)",
      "severity": "MEDIUM"
    },
    {
      "quarter": "2022-09 (Q3)",
      "signal": "YoY REVENUE GROWTH DECELERATION",
      "detail": "YoY growth: +2.5% vs prior quarter YoY: +16.5% (decel: -14.0%)",
      "severity": "WARNING"
    },
    {
      "quarter": "2022-06 (Q2)",
      "signal": "FCF MARGIN EXPANSION",
      "detail": "FCF margin: +34.9% -> +63.1% (+28.2%)",
      "severity": "MEDIUM"
    },
    {
      "quarter": "2022-06 (Q2)",
      "signal": "YoY REVENUE GROWTH DECELERATION",
      "detail": "YoY growth: +16.5% vs prior quarter YoY: +31.3% (decel: -14.8%)",
      "severity": "WARNING"
    },
    {
      "quarter": "2022-03 (Q1)",
      "signal": "YoY REVENUE GROWTH DECELERATION",
      "detail": "YoY growth: +31.3% vs prior quarter YoY: +40.9% (decel: -9.7%)",
      "severity": "WARNING"
    },
    {
      "quarter": "2021-12 (Q4)",
      "signal": "FCF TURNED POSITIVE",
      "detail": "FCF margin: -16.3% -> +128.9%",
      "severity": "HIGH"
    },
    {
      "quarter": "2021-09 (Q3)",
      "signal": "OPERATING LEVERAGE",
      "detail": "Rev growth +7.0% vs OpEx growth +2.5% (leverage: 2.8x)",
      "severity": "MEDIUM"
    },
    {
      "quarter": "2021-06 (Q2)",
      "signal": "FCF MARGIN EXPANSION",
      "detail": "FCF margin: +24.5% -> +58.2% (+33.7%)",
      "severity": "MEDIUM"
    }
  ],
  "data_quality": {
    "n_quarters": 20,
    "coverage": {
      "revenue": [
        20,
        20
      ],
      "gross_profit": [
        0,
        20
      ],
      "op_income": [
        0,
        20
      ],
      "fcf": [
        20,
        20
      ]
    },
    "gaps": [],
    "warnings": [
      "gross_profit: no data",
      "op_income: no data"
    ]
  },
  "market_cap": null,
  "source": "SEC EDGAR",
  "last_updated": "2026-02-03T00:27:00.084903",
  "sector": "Real Estate",
  "industry": "REIT - Office"
}