{
  "ticker": "CME",
  "name": "CME GROUP INC.",
  "quarters": [
    {
      "date": "2020-12-31T00:00:00",
      "quarter_label": "2020-12 (Q4)",
      "revenue": 1098500000,
      "gross_profit": null,
      "operating_income": 515000000,
      "net_income": 424000000,
      "opex": 583500000,
      "cogs": null,
      "rd": null,
      "sga": null,
      "fcf": 590300000,
      "ocf": 660300000,
      "capex": -70000000,
      "gross_margin": null,
      "op_margin": 0.46882111970869367,
      "fcf_margin": 0.5373691397360036
    },
    {
      "date": "2021-03-31T00:00:00",
      "quarter_label": "2021-03 (Q1)",
      "revenue": 1253300000,
      "gross_profit": null,
      "operating_income": 725100000,
      "net_income": 574400000,
      "opex": 528200000,
      "cogs": null,
      "rd": null,
      "sga": null,
      "fcf": 574200000,
      "ocf": 602700000,
      "capex": -28500000,
      "gross_margin": null,
      "op_margin": 0.5785526210803479,
      "fcf_margin": 0.4581504827256044,
      "op_leverage_ratio": Infinity,
      "fcf_margin_change": -0.07921865701039926
    },
    {
      "date": "2021-06-30T00:00:00",
      "quarter_label": "2021-06 (Q2)",
      "revenue": 1179200000,
      "gross_profit": null,
      "operating_income": 674700000,
      "net_income": 510300000,
      "opex": 504500000,
      "cogs": null,
      "rd": null,
      "sga": null,
      "fcf": 460100000,
      "ocf": 499800000,
      "capex": -39700000,
      "gross_margin": null,
      "op_margin": 0.5721675712347354,
      "fcf_margin": 0.3901797829036635,
      "fcf_margin_change": -0.06797069982194087
    },
    {
      "date": "2021-09-30T00:00:00",
      "quarter_label": "2021-09 (Q3)",
      "revenue": 1109900000,
      "gross_profit": null,
      "operating_income": 613700000,
      "net_income": 926500000,
      "opex": 496200000,
      "cogs": null,
      "rd": null,
      "sga": null,
      "fcf": 599900000,
      "ocf": 631600000,
      "capex": -31700000,
      "gross_margin": null,
      "op_margin": 0.5529326966393369,
      "fcf_margin": 0.540499144067033,
      "fcf_margin_change": 0.15031936116336952
    },
    {
      "date": "2021-12-31T00:00:00",
      "quarter_label": "2021-12 (Q4)",
      "revenue": 1147300000,
      "gross_profit": null,
      "operating_income": 631700000,
      "net_income": 625200000,
      "opex": 515600000,
      "cogs": null,
      "rd": null,
      "sga": null,
      "fcf": 641000000,
      "ocf": 668300000,
      "capex": -27300000,
      "gross_margin": null,
      "op_margin": 0.5505970539527586,
      "fcf_margin": 0.5587030419245185,
      "incr_op_margin_yoy": 2.3913934426229506,
      "rev_growth_yoy": 0.04442421483841602,
      "op_leverage_ratio": 0.8618720178190102,
      "fcf_margin_change": 0.01820389785748544
    },
    {
      "date": "2022-03-31T00:00:00",
      "quarter_label": "2022-03 (Q1)",
      "revenue": 1346600000,
      "gross_profit": null,
      "operating_income": 859100000,
      "net_income": 711000000,
      "opex": 487500000,
      "cogs": null,
      "rd": null,
      "sga": null,
      "fcf": 775700000,
      "ocf": 799100000,
      "capex": -23400000,
      "gross_margin": null,
      "op_margin": 0.6379771275805733,
      "fcf_margin": 0.5760433684835883,
      "incr_op_margin_yoy": 1.4362272240085745,
      "rev_growth_yoy": 0.07444346924120322,
      "rev_growth_yoy_accel": 0.0300192544027872,
      "op_leverage_ratio": Infinity,
      "fcf_margin_change": 0.017340326559069807
    },
    {
      "date": "2022-06-30T00:00:00",
      "quarter_label": "2022-06 (Q2)",
      "revenue": 1237200000,
      "gross_profit": null,
      "operating_income": 749700000,
      "net_income": 662500000,
      "opex": 487500000,
      "cogs": null,
      "rd": null,
      "sga": null,
      "fcf": 599700000,
      "ocf": 617600000,
      "capex": -17900000,
      "gross_margin": null,
      "op_margin": 0.6059650824442289,
      "fcf_margin": 0.4847235693501455,
      "incr_op_margin_yoy": 1.293103448275862,
      "rev_growth_yoy": 0.04918588873812754,
      "rev_growth_yoy_accel": -0.02525758050307568,
      "fcf_margin_change": -0.09131979913344279
    },
    {
      "date": "2022-09-30T00:00:00",
      "quarter_label": "2022-09 (Q3)",
      "revenue": 1227800000,
      "gross_profit": null,
      "operating_income": 738800000,
      "net_income": 679600000,
      "opex": 489000000,
      "cogs": null,
      "rd": null,
      "sga": null,
      "fcf": 633800000,
      "ocf": 657800000,
      "capex": -24000000,
      "gross_margin": null,
      "op_margin": 0.6017266655807135,
      "fcf_margin": 0.5162078514416029,
      "incr_op_margin_yoy": 1.0610687022900764,
      "rev_growth_yoy": 0.10622578610685647,
      "rev_growth_yoy_accel": 0.05703989736872893,
      "fcf_margin_change": 0.03148428209145737
    },
    {
      "date": "2022-12-31T00:00:00",
      "quarter_label": "2022-12 (Q4)",
      "revenue": 1207800000,
      "gross_profit": null,
      "operating_income": 668300000,
      "net_income": 637900000,
      "opex": 539500000,
      "cogs": null,
      "rd": null,
      "sga": null,
      "fcf": 957100000,
      "ocf": 981500000,
      "capex": -24400000,
      "gross_margin": null,
      "op_margin": 0.5533200861069714,
      "fcf_margin": 0.7924325219407187,
      "incr_op_margin_yoy": 0.6049586776859505,
      "rev_growth_yoy": 0.052732502396931925,
      "rev_growth_yoy_accel": -0.053493283709924545,
      "fcf_margin_change": 0.2762246704991158
    },
    {
      "date": "2023-03-31T00:00:00",
      "quarter_label": "2023-03 (Q1)",
      "revenue": 1441600000,
      "gross_profit": null,
      "operating_income": 913700000,
      "net_income": null,
      "opex": 527900000,
      "cogs": null,
      "rd": null,
      "sga": null,
      "fcf": 887200000,
      "ocf": 902400000,
      "capex": -15200000,
      "gross_margin": null,
      "op_margin": 0.6338096559378469,
      "fcf_margin": 0.6154273029966704,
      "incr_op_margin_yoy": 0.5747368421052632,
      "rev_growth_yoy": 0.07054804693301649,
      "rev_growth_yoy_accel": 0.01781554453608456,
      "op_leverage_ratio": Infinity,
      "fcf_margin_change": -0.1770052189440483
    },
    {
      "date": "2023-06-30T00:00:00",
      "quarter_label": "2023-06 (Q2)",
      "revenue": 1360200000,
      "gross_profit": null,
      "operating_income": 838600000,
      "net_income": null,
      "opex": 521600000,
      "cogs": null,
      "rd": null,
      "sga": null,
      "fcf": 629900000,
      "ocf": 650400000,
      "capex": -20500000,
      "gross_margin": null,
      "op_margin": 0.6165269813262756,
      "fcf_margin": 0.46309366269666224,
      "incr_op_margin_yoy": 0.7227642276422764,
      "rev_growth_yoy": 0.0994180407371484,
      "rev_growth_yoy_accel": 0.02886999380413191,
      "fcf_margin_change": -0.15233364030000812
    },
    {
      "date": "2023-09-30T00:00:00",
      "quarter_label": "2023-09 (Q3)",
      "revenue": 1337800000,
      "gross_profit": null,
      "operating_income": 820200000,
      "net_income": null,
      "opex": 517600000,
      "cogs": null,
      "rd": null,
      "sga": null,
      "fcf": 836800000,
      "ocf": 856700000,
      "capex": -19900000,
      "gross_margin": null,
      "op_margin": 0.6130961279712962,
      "fcf_margin": 0.6255045597249215,
      "incr_op_margin_yoy": 0.74,
      "rev_growth_yoy": 0.0895911386219254,
      "rev_growth_yoy_accel": -0.009826902115222996,
      "fcf_margin_change": 0.16241089702825923
    },
    {
      "date": "2023-12-31T00:00:00",
      "quarter_label": "2023-12 (Q4)",
      "revenue": 1439300000,
      "gross_profit": null,
      "operating_income": 863200000,
      "net_income": null,
      "opex": 576100000,
      "cogs": null,
      "rd": null,
      "sga": null,
      "fcf": 1023500000,
      "ocf": 1044300000,
      "capex": -20800000,
      "gross_margin": null,
      "op_margin": 0.5997359827694018,
      "fcf_margin": 0.7111095671506983,
      "incr_op_margin_yoy": 0.8419006479481641,
      "rev_growth_yoy": 0.19167080642490478,
      "rev_growth_yoy_accel": 0.10207966780297938,
      "op_leverage_ratio": 0.6712947523233067,
      "fcf_margin_change": 0.08560500742577681
    },
    {
      "date": "2024-03-31T00:00:00",
      "quarter_label": "2024-03 (Q1)",
      "revenue": 1487900000,
      "gross_profit": null,
      "operating_income": 959600000,
      "net_income": null,
      "opex": 528300000,
      "cogs": null,
      "rd": null,
      "sga": null,
      "fcf": 872900000,
      "ocf": 892700000,
      "capex": -19800000,
      "gross_margin": null,
      "op_margin": 0.6449358155790039,
      "fcf_margin": 0.5866657705490961,
      "incr_op_margin_yoy": 0.9913606911447084,
      "rev_growth_yoy": 0.03211709211986682,
      "rev_growth_yoy_accel": -0.15955371430503795,
      "op_leverage_ratio": Infinity,
      "fcf_margin_change": -0.12444379660160221
    },
    {
      "date": "2024-06-30T00:00:00",
      "quarter_label": "2024-06 (Q2)",
      "revenue": 1532500000,
      "gross_profit": null,
      "operating_income": 1000600000,
      "net_income": null,
      "opex": 531900000,
      "cogs": null,
      "rd": null,
      "sga": null,
      "fcf": 758700000,
      "ocf": 776900000,
      "capex": -18200000,
      "gross_margin": null,
      "op_margin": 0.6529200652528548,
      "fcf_margin": 0.49507340946166395,
      "incr_op_margin_yoy": 0.9402205455600696,
      "rev_growth_yoy": 0.12667254815468312,
      "rev_growth_yoy_accel": 0.0945554560348163,
      "op_leverage_ratio": 4.398850729215673,
      "fcf_margin_change": -0.09159236108743213
    },
    {
      "date": "2024-09-30T00:00:00",
      "quarter_label": "2024-09 (Q3)",
      "revenue": 1584400000,
      "gross_profit": null,
      "operating_income": 1024200000,
      "net_income": null,
      "opex": 560200000,
      "cogs": null,
      "rd": null,
      "sga": null,
      "fcf": 973200000,
      "ocf": 1003000000,
      "capex": -29800000,
      "gross_margin": null,
      "op_margin": 0.6464276697803585,
      "fcf_margin": 0.6142388285786418,
      "incr_op_margin_yoy": 0.8272506082725061,
      "rev_growth_yoy": 0.18433248617132605,
      "rev_growth_yoy_accel": 0.05765993801664293,
      "op_leverage_ratio": 0.636517618847238,
      "fcf_margin_change": 0.11916541911697781
    },
    {
      "date": "2024-12-31T00:00:00",
      "quarter_label": "2024-12 (Q4)",
      "revenue": 1525300000,
      "gross_profit": null,
      "operating_income": 947100000,
      "net_income": null,
      "opex": 578200000,
      "cogs": null,
      "rd": null,
      "sga": null,
      "fcf": 991700000,
      "ocf": 1017900000,
      "capex": -26200000,
      "gross_margin": null,
      "op_margin": 0.6209270307480496,
      "fcf_margin": 0.6501671802268406,
      "incr_op_margin_yoy": 0.9755813953488373,
      "rev_growth_yoy": 0.05975126797748906,
      "rev_growth_yoy_accel": -0.124581218193837,
      "fcf_margin_change": 0.03592835164819885
    },
    {
      "date": "2025-03-31T00:00:00",
      "quarter_label": "2025-03 (Q1)",
      "revenue": 1642300000,
      "gross_profit": null,
      "operating_income": 1108000000,
      "net_income": null,
      "opex": 534300000,
      "cogs": null,
      "rd": null,
      "sga": null,
      "fcf": 1102400000,
      "ocf": 1116600000,
      "capex": -14200000,
      "gross_margin": null,
      "op_margin": 0.6746635815624429,
      "fcf_margin": 0.6712537295256652,
      "incr_op_margin_yoy": 0.961139896373057,
      "rev_growth_yoy": 0.10377041467840581,
      "rev_growth_yoy_accel": 0.04401914670091675,
      "op_leverage_ratio": Infinity,
      "fcf_margin_change": 0.021086549298824586
    },
    {
      "date": "2025-06-30T00:00:00",
      "quarter_label": "2025-06 (Q2)",
      "revenue": 1692000000,
      "gross_profit": null,
      "operating_income": 1129300000,
      "net_income": null,
      "opex": 562700000,
      "cogs": null,
      "rd": null,
      "sga": null,
      "fcf": 1040100000,
      "ocf": 1058500000,
      "capex": -18400000,
      "gross_margin": null,
      "op_margin": 0.6674349881796691,
      "fcf_margin": 0.6147163120567376,
      "incr_op_margin_yoy": 0.8068965517241379,
      "rev_growth_yoy": 0.10407830342577488,
      "rev_growth_yoy_accel": 0.00030788874736907557,
      "op_leverage_ratio": 0.5693387322657248,
      "fcf_margin_change": -0.0565374174689276
    },
    {
      "date": "2025-09-30T00:00:00",
      "quarter_label": "2025-09 (Q3)",
      "revenue": 1537600000,
      "gross_profit": null,
      "operating_income": 972600000,
      "net_income": null,
      "opex": 565000000,
      "cogs": null,
      "rd": null,
      "sga": null,
      "fcf": 949700000,
      "ocf": 968100000,
      "capex": -18400000,
      "gross_margin": null,
      "op_margin": 0.6325442247658689,
      "fcf_margin": 0.6176508844953174,
      "incr_op_margin_yoy": 1.1025641025641026,
      "rev_growth_yoy": -0.02953799545569301,
      "rev_growth_yoy_accel": -0.1336162988814679,
      "fcf_margin_change": 0.0029345724385797523
    }
  ],
  "signals": [
    {
      "quarter": "2025-09 (Q3)",
      "signal": "YoY REVENUE GROWTH DECELERATION",
      "detail": "YoY growth: -3.0% vs prior quarter YoY: +10.4% (decel: -13.4%)",
      "severity": "WARNING"
    },
    {
      "quarter": "2025-09 (Q3)",
      "signal": "INCREMENTAL MARGIN (YoY)",
      "detail": "YoY Incr OPM: +110.3% vs year-ago OPM: +64.6%",
      "severity": "HIGH"
    },
    {
      "quarter": "2025-06 (Q2)",
      "signal": "INCREMENTAL MARGIN (YoY)",
      "detail": "YoY Incr OPM: +80.7% vs year-ago OPM: +65.3%",
      "severity": "MEDIUM"
    },
    {
      "quarter": "2025-03 (Q1)",
      "signal": "INCREMENTAL MARGIN (YoY)",
      "detail": "YoY Incr OPM: +96.1% vs year-ago OPM: +64.5%",
      "severity": "HIGH"
    },
    {
      "quarter": "2024-12 (Q4)",
      "signal": "YoY REVENUE GROWTH DECELERATION",
      "detail": "YoY growth: +6.0% vs prior quarter YoY: +18.4% (decel: -12.5%)",
      "severity": "WARNING"
    },
    {
      "quarter": "2024-12 (Q4)",
      "signal": "INCREMENTAL MARGIN (YoY)",
      "detail": "YoY Incr OPM: +97.6% vs year-ago OPM: +60.0%",
      "severity": "HIGH"
    },
    {
      "quarter": "2024-09 (Q3)",
      "signal": "FCF MARGIN EXPANSION",
      "detail": "FCF margin: +49.5% -> +61.4% (+11.9%)",
      "severity": "MEDIUM"
    },
    {
      "quarter": "2024-09 (Q3)",
      "signal": "YoY REVENUE GROWTH ACCELERATION",
      "detail": "YoY growth: +18.4% vs prior quarter YoY: +12.7% (accel: +5.8%)",
      "severity": "MEDIUM"
    },
    {
      "quarter": "2024-09 (Q3)",
      "signal": "INCREMENTAL MARGIN (YoY)",
      "detail": "YoY Incr OPM: +82.7% vs year-ago OPM: +61.3%",
      "severity": "HIGH"
    },
    {
      "quarter": "2024-06 (Q2)",
      "signal": "OPERATING LEVERAGE",
      "detail": "Rev growth +3.0% vs OpEx growth +0.7% (leverage: 4.4x)",
      "severity": "MEDIUM"
    },
    {
      "quarter": "2024-06 (Q2)",
      "signal": "YoY REVENUE GROWTH ACCELERATION",
      "detail": "YoY growth: +12.7% vs prior quarter YoY: +3.2% (accel: +9.5%)",
      "severity": "MEDIUM"
    },
    {
      "quarter": "2024-06 (Q2)",
      "signal": "INCREMENTAL MARGIN (YoY)",
      "detail": "YoY Incr OPM: +94.0% vs year-ago OPM: +61.7%",
      "severity": "HIGH"
    },
    {
      "quarter": "2024-03 (Q1)",
      "signal": "YoY REVENUE GROWTH DECELERATION",
      "detail": "YoY growth: +3.2% vs prior quarter YoY: +19.2% (decel: -16.0%)",
      "severity": "WARNING"
    },
    {
      "quarter": "2024-03 (Q1)",
      "signal": "INCREMENTAL MARGIN (YoY)",
      "detail": "YoY Incr OPM: +99.1% vs year-ago OPM: +63.4%",
      "severity": "HIGH"
    },
    {
      "quarter": "2023-12 (Q4)",
      "signal": "FCF MARGIN EXPANSION",
      "detail": "FCF margin: +62.6% -> +71.1% (+8.6%)",
      "severity": "MEDIUM"
    },
    {
      "quarter": "2023-12 (Q4)",
      "signal": "YoY REVENUE GROWTH ACCELERATION",
      "detail": "YoY growth: +19.2% vs prior quarter YoY: +9.0% (accel: +10.2%)",
      "severity": "MEDIUM"
    },
    {
      "quarter": "2023-12 (Q4)",
      "signal": "INCREMENTAL MARGIN (YoY)",
      "detail": "YoY Incr OPM: +84.2% vs year-ago OPM: +55.3%",
      "severity": "HIGH"
    },
    {
      "quarter": "2023-09 (Q3)",
      "signal": "FCF MARGIN EXPANSION",
      "detail": "FCF margin: +46.3% -> +62.6% (+16.2%)",
      "severity": "MEDIUM"
    },
    {
      "quarter": "2023-09 (Q3)",
      "signal": "INCREMENTAL MARGIN (YoY)",
      "detail": "YoY Incr OPM: +74.0% vs year-ago OPM: +60.2%",
      "severity": "MEDIUM"
    },
    {
      "quarter": "2023-06 (Q2)",
      "signal": "INCREMENTAL MARGIN (YoY)",
      "detail": "YoY Incr OPM: +72.3% vs year-ago OPM: +60.6%",
      "severity": "MEDIUM"
    },
    {
      "quarter": "2022-12 (Q4)",
      "signal": "FCF MARGIN EXPANSION",
      "detail": "FCF margin: +51.6% -> +79.2% (+27.6%)",
      "severity": "MEDIUM"
    },
    {
      "quarter": "2022-12 (Q4)",
      "signal": "YoY REVENUE GROWTH DECELERATION",
      "detail": "YoY growth: +5.3% vs prior quarter YoY: +10.6% (decel: -5.3%)",
      "severity": "WARNING"
    },
    {
      "quarter": "2022-09 (Q3)",
      "signal": "YoY REVENUE GROWTH ACCELERATION",
      "detail": "YoY growth: +10.6% vs prior quarter YoY: +4.9% (accel: +5.7%)",
      "severity": "MEDIUM"
    },
    {
      "quarter": "2022-09 (Q3)",
      "signal": "INCREMENTAL MARGIN (YoY)",
      "detail": "YoY Incr OPM: +106.1% vs year-ago OPM: +55.3%",
      "severity": "HIGH"
    },
    {
      "quarter": "2022-06 (Q2)",
      "signal": "INCREMENTAL MARGIN (YoY)",
      "detail": "YoY Incr OPM: +129.3% vs year-ago OPM: +57.2%",
      "severity": "HIGH"
    },
    {
      "quarter": "2022-03 (Q1)",
      "signal": "INCREMENTAL MARGIN (YoY)",
      "detail": "YoY Incr OPM: +143.6% vs year-ago OPM: +57.9%",
      "severity": "HIGH"
    },
    {
      "quarter": "2021-12 (Q4)",
      "signal": "INCREMENTAL MARGIN (YoY)",
      "detail": "YoY Incr OPM: +239.1% vs year-ago OPM: +46.9%",
      "severity": "HIGH"
    },
    {
      "quarter": "2021-09 (Q3)",
      "signal": "FCF MARGIN EXPANSION",
      "detail": "FCF margin: +39.0% -> +54.0% (+15.0%)",
      "severity": "MEDIUM"
    }
  ],
  "data_quality": {
    "n_quarters": 20,
    "coverage": {
      "revenue": [
        20,
        20
      ],
      "gross_profit": [
        0,
        20
      ],
      "op_income": [
        20,
        20
      ],
      "fcf": [
        20,
        20
      ]
    },
    "gaps": [],
    "warnings": [
      "gross_profit: no data"
    ]
  },
  "market_cap": null,
  "source": "SEC EDGAR",
  "last_updated": "2026-02-02T19:50:12.357011",
  "sector": "Financial Services",
  "industry": "Financial Data & Stock Exchanges"
}