{
  "ticker": "CMG",
  "name": "CHIPOTLE MEXICAN GRILL, INC.",
  "quarters": [
    {
      "date": "2020-12-31T00:00:00",
      "quarter_label": "2020-12 (Q4)",
      "revenue": 1607710000,
      "gross_profit": null,
      "operating_income": 116886000,
      "net_income": 190959000,
      "opex": 1490824000,
      "cogs": null,
      "rd": null,
      "sga": null,
      "fcf": -11470000,
      "ocf": 115124000,
      "capex": -126594000,
      "gross_margin": null,
      "op_margin": 0.07270341044093773,
      "fcf_margin": -0.007134371248546069
    },
    {
      "date": "2021-03-31T00:00:00",
      "quarter_label": "2021-03 (Q1)",
      "revenue": 1741575000,
      "gross_profit": null,
      "operating_income": 161442000,
      "net_income": 127101000,
      "opex": 1580133000,
      "cogs": null,
      "rd": null,
      "sga": null,
      "fcf": 219354000,
      "ocf": 305973000,
      "capex": -86619000,
      "gross_margin": null,
      "op_margin": 0.09269885017871754,
      "fcf_margin": 0.12595150940958616,
      "op_leverage_ratio": 1.3899221574681595,
      "fcf_margin_change": 0.13308588065813223
    },
    {
      "date": "2021-06-30T00:00:00",
      "quarter_label": "2021-06 (Q2)",
      "revenue": 1892538000,
      "gross_profit": null,
      "operating_income": 245525000,
      "net_income": 187974000,
      "opex": 1647013000,
      "cogs": null,
      "rd": null,
      "sga": null,
      "fcf": 131381000,
      "ocf": 256885000,
      "capex": -125504000,
      "gross_margin": null,
      "op_margin": 0.12973319426082858,
      "fcf_margin": 0.06942053475280285,
      "op_leverage_ratio": 2.047980016155357,
      "fcf_margin_change": -0.056530974656783306
    },
    {
      "date": "2021-09-30T00:00:00",
      "quarter_label": "2021-09 (Q3)",
      "revenue": 1952315000,
      "gross_profit": null,
      "operating_income": 239680000,
      "net_income": 204434000,
      "opex": 1712635000,
      "cogs": null,
      "rd": null,
      "sga": null,
      "fcf": 172357000,
      "ocf": 280803000,
      "capex": -108446000,
      "gross_margin": null,
      "op_margin": 0.12276707396091308,
      "fcf_margin": 0.08828339689035837,
      "op_leverage_ratio": 0.7927514986844421,
      "fcf_margin_change": 0.018862862137555517
    },
    {
      "date": "2021-12-31T00:00:00",
      "quarter_label": "2021-12 (Q4)",
      "revenue": 1960633000,
      "gross_profit": null,
      "operating_income": 158296000,
      "net_income": 133475000,
      "opex": 1802337000,
      "cogs": null,
      "rd": null,
      "sga": null,
      "fcf": 316514000,
      "ocf": 438420000,
      "capex": -121906000,
      "gross_margin": null,
      "op_margin": 0.08073719048899003,
      "fcf_margin": 0.16143459790792056,
      "incr_op_margin_yoy": 0.1173343760537001,
      "rev_growth_yoy": 0.21951906749351563,
      "fcf_margin_change": 0.07315120101756219
    },
    {
      "date": "2022-03-31T00:00:00",
      "quarter_label": "2022-03 (Q1)",
      "revenue": 2020539000,
      "gross_profit": null,
      "operating_income": 190221000,
      "net_income": 158294000,
      "opex": 1830318000,
      "cogs": null,
      "rd": null,
      "sga": null,
      "fcf": 186740000,
      "ocf": 282902000,
      "capex": -96162000,
      "gross_margin": null,
      "op_margin": 0.09414369136156243,
      "fcf_margin": 0.09242088373448867,
      "incr_op_margin_yoy": 0.10316384909880845,
      "rev_growth_yoy": 0.1601791481848327,
      "rev_growth_yoy_accel": -0.05933991930868293,
      "op_leverage_ratio": 1.968098276207661,
      "fcf_margin_change": -0.06901371417343188
    },
    {
      "date": "2022-06-30T00:00:00",
      "quarter_label": "2022-06 (Q2)",
      "revenue": 2213339000,
      "gross_profit": null,
      "operating_income": 337598000,
      "net_income": 259942000,
      "opex": 1875741000,
      "cogs": null,
      "rd": null,
      "sga": null,
      "fcf": 186453000,
      "ocf": 286786000,
      "capex": -100333000,
      "gross_margin": null,
      "op_margin": 0.15252882635692047,
      "fcf_margin": 0.08424059757678332,
      "incr_op_margin_yoy": 0.2870097038350878,
      "rev_growth_yoy": 0.16950835333293177,
      "rev_growth_yoy_accel": 0.009329205148099068,
      "op_leverage_ratio": 3.844948512988811,
      "fcf_margin_change": -0.008180286157705358
    },
    {
      "date": "2022-09-30T00:00:00",
      "quarter_label": "2022-09 (Q3)",
      "revenue": 2220175000,
      "gross_profit": null,
      "operating_income": 336253000,
      "net_income": 257138000,
      "opex": 1883922000,
      "cogs": null,
      "rd": null,
      "sga": null,
      "fcf": 212895000,
      "ocf": 351918000,
      "capex": -139023000,
      "gross_margin": null,
      "op_margin": 0.15145337642302972,
      "fcf_margin": 0.09589108966635514,
      "incr_op_margin_yoy": 0.36053535428955424,
      "rev_growth_yoy": 0.13720122008999572,
      "rev_growth_yoy_accel": -0.03230713324293605,
      "fcf_margin_change": 0.01165049208957182
    },
    {
      "date": "2022-12-31T00:00:00",
      "quarter_label": "2022-12 (Q4)",
      "revenue": 2180599000,
      "gross_profit": null,
      "operating_income": 296331000,
      "net_income": 223727000,
      "opex": 1884268000,
      "cogs": null,
      "rd": null,
      "sga": null,
      "fcf": 257927000,
      "ocf": 401573000,
      "capex": -143646000,
      "gross_margin": null,
      "op_margin": 0.13589431160887444,
      "fcf_margin": 0.11828263701854398,
      "incr_op_margin_yoy": 0.62752879990544,
      "rev_growth_yoy": 0.11219131780399494,
      "rev_growth_yoy_accel": -0.02500990228600078,
      "fcf_margin_change": 0.022391547352188845
    },
    {
      "date": "2023-03-31T00:00:00",
      "quarter_label": "2023-03 (Q1)",
      "revenue": 2368580000,
      "gross_profit": null,
      "operating_income": 367606000,
      "net_income": 291644000,
      "opex": 2000974000,
      "cogs": null,
      "rd": null,
      "sga": null,
      "fcf": 334667000,
      "ocf": 455036000,
      "capex": -120369000,
      "gross_margin": null,
      "op_margin": 0.15520100651022975,
      "fcf_margin": 0.14129436202281537,
      "incr_op_margin_yoy": 0.5096669645242945,
      "rev_growth_yoy": 0.17225156257810417,
      "rev_growth_yoy_accel": 0.060060244774109234,
      "op_leverage_ratio": 1.391834622122703,
      "fcf_margin_change": 0.023011725004271386
    },
    {
      "date": "2023-06-30T00:00:00",
      "quarter_label": "2023-06 (Q2)",
      "revenue": 2514801000,
      "gross_profit": null,
      "operating_income": 431810000,
      "net_income": 341790000,
      "opex": 2082991000,
      "cogs": null,
      "rd": null,
      "sga": null,
      "fcf": 445278000,
      "ocf": 582510000,
      "capex": -137232000,
      "gross_margin": null,
      "op_margin": 0.17170742337067624,
      "fcf_margin": 0.17706291670792243,
      "incr_op_margin_yoy": 0.3125170004843065,
      "rev_growth_yoy": 0.13620236213250658,
      "rev_growth_yoy_accel": -0.03604920044559759,
      "op_leverage_ratio": 1.5061188976318045,
      "fcf_margin_change": 0.03576855468510706
    },
    {
      "date": "2023-09-30T00:00:00",
      "quarter_label": "2023-09 (Q3)",
      "revenue": 2471948000,
      "gross_profit": null,
      "operating_income": 394950000,
      "net_income": 313217000,
      "opex": 2076998000,
      "cogs": null,
      "rd": null,
      "sga": null,
      "fcf": 349272000,
      "ocf": 480472000,
      "capex": -131200000,
      "gross_margin": null,
      "op_margin": 0.15977277839177847,
      "fcf_margin": 0.1412942343447354,
      "incr_op_margin_yoy": 0.23313460935048635,
      "rev_growth_yoy": 0.11340232188904027,
      "rev_growth_yoy_accel": -0.02280004024346631,
      "fcf_margin_change": -0.03576868236318703
    },
    {
      "date": "2023-12-31T00:00:00",
      "quarter_label": "2023-12 (Q4)",
      "revenue": 2516320000,
      "gross_profit": null,
      "operating_income": 363447000,
      "net_income": 282086000,
      "opex": 2152873000,
      "cogs": null,
      "rd": null,
      "sga": null,
      "fcf": 93529000,
      "ocf": 265459000,
      "capex": -171930000,
      "gross_margin": null,
      "op_margin": 0.14443592229923063,
      "fcf_margin": 0.037168961022445476,
      "incr_op_margin_yoy": 0.1999160016799664,
      "rev_growth_yoy": 0.15395815553432796,
      "rev_growth_yoy_accel": 0.040555833645287684,
      "op_leverage_ratio": 0.49136820134695236,
      "fcf_margin_change": -0.10412527332228992
    },
    {
      "date": "2024-03-31T00:00:00",
      "quarter_label": "2024-03 (Q1)",
      "revenue": 2701848000,
      "gross_profit": null,
      "operating_income": 441292000,
      "net_income": 359287000,
      "opex": 2260556000,
      "cogs": null,
      "rd": null,
      "sga": null,
      "fcf": 436531000,
      "ocf": 569234000,
      "capex": -132703000,
      "gross_margin": null,
      "op_margin": 0.16332969138160253,
      "fcf_margin": 0.16156756412647935,
      "incr_op_margin_yoy": 0.22110133586182892,
      "rev_growth_yoy": 0.1407037127730539,
      "rev_growth_yoy_accel": -0.013254442761274049,
      "op_leverage_ratio": 1.4740589713108694,
      "fcf_margin_change": 0.12439860310403388
    },
    {
      "date": "2024-06-30T00:00:00",
      "quarter_label": "2024-06 (Q2)",
      "revenue": 2973117000,
      "gross_profit": null,
      "operating_income": 586053000,
      "net_income": 455671000,
      "opex": 2387064000,
      "cogs": null,
      "rd": null,
      "sga": null,
      "fcf": 422088000,
      "ocf": 562578000,
      "capex": -140490000,
      "gross_margin": null,
      "op_margin": 0.1971173687412907,
      "fcf_margin": 0.1419681768325969,
      "incr_op_margin_yoy": 0.3365429092591138,
      "rev_growth_yoy": 0.18224742236065597,
      "rev_growth_yoy_accel": 0.04154370958760206,
      "op_leverage_ratio": 1.7940582251604964,
      "fcf_margin_change": -0.019599387293882442
    },
    {
      "date": "2024-09-30T00:00:00",
      "quarter_label": "2024-09 (Q3)",
      "revenue": 2793576000,
      "gross_profit": null,
      "operating_income": 473256000,
      "net_income": 387388000,
      "opex": 2320320000,
      "cogs": null,
      "rd": null,
      "sga": null,
      "fcf": 298969000,
      "ocf": 446494000,
      "capex": -147525000,
      "gross_margin": null,
      "op_margin": 0.16940867189580666,
      "fcf_margin": 0.10702017772203083,
      "incr_op_margin_yoy": 0.2434676085415449,
      "rev_growth_yoy": 0.13011115120544606,
      "rev_growth_yoy_accel": -0.05213627115520991,
      "fcf_margin_change": -0.03494799911056608
    },
    {
      "date": "2024-12-31T00:00:00",
      "quarter_label": "2024-12 (Q4)",
      "revenue": 2845310000,
      "gross_profit": null,
      "operating_income": 415732000,
      "net_income": 331764000,
      "opex": 2429578000,
      "cogs": null,
      "rd": null,
      "sga": null,
      "fcf": 353885000,
      "ocf": 526770000,
      "capex": -172885000,
      "gross_margin": null,
      "op_margin": 0.14611132003191216,
      "fcf_margin": 0.1243748484347927,
      "incr_op_margin_yoy": 0.15892580321590322,
      "rev_growth_yoy": 0.13074251287594582,
      "rev_growth_yoy_accel": 0.0006313616704997638,
      "op_leverage_ratio": 0.39328755576838625,
      "fcf_margin_change": 0.017354670712761866
    },
    {
      "date": "2025-03-31T00:00:00",
      "quarter_label": "2025-03 (Q1)",
      "revenue": 2875253000,
      "gross_profit": null,
      "operating_income": 479250000,
      "net_income": 386599000,
      "opex": 2396003000,
      "cogs": null,
      "rd": null,
      "sga": null,
      "fcf": 412265000,
      "ocf": 557075000,
      "capex": -144810000,
      "gross_margin": null,
      "op_margin": 0.16668098424729927,
      "fcf_margin": 0.14338390395558234,
      "incr_op_margin_yoy": 0.21889795565295117,
      "rev_growth_yoy": 0.06418014632947523,
      "rev_growth_yoy_accel": -0.06656236654647059,
      "op_leverage_ratio": Infinity,
      "fcf_margin_change": 0.019009055520789644
    },
    {
      "date": "2025-06-30T00:00:00",
      "quarter_label": "2025-06 (Q2)",
      "revenue": 3063393000,
      "gross_profit": null,
      "operating_income": 559057000,
      "net_income": 436127000,
      "opex": 2504336000,
      "cogs": null,
      "rd": null,
      "sga": null,
      "fcf": 400742000,
      "ocf": 561327000,
      "capex": -160585000,
      "gross_margin": null,
      "op_margin": 0.18249601014300157,
      "fcf_margin": 0.13081638562208636,
      "incr_op_margin_yoy": -0.2990385041428508,
      "rev_growth_yoy": 0.030364092634094116,
      "rev_growth_yoy_accel": -0.03381605369538111,
      "op_leverage_ratio": 1.4472103571738355,
      "fcf_margin_change": -0.01256751833349598
    },
    {
      "date": "2025-09-30T00:00:00",
      "quarter_label": "2025-09 (Q3)",
      "revenue": 3003444000,
      "gross_profit": null,
      "operating_income": 477172000,
      "net_income": 382103000,
      "opex": 2526272000,
      "cogs": null,
      "rd": null,
      "sga": null,
      "fcf": 406194000,
      "ocf": 569680000,
      "capex": -163486000,
      "gross_margin": null,
      "op_margin": 0.15887494489659204,
      "fcf_margin": 0.13524274133294978,
      "incr_op_margin_yoy": 0.018659347780509653,
      "rev_growth_yoy": 0.07512521585236986,
      "rev_growth_yoy_accel": 0.044761123218275745,
      "fcf_margin_change": 0.004426355710863417
    }
  ],
  "signals": [
    {
      "quarter": "2025-03 (Q1)",
      "signal": "YoY REVENUE GROWTH DECELERATION",
      "detail": "YoY growth: +6.4% vs prior quarter YoY: +13.1% (decel: -6.7%)",
      "severity": "WARNING"
    },
    {
      "quarter": "2024-09 (Q3)",
      "signal": "YoY REVENUE GROWTH DECELERATION",
      "detail": "YoY growth: +13.0% vs prior quarter YoY: +18.2% (decel: -5.2%)",
      "severity": "WARNING"
    },
    {
      "quarter": "2024-06 (Q2)",
      "signal": "OPERATING LEVERAGE",
      "detail": "Rev growth +10.0% vs OpEx growth +5.6% (leverage: 1.8x)",
      "severity": "MEDIUM"
    },
    {
      "quarter": "2024-06 (Q2)",
      "signal": "INCREMENTAL MARGIN (YoY)",
      "detail": "YoY Incr OPM: +33.7% vs year-ago OPM: +17.2%",
      "severity": "MEDIUM"
    },
    {
      "quarter": "2024-03 (Q1)",
      "signal": "FCF MARGIN EXPANSION",
      "detail": "FCF margin: +3.7% -> +16.2% (+12.4%)",
      "severity": "MEDIUM"
    },
    {
      "quarter": "2023-06 (Q2)",
      "signal": "OPERATING LEVERAGE",
      "detail": "Rev growth +6.2% vs OpEx growth +4.1% (leverage: 1.5x)",
      "severity": "MEDIUM"
    },
    {
      "quarter": "2023-06 (Q2)",
      "signal": "INCREMENTAL MARGIN (YoY)",
      "detail": "YoY Incr OPM: +31.3% vs year-ago OPM: +15.3%",
      "severity": "MEDIUM"
    },
    {
      "quarter": "2023-03 (Q1)",
      "signal": "YoY REVENUE GROWTH ACCELERATION",
      "detail": "YoY growth: +17.2% vs prior quarter YoY: +11.2% (accel: +6.0%)",
      "severity": "MEDIUM"
    },
    {
      "quarter": "2023-03 (Q1)",
      "signal": "INCREMENTAL MARGIN (YoY)",
      "detail": "YoY Incr OPM: +51.0% vs year-ago OPM: +9.4%",
      "severity": "HIGH"
    },
    {
      "quarter": "2022-12 (Q4)",
      "signal": "INCREMENTAL MARGIN (YoY)",
      "detail": "YoY Incr OPM: +62.8% vs year-ago OPM: +8.1%",
      "severity": "HIGH"
    },
    {
      "quarter": "2022-09 (Q3)",
      "signal": "INCREMENTAL MARGIN (YoY)",
      "detail": "YoY Incr OPM: +36.1% vs year-ago OPM: +12.3%",
      "severity": "HIGH"
    },
    {
      "quarter": "2022-06 (Q2)",
      "signal": "OPERATING LEVERAGE",
      "detail": "Rev growth +9.5% vs OpEx growth +2.5% (leverage: 3.8x)",
      "severity": "MEDIUM"
    },
    {
      "quarter": "2022-06 (Q2)",
      "signal": "INCREMENTAL MARGIN (YoY)",
      "detail": "YoY Incr OPM: +28.7% vs year-ago OPM: +13.0%",
      "severity": "MEDIUM"
    },
    {
      "quarter": "2022-03 (Q1)",
      "signal": "OPERATING LEVERAGE",
      "detail": "Rev growth +3.1% vs OpEx growth +1.6% (leverage: 2.0x)",
      "severity": "MEDIUM"
    },
    {
      "quarter": "2022-03 (Q1)",
      "signal": "YoY REVENUE GROWTH DECELERATION",
      "detail": "YoY growth: +16.0% vs prior quarter YoY: +22.0% (decel: -5.9%)",
      "severity": "WARNING"
    },
    {
      "quarter": "2021-12 (Q4)",
      "signal": "FCF MARGIN EXPANSION",
      "detail": "FCF margin: +8.8% -> +16.1% (+7.3%)",
      "severity": "MEDIUM"
    },
    {
      "quarter": "2021-06 (Q2)",
      "signal": "OPERATING LEVERAGE",
      "detail": "Rev growth +8.7% vs OpEx growth +4.2% (leverage: 2.0x)",
      "severity": "MEDIUM"
    },
    {
      "quarter": "2021-03 (Q1)",
      "signal": "FCF TURNED POSITIVE",
      "detail": "FCF margin: -0.7% -> +12.6%",
      "severity": "HIGH"
    }
  ],
  "data_quality": {
    "n_quarters": 20,
    "coverage": {
      "revenue": [
        20,
        20
      ],
      "gross_profit": [
        0,
        20
      ],
      "op_income": [
        20,
        20
      ],
      "fcf": [
        20,
        20
      ]
    },
    "gaps": [],
    "warnings": [
      "gross_profit: no data"
    ]
  },
  "market_cap": null,
  "source": "SEC EDGAR",
  "last_updated": "2026-02-02T19:58:50.507276",
  "sector": "Consumer Cyclical",
  "industry": "Restaurants"
}