{
  "ticker": "CMLS",
  "name": "Cumulus Media Inc",
  "quarters": [
    {
      "date": "2020-12-31T00:00:00",
      "quarter_label": "2020-12 (Q4)",
      "revenue": 245897000,
      "gross_profit": null,
      "operating_income": 18424000,
      "net_income": -249000,
      "opex": 227473000,
      "cogs": null,
      "rd": null,
      "sga": 97839000,
      "fcf": -33336000,
      "ocf": -28027000,
      "capex": -5309000,
      "gross_margin": null,
      "op_margin": 0.07492568026450099,
      "fcf_margin": -0.13556895773433592
    },
    {
      "date": "2021-03-31T00:00:00",
      "quarter_label": "2021-03 (Q1)",
      "revenue": 201728000,
      "gross_profit": null,
      "operating_income": -8579000,
      "net_income": -21917000,
      "opex": 210307000,
      "cogs": null,
      "rd": null,
      "sga": 90098000,
      "fcf": 23056000,
      "ocf": 25946000,
      "capex": -2890000,
      "gross_margin": null,
      "op_margin": -0.04252756186548223,
      "fcf_margin": 0.11429251269035533,
      "fcf_margin_change": 0.24986147042469126
    },
    {
      "date": "2021-06-30T00:00:00",
      "quarter_label": "2021-06 (Q2)",
      "revenue": 224718000,
      "gross_profit": null,
      "operating_income": 12625000,
      "net_income": -5891000,
      "opex": 212093000,
      "cogs": null,
      "rd": null,
      "sga": 93063000,
      "fcf": -14336000,
      "ocf": -5255000,
      "capex": -9081000,
      "gross_margin": null,
      "op_margin": 0.05618152528947392,
      "fcf_margin": -0.06379551259801174,
      "op_leverage_ratio": 13.419769679332271,
      "fcf_margin_change": -0.17808802528836706
    },
    {
      "date": "2021-09-30T00:00:00",
      "quarter_label": "2021-09 (Q3)",
      "revenue": 237716000,
      "gross_profit": null,
      "operating_income": 47808000,
      "net_income": 27448000,
      "opex": 189908000,
      "cogs": null,
      "rd": null,
      "sga": 93213000,
      "fcf": 2511000,
      "ocf": 12528000,
      "capex": -10017000,
      "gross_margin": null,
      "op_margin": 0.20111393427451243,
      "fcf_margin": 0.010563024785878948,
      "op_leverage_ratio": Infinity,
      "fcf_margin_change": 0.07435853738389069
    },
    {
      "date": "2021-12-31T00:00:00",
      "quarter_label": "2021-12 (Q4)",
      "revenue": 252304000,
      "gross_profit": null,
      "operating_income": 17262000,
      "net_income": 17638000,
      "opex": 235042000,
      "cogs": null,
      "rd": null,
      "sga": 100457000,
      "fcf": 28196000,
      "ocf": 35299000,
      "capex": -7103000,
      "gross_margin": null,
      "op_margin": 0.06841746464582409,
      "fcf_margin": 0.11175407444987,
      "incr_op_margin_yoy": -0.18136413297955362,
      "rev_growth_yoy": 0.026055624916123416,
      "op_leverage_ratio": 0.25821221090094854,
      "fcf_margin_change": 0.10119104966399105
    },
    {
      "date": "2022-03-31T00:00:00",
      "quarter_label": "2022-03 (Q1)",
      "revenue": 232032000,
      "gross_profit": null,
      "operating_income": 14803000,
      "net_income": -905000,
      "opex": 217229000,
      "cogs": null,
      "rd": null,
      "sga": 95292000,
      "fcf": 19053000,
      "ocf": 24322000,
      "capex": -5269000,
      "gross_margin": null,
      "op_margin": 0.06379723486415667,
      "fcf_margin": 0.0821136739760033,
      "incr_op_margin_yoy": 0.7715813093980992,
      "rev_growth_yoy": 0.1502220812182741,
      "rev_growth_yoy_accel": 0.12416645630215069,
      "fcf_margin_change": -0.029640400473866693
    },
    {
      "date": "2022-06-30T00:00:00",
      "quarter_label": "2022-06 (Q2)",
      "revenue": 236741000,
      "gross_profit": null,
      "operating_income": 27090000,
      "net_income": 8654000,
      "opex": 209651000,
      "cogs": null,
      "rd": null,
      "sga": 96835000,
      "fcf": -138000,
      "ocf": 6202000,
      "capex": -6340000,
      "gross_margin": null,
      "op_margin": 0.114428848403952,
      "fcf_margin": -0.000582915506819689,
      "incr_op_margin_yoy": 1.203110704483074,
      "rev_growth_yoy": 0.0535026121627996,
      "rev_growth_yoy_accel": -0.0967194690554745,
      "op_leverage_ratio": Infinity,
      "fcf_margin_change": -0.08269658948282299
    },
    {
      "date": "2022-09-30T00:00:00",
      "quarter_label": "2022-09 (Q3)",
      "revenue": 233463000,
      "gross_profit": null,
      "operating_income": 28423000,
      "net_income": 8540000,
      "opex": 205040000,
      "cogs": null,
      "rd": null,
      "sga": 93200000,
      "fcf": 17041000,
      "ocf": 23992000,
      "capex": -6951000,
      "gross_margin": null,
      "op_margin": 0.12174520159511357,
      "fcf_margin": 0.07299229428217748,
      "incr_op_margin_yoy": 4.557959087702798,
      "rev_growth_yoy": -0.017891096939204765,
      "rev_growth_yoy_accel": -0.07139370910200436,
      "fcf_margin_change": 0.07357520978899716
    },
    {
      "date": "2022-12-31T00:00:00",
      "quarter_label": "2022-12 (Q4)",
      "revenue": 251270000,
      "gross_profit": null,
      "operating_income": 9473000,
      "net_income": -54000,
      "opex": 241797000,
      "cogs": null,
      "rd": null,
      "sga": 98048000,
      "fcf": 11462000,
      "ocf": 23964000,
      "capex": -12502000,
      "gross_margin": null,
      "op_margin": 0.037700481553707164,
      "fcf_margin": 0.0456162693516934,
      "incr_op_margin_yoy": 7.532882011605416,
      "rev_growth_yoy": -0.004098230705815207,
      "rev_growth_yoy_accel": 0.013792866233389559,
      "op_leverage_ratio": 0.42547224189122645,
      "fcf_margin_change": -0.027376024930484077
    },
    {
      "date": "2023-03-31T00:00:00",
      "quarter_label": "2023-03 (Q1)",
      "revenue": 205692000,
      "gross_profit": null,
      "operating_income": 1035000,
      "net_income": -21467000,
      "opex": 204657000,
      "cogs": null,
      "rd": null,
      "sga": 94301000,
      "fcf": 16286000,
      "ocf": 23658000,
      "capex": -7372000,
      "gross_margin": null,
      "op_margin": 0.00503179511113704,
      "fcf_margin": 0.07917663302413316,
      "incr_op_margin_yoy": 0.522703113135915,
      "rev_growth_yoy": -0.1135188249896566,
      "rev_growth_yoy_accel": -0.10942059428384139,
      "fcf_margin_change": 0.033560363672439766
    },
    {
      "date": "2023-06-30T00:00:00",
      "quarter_label": "2023-06 (Q2)",
      "revenue": 210136000,
      "gross_profit": null,
      "operating_income": 3221000,
      "net_income": -1068000,
      "opex": 206915000,
      "cogs": null,
      "rd": null,
      "sga": 94401000,
      "fcf": 4927000,
      "ocf": 11530000,
      "capex": -6603000,
      "gross_margin": null,
      "op_margin": 0.015328168424258576,
      "fcf_margin": 0.02344672021928656,
      "incr_op_margin_yoy": 0.8971621875587296,
      "rev_growth_yoy": -0.11238019607925961,
      "rev_growth_yoy_accel": 0.0011386289103969827,
      "op_leverage_ratio": 1.9582102314110306,
      "fcf_margin_change": -0.055729912804846606
    },
    {
      "date": "2023-09-30T00:00:00",
      "quarter_label": "2023-09 (Q3)",
      "revenue": 207419000,
      "gross_profit": null,
      "operating_income": 17583000,
      "net_income": 2722000,
      "opex": 189836000,
      "cogs": null,
      "rd": null,
      "sga": 91834000,
      "fcf": -13849000,
      "ocf": -6798000,
      "capex": -7051000,
      "gross_margin": null,
      "op_margin": 0.08477044050930725,
      "fcf_margin": -0.06676823241843804,
      "incr_op_margin_yoy": 0.41621870680387035,
      "rev_growth_yoy": -0.11155515006660584,
      "rev_growth_yoy_accel": 0.0008250460126537768,
      "fcf_margin_change": -0.09021495263772461
    },
    {
      "date": "2023-12-31T00:00:00",
      "quarter_label": "2023-12 (Q4)",
      "revenue": 221301000,
      "gross_profit": null,
      "operating_income": -63117000,
      "net_income": -98066000,
      "opex": 284418000,
      "cogs": null,
      "rd": null,
      "sga": 96496000,
      "fcf": -517000,
      "ocf": 3271000,
      "capex": -3788000,
      "gross_margin": null,
      "op_margin": -0.28520883321810564,
      "fcf_margin": -0.0023361846534810057,
      "incr_op_margin_yoy": 2.4221695752277355,
      "rev_growth_yoy": -0.11927010785211127,
      "rev_growth_yoy_accel": -0.007714957785505433,
      "op_leverage_ratio": 0.13433017640618508,
      "fcf_margin_change": 0.06443204776495703
    },
    {
      "date": "2024-03-31T00:00:00",
      "quarter_label": "2024-03 (Q1)",
      "revenue": 200053000,
      "gross_profit": null,
      "operating_income": -10474000,
      "net_income": -14154000,
      "opex": 210527000,
      "cogs": null,
      "rd": null,
      "sga": 94760000,
      "fcf": -24273000,
      "ocf": -16107000,
      "capex": -8166000,
      "gross_margin": null,
      "op_margin": -0.052356125626708924,
      "fcf_margin": -0.12133284679559916,
      "incr_op_margin_yoy": 2.040964710054974,
      "rev_growth_yoy": -0.027414775489566924,
      "rev_growth_yoy_accel": 0.09185533236254434,
      "fcf_margin_change": -0.11899666214211815
    },
    {
      "date": "2024-06-30T00:00:00",
      "quarter_label": "2024-06 (Q2)",
      "revenue": 204849000,
      "gross_profit": null,
      "operating_income": -9583000,
      "net_income": -27699000,
      "opex": 214432000,
      "cogs": null,
      "rd": null,
      "sga": 94359000,
      "fcf": -12336000,
      "ocf": -7949000,
      "capex": -4387000,
      "gross_margin": null,
      "op_margin": -0.046780799515740865,
      "fcf_margin": -0.0602199669024501,
      "incr_op_margin_yoy": 2.4217892944959334,
      "rev_growth_yoy": -0.02515989644801462,
      "rev_growth_yoy_accel": 0.0022548790415523046,
      "op_leverage_ratio": 1.2924711852767468,
      "fcf_margin_change": 0.061112879893149064
    },
    {
      "date": "2024-09-30T00:00:00",
      "quarter_label": "2024-09 (Q3)",
      "revenue": 203598000,
      "gross_profit": null,
      "operating_income": 6679000,
      "net_income": -10321000,
      "opex": 196919000,
      "cogs": null,
      "rd": null,
      "sga": 93890000,
      "fcf": 598000,
      "ocf": 3926000,
      "capex": -3328000,
      "gross_margin": null,
      "op_margin": 0.03280484091199324,
      "fcf_margin": 0.0029371604829124057,
      "incr_op_margin_yoy": 2.853703219052604,
      "rev_growth_yoy": -0.018421648932836432,
      "rev_growth_yoy_accel": 0.006738247515178188,
      "fcf_margin_change": 0.0631571273853625
    },
    {
      "date": "2024-12-31T00:00:00",
      "quarter_label": "2024-12 (Q4)",
      "revenue": 218576000,
      "gross_profit": null,
      "operating_income": -226286000,
      "net_income": -231080000,
      "opex": 444862000,
      "cogs": null,
      "rd": null,
      "sga": 93827000,
      "fcf": 13428000,
      "ocf": 17011000,
      "capex": -3583000,
      "gross_margin": null,
      "op_margin": -1.0352737720518264,
      "fcf_margin": 0.06143400922333651,
      "incr_op_margin_yoy": 59.87853211009174,
      "rev_growth_yoy": -0.012313545804131024,
      "rev_growth_yoy_accel": 0.006108103128705408,
      "op_leverage_ratio": 0.0584273364959695,
      "fcf_margin_change": 0.0584968487404241
    },
    {
      "date": "2025-03-31T00:00:00",
      "quarter_label": "2025-03 (Q1)",
      "revenue": 187349000,
      "gross_profit": null,
      "operating_income": -14774000,
      "net_income": -32367000,
      "opex": 202123000,
      "cogs": null,
      "rd": null,
      "sga": 93379000,
      "fcf": -9364000,
      "ocf": -3824000,
      "capex": -5540000,
      "gross_margin": null,
      "op_margin": -0.0788581737826196,
      "fcf_margin": -0.049981585169923515,
      "incr_op_margin_yoy": 0.3384760705289673,
      "rev_growth_yoy": -0.06350317165951024,
      "rev_growth_yoy_accel": -0.051189625855379214,
      "fcf_margin_change": -0.11141559439326001
    },
    {
      "date": "2025-06-30T00:00:00",
      "quarter_label": "2025-06 (Q2)",
      "revenue": 186017000,
      "gross_profit": null,
      "operating_income": 3678000,
      "net_income": -12821000,
      "opex": 182339000,
      "cogs": null,
      "rd": null,
      "sga": 93227000,
      "fcf": -9231000,
      "ocf": -3703000,
      "capex": -5528000,
      "gross_margin": null,
      "op_margin": 0.019772386394791872,
      "fcf_margin": -0.049624496685786786,
      "incr_op_margin_yoy": -0.7041737468139337,
      "rev_growth_yoy": -0.09193112975899322,
      "rev_growth_yoy_accel": -0.02842795809948298,
      "fcf_margin_change": 0.00035708848413672917
    },
    {
      "date": "2025-09-30T00:00:00",
      "quarter_label": "2025-09 (Q3)",
      "revenue": 180255000,
      "gross_profit": null,
      "operating_income": -4309000,
      "net_income": -20407000,
      "opex": 184564000,
      "cogs": null,
      "rd": null,
      "sga": 93797000,
      "fcf": -5053000,
      "ocf": -659000,
      "capex": -4394000,
      "gross_margin": null,
      "op_margin": -0.02390502343901695,
      "fcf_margin": -0.028032509500429948,
      "incr_op_margin_yoy": 0.470719273443859,
      "rev_growth_yoy": -0.11465240326525801,
      "rev_growth_yoy_accel": -0.022721273506264794,
      "fcf_margin_change": 0.021591987185356838
    }
  ],
  "signals": [
    {
      "quarter": "2025-06 (Q2)",
      "signal": "OP MARGIN TURNED POSITIVE (YoY)",
      "detail": "Op margin: -4.7% (year-ago) -> +2.0%",
      "severity": "HIGH"
    },
    {
      "quarter": "2025-06 (Q2)",
      "signal": "OP MARGIN TURNED POSITIVE (QoQ)",
      "detail": "Op margin: -7.9% -> +2.0%",
      "severity": "HIGH"
    },
    {
      "quarter": "2025-03 (Q1)",
      "signal": "YoY REVENUE GROWTH DECELERATION",
      "detail": "YoY growth: -6.4% vs prior quarter YoY: -1.2% (decel: -5.1%)",
      "severity": "WARNING"
    },
    {
      "quarter": "2024-12 (Q4)",
      "signal": "FCF MARGIN EXPANSION",
      "detail": "FCF margin: +0.3% -> +6.1% (+5.8%)",
      "severity": "MEDIUM"
    },
    {
      "quarter": "2024-09 (Q3)",
      "signal": "FCF TURNED POSITIVE",
      "detail": "FCF margin: -6.0% -> +0.3%",
      "severity": "HIGH"
    },
    {
      "quarter": "2024-09 (Q3)",
      "signal": "INCREMENTAL MARGIN (YoY)",
      "detail": "YoY Incr OPM: +285.4% vs year-ago OPM: +8.5%",
      "severity": "HIGH"
    },
    {
      "quarter": "2024-09 (Q3)",
      "signal": "OP MARGIN TURNED POSITIVE (QoQ)",
      "detail": "Op margin: -4.7% -> +3.3%",
      "severity": "HIGH"
    },
    {
      "quarter": "2024-06 (Q2)",
      "signal": "FCF MARGIN EXPANSION",
      "detail": "FCF margin: -12.1% -> -6.0% (+6.1%)",
      "severity": "MEDIUM"
    },
    {
      "quarter": "2024-03 (Q1)",
      "signal": "YoY REVENUE GROWTH ACCELERATION",
      "detail": "YoY growth: -2.7% vs prior quarter YoY: -11.9% (accel: +9.2%)",
      "severity": "MEDIUM"
    },
    {
      "quarter": "2023-12 (Q4)",
      "signal": "FCF MARGIN EXPANSION",
      "detail": "FCF margin: -6.7% -> -0.2% (+6.4%)",
      "severity": "MEDIUM"
    },
    {
      "quarter": "2023-09 (Q3)",
      "signal": "INCREMENTAL MARGIN (YoY)",
      "detail": "YoY Incr OPM: +41.6% vs year-ago OPM: +12.2%",
      "severity": "HIGH"
    },
    {
      "quarter": "2023-06 (Q2)",
      "signal": "OPERATING LEVERAGE",
      "detail": "Rev growth +2.2% vs OpEx growth +1.1% (leverage: 2.0x)",
      "severity": "MEDIUM"
    },
    {
      "quarter": "2023-06 (Q2)",
      "signal": "INCREMENTAL MARGIN (YoY)",
      "detail": "YoY Incr OPM: +89.7% vs year-ago OPM: +11.4%",
      "severity": "HIGH"
    },
    {
      "quarter": "2023-03 (Q1)",
      "signal": "YoY REVENUE GROWTH DECELERATION",
      "detail": "YoY growth: -11.4% vs prior quarter YoY: -0.4% (decel: -10.9%)",
      "severity": "WARNING"
    },
    {
      "quarter": "2023-03 (Q1)",
      "signal": "INCREMENTAL MARGIN (YoY)",
      "detail": "YoY Incr OPM: +52.3% vs year-ago OPM: +6.4%",
      "severity": "HIGH"
    },
    {
      "quarter": "2022-12 (Q4)",
      "signal": "INCREMENTAL MARGIN (YoY)",
      "detail": "YoY Incr OPM: +753.3% vs year-ago OPM: +6.8%",
      "severity": "HIGH"
    },
    {
      "quarter": "2022-09 (Q3)",
      "signal": "FCF TURNED POSITIVE",
      "detail": "FCF margin: -0.1% -> +7.3%",
      "severity": "HIGH"
    },
    {
      "quarter": "2022-09 (Q3)",
      "signal": "YoY REVENUE GROWTH DECELERATION",
      "detail": "YoY growth: -1.8% vs prior quarter YoY: +5.4% (decel: -7.1%)",
      "severity": "WARNING"
    },
    {
      "quarter": "2022-09 (Q3)",
      "signal": "INCREMENTAL MARGIN (YoY)",
      "detail": "YoY Incr OPM: +455.8% vs year-ago OPM: +20.1%",
      "severity": "HIGH"
    },
    {
      "quarter": "2022-06 (Q2)",
      "signal": "YoY REVENUE GROWTH DECELERATION",
      "detail": "YoY growth: +5.4% vs prior quarter YoY: +15.0% (decel: -9.7%)",
      "severity": "WARNING"
    },
    {
      "quarter": "2022-06 (Q2)",
      "signal": "INCREMENTAL MARGIN (YoY)",
      "detail": "YoY Incr OPM: +120.3% vs year-ago OPM: +5.6%",
      "severity": "HIGH"
    },
    {
      "quarter": "2022-03 (Q1)",
      "signal": "YoY REVENUE GROWTH ACCELERATION",
      "detail": "YoY growth: +15.0% vs prior quarter YoY: +2.6% (accel: +12.4%)",
      "severity": "MEDIUM"
    },
    {
      "quarter": "2022-03 (Q1)",
      "signal": "OP MARGIN TURNED POSITIVE (YoY)",
      "detail": "Op margin: -4.3% (year-ago) -> +6.4%",
      "severity": "HIGH"
    },
    {
      "quarter": "2021-12 (Q4)",
      "signal": "FCF MARGIN EXPANSION",
      "detail": "FCF margin: +1.1% -> +11.2% (+10.1%)",
      "severity": "MEDIUM"
    },
    {
      "quarter": "2021-09 (Q3)",
      "signal": "FCF TURNED POSITIVE",
      "detail": "FCF margin: -6.4% -> +1.1%",
      "severity": "HIGH"
    },
    {
      "quarter": "2021-06 (Q2)",
      "signal": "OPERATING LEVERAGE",
      "detail": "Rev growth +11.4% vs OpEx growth +0.8% (leverage: 13.4x)",
      "severity": "MEDIUM"
    },
    {
      "quarter": "2021-06 (Q2)",
      "signal": "OP MARGIN TURNED POSITIVE (QoQ)",
      "detail": "Op margin: -4.3% -> +5.6%",
      "severity": "HIGH"
    },
    {
      "quarter": "2021-03 (Q1)",
      "signal": "FCF TURNED POSITIVE",
      "detail": "FCF margin: -13.6% -> +11.4%",
      "severity": "HIGH"
    }
  ],
  "data_quality": {
    "n_quarters": 20,
    "coverage": {
      "revenue": [
        20,
        20
      ],
      "gross_profit": [
        0,
        20
      ],
      "op_income": [
        20,
        20
      ],
      "fcf": [
        20,
        20
      ]
    },
    "gaps": [],
    "warnings": [
      "gross_profit: no data"
    ]
  },
  "market_cap": null,
  "source": "SEC EDGAR",
  "last_updated": "2026-02-03T00:29:34.921642"
}