{
  "ticker": "CMRC",
  "name": "Commerce.com, Inc.",
  "quarters": [
    {
      "date": "2020-12-31T00:00:00",
      "quarter_label": "2020-12 (Q4)",
      "revenue": 43143000,
      "gross_profit": 32927000,
      "operating_income": -13804000,
      "net_income": -14201000,
      "opex": 46731000,
      "cogs": 10216000,
      "rd": 13942000,
      "sga": null,
      "fcf": -3329000,
      "ocf": -3329000,
      "capex": null,
      "gross_margin": 0.7632060820990659,
      "op_margin": -0.3199592054330946,
      "fcf_margin": -0.07716199615233062
    },
    {
      "date": "2021-03-31T00:00:00",
      "quarter_label": "2021-03 (Q1)",
      "revenue": 46660000,
      "gross_profit": 37410000,
      "operating_income": -8542000,
      "net_income": -8544000,
      "opex": 45952000,
      "cogs": 9250000,
      "rd": 13535000,
      "sga": null,
      "fcf": -12758000,
      "ocf": -12758000,
      "capex": null,
      "gross_margin": 0.8017573939134162,
      "op_margin": -0.18306900985855123,
      "fcf_margin": -0.27342477496785256,
      "op_leverage_ratio": Infinity,
      "fcf_margin_change": -0.19626277881552195
    },
    {
      "date": "2021-06-30T00:00:00",
      "quarter_label": "2021-06 (Q2)",
      "revenue": 49013000,
      "gross_profit": 38828000,
      "operating_income": -12271000,
      "net_income": -12221000,
      "opex": 51099000,
      "cogs": 10185000,
      "rd": 14725000,
      "sga": null,
      "fcf": -4648000,
      "ocf": -4648000,
      "capex": null,
      "gross_margin": 0.7921979882888214,
      "op_margin": -0.2503621488176606,
      "fcf_margin": -0.09483198335135576,
      "op_leverage_ratio": 0.45022275657187477,
      "fcf_margin_change": 0.1785927916164968
    },
    {
      "date": "2021-09-30T00:00:00",
      "quarter_label": "2021-09 (Q3)",
      "revenue": 59285000,
      "gross_profit": 46882000,
      "operating_income": -21315000,
      "net_income": -21668000,
      "opex": 68197000,
      "cogs": 12403000,
      "rd": 16532000,
      "sga": null,
      "fcf": -14077000,
      "ocf": -14077000,
      "capex": null,
      "gross_margin": 0.7907902504849456,
      "op_margin": -0.35953445222231595,
      "fcf_margin": -0.23744623429197942,
      "op_leverage_ratio": 0.6263409596653282,
      "fcf_margin_change": -0.14261425094062366
    },
    {
      "date": "2021-12-31T00:00:00",
      "quarter_label": "2021-12 (Q4)",
      "revenue": 64897000,
      "gross_profit": 48256000,
      "operating_income": -33815000,
      "net_income": -34244000,
      "opex": 82071000,
      "cogs": 16641000,
      "rd": 19755000,
      "sga": null,
      "fcf": -8817000,
      "ocf": -8817000,
      "capex": null,
      "gross_margin": 0.7435782855910135,
      "op_margin": -0.5210564432870549,
      "fcf_margin": -0.13586144197728708,
      "incr_op_margin_yoy": -0.9198768042658821,
      "rev_growth_yoy": 0.5042301184433164,
      "op_leverage_ratio": 0.4653036061404895,
      "fcf_margin_change": 0.10158479231469233
    },
    {
      "date": "2022-03-31T00:00:00",
      "quarter_label": "2022-03 (Q1)",
      "revenue": 66050000,
      "gross_profit": 48947000,
      "operating_income": -36179000,
      "net_income": -37037000,
      "opex": 85126000,
      "cogs": 17103000,
      "rd": 20944000,
      "sga": null,
      "fcf": -21985000,
      "ocf": -21985000,
      "capex": null,
      "gross_margin": 0.7410598031794096,
      "op_margin": -0.5477517032551098,
      "fcf_margin": -0.33285389856169567,
      "incr_op_margin_yoy": -1.4253223310985044,
      "rev_growth_yoy": 0.4155593656236605,
      "rev_growth_yoy_accel": -0.08867075281965592,
      "op_leverage_ratio": 0.47729094677460326,
      "fcf_margin_change": -0.1969924565844086
    },
    {
      "date": "2022-06-30T00:00:00",
      "quarter_label": "2022-06 (Q2)",
      "revenue": 68203000,
      "gross_profit": 51343000,
      "operating_income": -39140000,
      "net_income": -39605000,
      "opex": 90483000,
      "cogs": 16860000,
      "rd": 22394000,
      "sga": null,
      "fcf": -13875000,
      "ocf": -13875000,
      "capex": null,
      "gross_margin": 0.7527967977948185,
      "op_margin": -0.5738750494846268,
      "fcf_margin": -0.20343679896778735,
      "incr_op_margin_yoy": -1.400156331422616,
      "rev_growth_yoy": 0.3915287780792851,
      "rev_growth_yoy_accel": -0.024030587544375426,
      "op_leverage_ratio": 0.5179785651210602,
      "fcf_margin_change": 0.12941709959390832
    },
    {
      "date": "2022-09-30T00:00:00",
      "quarter_label": "2022-09 (Q3)",
      "revenue": 72391000,
      "gross_profit": 54866000,
      "operating_income": -30560000,
      "net_income": -30297000,
      "opex": 85426000,
      "cogs": 17525000,
      "rd": 22245000,
      "sga": null,
      "fcf": -50804000,
      "ocf": -50804000,
      "capex": null,
      "gross_margin": 0.7579118951250846,
      "op_margin": -0.4221519249630479,
      "fcf_margin": -0.7017999475072868,
      "incr_op_margin_yoy": -0.7054021059056921,
      "rev_growth_yoy": 0.22106772370751454,
      "rev_growth_yoy_accel": -0.17046105437177056,
      "op_leverage_ratio": Infinity,
      "fcf_margin_change": -0.4983631485394995
    },
    {
      "date": "2022-12-31T00:00:00",
      "quarter_label": "2022-12 (Q4)",
      "revenue": 72431000,
      "gross_profit": 53939000,
      "operating_income": -34687000,
      "net_income": -32980000,
      "opex": 88626000,
      "cogs": 18492000,
      "rd": 22669000,
      "sga": null,
      "fcf": -2693000,
      "ocf": -2693000,
      "capex": null,
      "gross_margin": 0.7446949510568679,
      "op_margin": -0.4788971572945286,
      "fcf_margin": -0.03718021289226989,
      "incr_op_margin_yoy": -0.1157419697371914,
      "rev_growth_yoy": 0.11609165292694577,
      "rev_growth_yoy_accel": -0.10497607078056877,
      "fcf_margin_change": 0.6646197346150169
    },
    {
      "date": "2023-03-31T00:00:00",
      "quarter_label": "2023-03 (Q1)",
      "revenue": 71757000,
      "gross_profit": 54311000,
      "operating_income": -23658000,
      "net_income": -22120000,
      "opex": 77969000,
      "cogs": 17446000,
      "rd": 20845000,
      "sga": null,
      "fcf": -20836000,
      "ocf": -20836000,
      "capex": null,
      "gross_margin": 0.7568738938361415,
      "op_margin": -0.3296960575274886,
      "fcf_margin": -0.29036888387195675,
      "incr_op_margin_yoy": 2.193972314701244,
      "rev_growth_yoy": 0.08640423921271764,
      "rev_growth_yoy_accel": -0.02968741371422813,
      "fcf_margin_change": -0.2531886709796869
    },
    {
      "date": "2023-06-30T00:00:00",
      "quarter_label": "2023-06 (Q2)",
      "revenue": 75443000,
      "gross_profit": 56687000,
      "operating_income": -20895000,
      "net_income": -19065000,
      "opex": 77582000,
      "cogs": 18756000,
      "rd": 21403000,
      "sga": null,
      "fcf": 14743000,
      "ocf": 14743000,
      "capex": null,
      "gross_margin": 0.7513884654639927,
      "op_margin": -0.27696406558593906,
      "fcf_margin": 0.19541905809684132,
      "incr_op_margin_yoy": 2.5200276243093924,
      "rev_growth_yoy": 0.10615368825418237,
      "rev_growth_yoy_accel": 0.019749449041464723,
      "op_leverage_ratio": Infinity,
      "fcf_margin_change": 0.48578794196879804
    },
    {
      "date": "2023-09-30T00:00:00",
      "quarter_label": "2023-09 (Q3)",
      "revenue": 78045000,
      "gross_profit": 58991000,
      "operating_income": -22202000,
      "net_income": -20310000,
      "opex": 81193000,
      "cogs": 19054000,
      "rd": 21703000,
      "sga": null,
      "fcf": -31429000,
      "ocf": -31429000,
      "capex": null,
      "gross_margin": 0.7558587994105964,
      "op_margin": -0.28447690435005446,
      "fcf_margin": -0.402703568454097,
      "incr_op_margin_yoy": 1.4782454899186417,
      "rev_growth_yoy": 0.07810363166691991,
      "rev_growth_yoy_accel": -0.02805005658726245,
      "op_leverage_ratio": 0.7410061716399674,
      "fcf_margin_change": -0.5981226265509383
    },
    {
      "date": "2023-12-31T00:00:00",
      "quarter_label": "2023-12 (Q4)",
      "revenue": 84149000,
      "gross_profit": 65203000,
      "operating_income": -5689000,
      "net_income": -3176000,
      "opex": 70892000,
      "cogs": 18946000,
      "rd": 19509000,
      "sga": null,
      "fcf": 13279000,
      "ocf": 13279000,
      "capex": null,
      "gross_margin": 0.7748517510606187,
      "op_margin": -0.0676062698308952,
      "fcf_margin": 0.15780342012382798,
      "incr_op_margin_yoy": 2.474654377880184,
      "rev_growth_yoy": 0.16178155762035593,
      "rev_growth_yoy_accel": 0.08367792595343601,
      "op_leverage_ratio": Infinity,
      "fcf_margin_change": 0.560506988577925
    },
    {
      "date": "2024-03-31T00:00:00",
      "quarter_label": "2024-03 (Q1)",
      "revenue": 80360000,
      "gross_profit": 61921000,
      "operating_income": -8228000,
      "net_income": -6392000,
      "opex": 70149000,
      "cogs": 18439000,
      "rd": 19988000,
      "sga": null,
      "fcf": -3417000,
      "ocf": -3417000,
      "capex": null,
      "gross_margin": 0.7705450472872075,
      "op_margin": -0.10238924838227974,
      "fcf_margin": -0.04252115480338477,
      "incr_op_margin_yoy": 1.7935603859118912,
      "rev_growth_yoy": 0.11989074236659839,
      "rev_growth_yoy_accel": -0.04189081525375754,
      "fcf_margin_change": -0.20032457492721273
    },
    {
      "date": "2024-06-30T00:00:00",
      "quarter_label": "2024-06 (Q2)",
      "revenue": 81829000,
      "gross_profit": 62018000,
      "operating_income": -13488000,
      "net_income": -11255000,
      "opex": 75506000,
      "cogs": 19811000,
      "rd": 20287000,
      "sga": null,
      "fcf": 11738000,
      "ocf": 11738000,
      "capex": null,
      "gross_margin": 0.7578975668772685,
      "op_margin": -0.16483153894096225,
      "fcf_margin": 0.14344547776460667,
      "incr_op_margin_yoy": 1.159880989664892,
      "rev_growth_yoy": 0.08464668690269475,
      "rev_growth_yoy_accel": -0.035244055463903634,
      "op_leverage_ratio": 0.2393766063726856,
      "fcf_margin_change": 0.18596663256799145
    },
    {
      "date": "2024-09-30T00:00:00",
      "quarter_label": "2024-09 (Q3)",
      "revenue": 83710000,
      "gross_profit": 63847000,
      "operating_income": -19217000,
      "net_income": -6993000,
      "opex": 83064000,
      "cogs": 19863000,
      "rd": 20841000,
      "sga": null,
      "fcf": 5573000,
      "ocf": 5573000,
      "capex": null,
      "gross_margin": 0.7627165213236172,
      "op_margin": -0.22956636005256242,
      "fcf_margin": 0.06657508063552742,
      "incr_op_margin_yoy": 0.526919682259488,
      "rev_growth_yoy": 0.07258632840028188,
      "rev_growth_yoy_accel": -0.012060358502412868,
      "op_leverage_ratio": 0.22964454194814662,
      "fcf_margin_change": -0.07687039712907925
    },
    {
      "date": "2024-12-31T00:00:00",
      "quarter_label": "2024-12 (Q4)",
      "revenue": 87028000,
      "gross_profit": 67552000,
      "operating_income": -751000,
      "net_income": -2390000,
      "opex": 68303000,
      "cogs": 19476000,
      "rd": 19763000,
      "sga": null,
      "fcf": 12360000,
      "ocf": 12360000,
      "capex": null,
      "gross_margin": 0.7762099554166475,
      "op_margin": -0.008629406627751988,
      "fcf_margin": 0.1420232568828423,
      "incr_op_margin_yoy": 1.7151788815560958,
      "rev_growth_yoy": 0.03421312196223366,
      "rev_growth_yoy_accel": -0.03837320643804822,
      "op_leverage_ratio": Infinity,
      "fcf_margin_change": 0.0754481762473149
    },
    {
      "date": "2025-03-31T00:00:00",
      "quarter_label": "2025-03 (Q1)",
      "revenue": 82370000,
      "gross_profit": 65386000,
      "operating_income": -2410000,
      "net_income": -353000,
      "opex": 67796000,
      "cogs": 16984000,
      "rd": 19206000,
      "sga": null,
      "fcf": 401000,
      "ocf": 401000,
      "capex": null,
      "gross_margin": 0.7938084253975962,
      "op_margin": -0.029258225081947312,
      "fcf_margin": 0.004868277285419449,
      "incr_op_margin_yoy": 2.8945273631840798,
      "rev_growth_yoy": 0.02501244400199104,
      "rev_growth_yoy_accel": -0.009200677960242619,
      "fcf_margin_change": -0.13715497959742287
    },
    {
      "date": "2025-06-30T00:00:00",
      "quarter_label": "2025-06 (Q2)",
      "revenue": 84433000,
      "gross_profit": 66694000,
      "operating_income": -6787000,
      "net_income": -8382000,
      "opex": 73481000,
      "cogs": 17739000,
      "rd": 18310000,
      "sga": null,
      "fcf": 13557000,
      "ocf": 13557000,
      "capex": null,
      "gross_margin": 0.7899044212570914,
      "op_margin": -0.08038326246846612,
      "fcf_margin": 0.16056518186017316,
      "incr_op_margin_yoy": 2.573348694316436,
      "rev_growth_yoy": 0.03182245903041709,
      "rev_growth_yoy_accel": 0.006810015028426049,
      "op_leverage_ratio": 0.2986783641054175,
      "fcf_margin_change": 0.15569690457475371
    },
    {
      "date": "2025-09-30T00:00:00",
      "quarter_label": "2025-09 (Q3)",
      "revenue": 86029000,
      "gross_profit": 67434000,
      "operating_income": -435000,
      "net_income": -2243000,
      "opex": 67869000,
      "cogs": 18595000,
      "rd": 17464000,
      "sga": null,
      "fcf": 10553000,
      "ocf": 10553000,
      "capex": null,
      "gross_margin": 0.7838519568982553,
      "op_margin": -0.005056434458147834,
      "fcf_margin": 0.12266793755594044,
      "incr_op_margin_yoy": 8.099180681328159,
      "rev_growth_yoy": 0.027702783418946362,
      "rev_growth_yoy_accel": -0.004119675611470728,
      "op_leverage_ratio": Infinity,
      "fcf_margin_change": -0.03789724430423272
    }
  ],
  "signals": [
    {
      "quarter": "2025-06 (Q2)",
      "signal": "FCF MARGIN EXPANSION",
      "detail": "FCF margin: +0.5% -> +16.1% (+15.6%)",
      "severity": "MEDIUM"
    },
    {
      "quarter": "2024-12 (Q4)",
      "signal": "FCF MARGIN EXPANSION",
      "detail": "FCF margin: +6.7% -> +14.2% (+7.5%)",
      "severity": "MEDIUM"
    },
    {
      "quarter": "2024-06 (Q2)",
      "signal": "FCF TURNED POSITIVE",
      "detail": "FCF margin: -4.3% -> +14.3%",
      "severity": "HIGH"
    },
    {
      "quarter": "2023-12 (Q4)",
      "signal": "FCF TURNED POSITIVE",
      "detail": "FCF margin: -40.3% -> +15.8%",
      "severity": "HIGH"
    },
    {
      "quarter": "2023-12 (Q4)",
      "signal": "YoY REVENUE GROWTH ACCELERATION",
      "detail": "YoY growth: +16.2% vs prior quarter YoY: +7.8% (accel: +8.4%)",
      "severity": "MEDIUM"
    },
    {
      "quarter": "2023-06 (Q2)",
      "signal": "FCF TURNED POSITIVE",
      "detail": "FCF margin: -29.0% -> +19.5%",
      "severity": "HIGH"
    },
    {
      "quarter": "2022-12 (Q4)",
      "signal": "FCF MARGIN EXPANSION",
      "detail": "FCF margin: -70.2% -> -3.7% (+66.5%)",
      "severity": "MEDIUM"
    },
    {
      "quarter": "2022-12 (Q4)",
      "signal": "YoY REVENUE GROWTH DECELERATION",
      "detail": "YoY growth: +11.6% vs prior quarter YoY: +22.1% (decel: -10.5%)",
      "severity": "WARNING"
    },
    {
      "quarter": "2022-09 (Q3)",
      "signal": "YoY REVENUE GROWTH DECELERATION",
      "detail": "YoY growth: +22.1% vs prior quarter YoY: +39.2% (decel: -17.0%)",
      "severity": "WARNING"
    },
    {
      "quarter": "2022-06 (Q2)",
      "signal": "FCF MARGIN EXPANSION",
      "detail": "FCF margin: -33.3% -> -20.3% (+12.9%)",
      "severity": "MEDIUM"
    },
    {
      "quarter": "2022-03 (Q1)",
      "signal": "YoY REVENUE GROWTH DECELERATION",
      "detail": "YoY growth: +41.6% vs prior quarter YoY: +50.4% (decel: -8.9%)",
      "severity": "WARNING"
    },
    {
      "quarter": "2021-12 (Q4)",
      "signal": "FCF MARGIN EXPANSION",
      "detail": "FCF margin: -23.7% -> -13.6% (+10.2%)",
      "severity": "MEDIUM"
    },
    {
      "quarter": "2021-06 (Q2)",
      "signal": "FCF MARGIN EXPANSION",
      "detail": "FCF margin: -27.3% -> -9.5% (+17.9%)",
      "severity": "MEDIUM"
    }
  ],
  "data_quality": {
    "n_quarters": 20,
    "coverage": {
      "revenue": [
        20,
        20
      ],
      "gross_profit": [
        20,
        20
      ],
      "op_income": [
        20,
        20
      ],
      "fcf": [
        20,
        20
      ]
    },
    "gaps": [],
    "warnings": []
  },
  "market_cap": null,
  "source": "SEC EDGAR",
  "last_updated": "2026-02-02T22:51:59.159325"
}