{
  "ticker": "CMRF",
  "name": "CIM REAL ESTATE FINANCE TRUST, INC.",
  "quarters": [
    {
      "date": "2020-12-31T00:00:00",
      "quarter_label": "2020-12 (Q4)",
      "revenue": 76978000,
      "gross_profit": null,
      "operating_income": 5100000,
      "net_income": -11776000,
      "opex": 84463000,
      "cogs": null,
      "rd": null,
      "sga": null,
      "fcf": 38803000,
      "ocf": 38803000,
      "capex": null,
      "gross_margin": null,
      "op_margin": 0.06625269557535919,
      "fcf_margin": 0.5040790875315025
    },
    {
      "date": "2021-03-31T00:00:00",
      "quarter_label": "2021-03 (Q1)",
      "revenue": 88883000,
      "gross_profit": null,
      "operating_income": 17269000,
      "net_income": -2753000,
      "opex": 71614000,
      "cogs": null,
      "rd": null,
      "sga": null,
      "fcf": 28747000,
      "ocf": 28747000,
      "capex": null,
      "gross_margin": null,
      "op_margin": 0.1942891216543096,
      "fcf_margin": 0.3234251769179708,
      "op_leverage_ratio": Infinity,
      "fcf_margin_change": -0.18065391061353175
    },
    {
      "date": "2021-06-30T00:00:00",
      "quarter_label": "2021-06 (Q2)",
      "revenue": 91762000,
      "gross_profit": null,
      "operating_income": 75725000,
      "net_income": 57787000,
      "opex": 62506000,
      "cogs": null,
      "rd": null,
      "sga": null,
      "fcf": 36600000,
      "ocf": 36600000,
      "capex": null,
      "gross_margin": null,
      "op_margin": 0.8252326671171073,
      "fcf_margin": 0.39885791504108453,
      "op_leverage_ratio": Infinity,
      "fcf_margin_change": 0.07543273812311374
    },
    {
      "date": "2021-09-30T00:00:00",
      "quarter_label": "2021-09 (Q3)",
      "revenue": 90549000,
      "gross_profit": null,
      "operating_income": 66235000,
      "net_income": 42603000,
      "opex": 57949000,
      "cogs": null,
      "rd": null,
      "sga": null,
      "fcf": 32171000,
      "ocf": 32171000,
      "capex": null,
      "gross_margin": null,
      "op_margin": 0.7314824017935041,
      "fcf_margin": 0.35528829694419595,
      "fcf_margin_change": -0.043569618096888585
    },
    {
      "date": "2021-12-31T00:00:00",
      "quarter_label": "2021-12 (Q4)",
      "revenue": 94531000,
      "gross_profit": null,
      "operating_income": 15449000,
      "net_income": -11147000,
      "opex": 80619000,
      "cogs": null,
      "rd": null,
      "sga": null,
      "fcf": 50656000,
      "ocf": 50656000,
      "capex": null,
      "gross_margin": null,
      "op_margin": 0.16342787022246671,
      "fcf_margin": 0.5358665411346543,
      "incr_op_margin_yoy": 0.5895858257847661,
      "rev_growth_yoy": 0.2280261893008392,
      "op_leverage_ratio": 0.11241183132740792,
      "fcf_margin_change": 0.18057824419045831
    },
    {
      "date": "2022-03-31T00:00:00",
      "quarter_label": "2022-03 (Q1)",
      "revenue": 105199000,
      "gross_profit": null,
      "operating_income": 75669000,
      "net_income": 39092000,
      "opex": 62104000,
      "cogs": null,
      "rd": null,
      "sga": null,
      "fcf": 30069000,
      "ocf": 30069000,
      "capex": null,
      "gross_margin": null,
      "op_margin": 0.7192939096379243,
      "fcf_margin": 0.2858297132102016,
      "incr_op_margin_yoy": 3.579308654081883,
      "rev_growth_yoy": 0.18356716132443773,
      "rev_growth_yoy_accel": -0.04445902797640147,
      "op_leverage_ratio": Infinity,
      "fcf_margin_change": -0.25003682792445264
    },
    {
      "date": "2022-06-30T00:00:00",
      "quarter_label": "2022-06 (Q2)",
      "revenue": 98492000,
      "gross_profit": null,
      "operating_income": 112119000,
      "net_income": 73685000,
      "opex": 67480000,
      "cogs": null,
      "rd": null,
      "sga": null,
      "fcf": 31162000,
      "ocf": 31162000,
      "capex": null,
      "gross_margin": null,
      "op_margin": 1.1383564147341916,
      "fcf_margin": 0.3163911789790034,
      "incr_op_margin_yoy": 5.407726597325409,
      "rev_growth_yoy": 0.0733419062356967,
      "rev_growth_yoy_accel": -0.11022525508874104,
      "fcf_margin_change": 0.030561465768801754
    },
    {
      "date": "2022-09-30T00:00:00",
      "quarter_label": "2022-09 (Q3)",
      "revenue": 109781000,
      "gross_profit": null,
      "operating_income": 65084000,
      "net_income": 15410000,
      "opex": 49151000,
      "cogs": null,
      "rd": null,
      "sga": null,
      "fcf": 64140000,
      "ocf": 64140000,
      "capex": null,
      "gross_margin": null,
      "op_margin": 0.5928530437871763,
      "fcf_margin": 0.5842541059017499,
      "incr_op_margin_yoy": -0.059848169717138106,
      "rev_growth_yoy": 0.2123932898209809,
      "rev_growth_yoy_accel": 0.1390513835852842,
      "op_leverage_ratio": Infinity,
      "fcf_margin_change": 0.2678629269227465
    },
    {
      "date": "2022-12-31T00:00:00",
      "quarter_label": "2022-12 (Q4)",
      "revenue": 138674000,
      "gross_profit": null,
      "operating_income": 70342000,
      "net_income": 15613000,
      "opex": 72099000,
      "cogs": null,
      "rd": null,
      "sga": null,
      "fcf": 53328000,
      "ocf": 53328000,
      "capex": null,
      "gross_margin": null,
      "op_margin": 0.50724721288778,
      "fcf_margin": 0.3845565859497815,
      "incr_op_margin_yoy": 1.2435267199782525,
      "rev_growth_yoy": 0.46696850768530956,
      "rev_growth_yoy_accel": 0.2545752178643287,
      "op_leverage_ratio": 0.5637064084375428,
      "fcf_margin_change": -0.19969751995196838
    },
    {
      "date": "2023-03-31T00:00:00",
      "quarter_label": "2023-03 (Q1)",
      "revenue": 146864000,
      "gross_profit": null,
      "operating_income": null,
      "net_income": 54184000,
      "opex": 110462000,
      "cogs": null,
      "rd": null,
      "sga": null,
      "fcf": 65118000,
      "ocf": 65118000,
      "capex": null,
      "gross_margin": null,
      "op_margin": null,
      "fcf_margin": 0.4433898028107637,
      "rev_growth_yoy": 0.396058897898269,
      "rev_growth_yoy_accel": -0.07090960978704058,
      "op_leverage_ratio": 0.11099554253723264,
      "fcf_margin_change": 0.058833216860982196
    },
    {
      "date": "2023-06-30T00:00:00",
      "quarter_label": "2023-06 (Q2)",
      "revenue": 140720000,
      "gross_profit": null,
      "operating_income": null,
      "net_income": 31875000,
      "opex": 144266000,
      "cogs": null,
      "rd": null,
      "sga": null,
      "fcf": 44934000,
      "ocf": 44934000,
      "capex": null,
      "gross_margin": null,
      "op_margin": null,
      "fcf_margin": 0.31931495167708923,
      "rev_growth_yoy": 0.42874548186654754,
      "rev_growth_yoy_accel": 0.03268658396827856,
      "fcf_margin_change": -0.12407485113367445
    },
    {
      "date": "2023-09-30T00:00:00",
      "quarter_label": "2023-09 (Q3)",
      "revenue": 138839000,
      "gross_profit": null,
      "operating_income": null,
      "net_income": -11042000,
      "opex": 160999000,
      "cogs": null,
      "rd": null,
      "sga": null,
      "fcf": 60411000,
      "ocf": 60411000,
      "capex": null,
      "gross_margin": null,
      "op_margin": null,
      "fcf_margin": 0.4351154934852599,
      "rev_growth_yoy": 0.26469061130796767,
      "rev_growth_yoy_accel": -0.16405487055857987,
      "fcf_margin_change": 0.11580054180817068
    },
    {
      "date": "2023-12-31T00:00:00",
      "quarter_label": "2023-12 (Q4)",
      "revenue": 142436000,
      "gross_profit": null,
      "operating_income": null,
      "net_income": -46939000,
      "opex": 160614000,
      "cogs": null,
      "rd": null,
      "sga": null,
      "fcf": 53317000,
      "ocf": 53317000,
      "capex": null,
      "gross_margin": null,
      "op_margin": null,
      "fcf_margin": 0.3743225027380718,
      "rev_growth_yoy": 0.027128373018734588,
      "rev_growth_yoy_accel": -0.2375622382892331,
      "op_leverage_ratio": Infinity,
      "fcf_margin_change": -0.06079299074718808
    },
    {
      "date": "2024-03-31T00:00:00",
      "quarter_label": "2024-03 (Q1)",
      "revenue": 134429000,
      "gross_profit": null,
      "operating_income": null,
      "net_income": -38542000,
      "opex": 168414000,
      "cogs": null,
      "rd": null,
      "sga": null,
      "fcf": 50669000,
      "ocf": 50669000,
      "capex": null,
      "gross_margin": null,
      "op_margin": null,
      "fcf_margin": 0.37692015859673134,
      "rev_growth_yoy": -0.08467017104259723,
      "rev_growth_yoy_accel": -0.11179854406133183,
      "fcf_margin_change": 0.002597655858659509
    },
    {
      "date": "2024-06-30T00:00:00",
      "quarter_label": "2024-06 (Q2)",
      "revenue": 121871000,
      "gross_profit": null,
      "operating_income": null,
      "net_income": -245801000,
      "opex": 372116000,
      "cogs": null,
      "rd": null,
      "sga": null,
      "fcf": 35445000,
      "ocf": 35445000,
      "capex": null,
      "gross_margin": null,
      "op_margin": null,
      "fcf_margin": 0.2908403147590485,
      "rev_growth_yoy": -0.13394684479818078,
      "rev_growth_yoy_accel": -0.04927667375558355,
      "fcf_margin_change": -0.08607984383768286
    },
    {
      "date": "2024-09-30T00:00:00",
      "quarter_label": "2024-09 (Q3)",
      "revenue": 121358000,
      "gross_profit": null,
      "operating_income": null,
      "net_income": 7312000,
      "opex": 121252000,
      "cogs": null,
      "rd": null,
      "sga": null,
      "fcf": 44608000,
      "ocf": 44608000,
      "capex": null,
      "gross_margin": null,
      "op_margin": null,
      "fcf_margin": 0.3675736251421414,
      "rev_growth_yoy": -0.12590842630672938,
      "rev_growth_yoy_accel": 0.008038418491451399,
      "fcf_margin_change": 0.07673331038309295
    },
    {
      "date": "2024-12-31T00:00:00",
      "quarter_label": "2024-12 (Q4)",
      "revenue": 106242000,
      "gross_profit": null,
      "operating_income": null,
      "net_income": -15270000,
      "opex": 116636000,
      "cogs": null,
      "rd": null,
      "sga": null,
      "fcf": 30524000,
      "ocf": 30524000,
      "capex": null,
      "gross_margin": null,
      "op_margin": null,
      "fcf_margin": 0.2873063383595941,
      "rev_growth_yoy": -0.2541071077536578,
      "rev_growth_yoy_accel": -0.12819868144692842,
      "fcf_margin_change": -0.0802672867825473
    },
    {
      "date": "2025-03-31T00:00:00",
      "quarter_label": "2025-03 (Q1)",
      "revenue": 106404000,
      "gross_profit": null,
      "operating_income": null,
      "net_income": -32883000,
      "opex": 146750000,
      "cogs": null,
      "rd": null,
      "sga": null,
      "fcf": 31751000,
      "ocf": 31751000,
      "capex": null,
      "gross_margin": null,
      "op_margin": null,
      "fcf_margin": 0.2984004360738318,
      "rev_growth_yoy": -0.20847436193083338,
      "rev_growth_yoy_accel": 0.04563274582282442,
      "fcf_margin_change": 0.011094097714237694
    },
    {
      "date": "2025-06-30T00:00:00",
      "quarter_label": "2025-06 (Q2)",
      "revenue": 107190000,
      "gross_profit": null,
      "operating_income": null,
      "net_income": 25192000,
      "opex": 88542000,
      "cogs": null,
      "rd": null,
      "sga": null,
      "fcf": 36222000,
      "ocf": 36222000,
      "capex": null,
      "gross_margin": null,
      "op_margin": null,
      "fcf_margin": 0.33792331374195356,
      "rev_growth_yoy": -0.12046344085139205,
      "rev_growth_yoy_accel": 0.08801092107944133,
      "fcf_margin_change": 0.039522877668121736
    },
    {
      "date": "2025-09-30T00:00:00",
      "quarter_label": "2025-09 (Q3)",
      "revenue": 104461000,
      "gross_profit": null,
      "operating_income": null,
      "net_income": 30282000,
      "opex": 84908000,
      "cogs": null,
      "rd": null,
      "sga": null,
      "fcf": 34724000,
      "ocf": 34724000,
      "capex": null,
      "gross_margin": null,
      "op_margin": null,
      "fcf_margin": 0.3324111390854003,
      "rev_growth_yoy": -0.13923268346544934,
      "rev_growth_yoy_accel": -0.018769242614057297,
      "fcf_margin_change": -0.005512174656553237
    }
  ],
  "signals": [
    {
      "quarter": "2025-06 (Q2)",
      "signal": "YoY REVENUE GROWTH ACCELERATION",
      "detail": "YoY growth: -12.0% vs prior quarter YoY: -20.8% (accel: +8.8%)",
      "severity": "MEDIUM"
    },
    {
      "quarter": "2024-12 (Q4)",
      "signal": "YoY REVENUE GROWTH DECELERATION",
      "detail": "YoY growth: -25.4% vs prior quarter YoY: -12.6% (decel: -12.8%)",
      "severity": "WARNING"
    },
    {
      "quarter": "2024-09 (Q3)",
      "signal": "FCF MARGIN EXPANSION",
      "detail": "FCF margin: +29.1% -> +36.8% (+7.7%)",
      "severity": "MEDIUM"
    },
    {
      "quarter": "2024-03 (Q1)",
      "signal": "YoY REVENUE GROWTH DECELERATION",
      "detail": "YoY growth: -8.5% vs prior quarter YoY: +2.7% (decel: -11.2%)",
      "severity": "WARNING"
    },
    {
      "quarter": "2023-12 (Q4)",
      "signal": "YoY REVENUE GROWTH DECELERATION",
      "detail": "YoY growth: +2.7% vs prior quarter YoY: +26.5% (decel: -23.8%)",
      "severity": "WARNING"
    },
    {
      "quarter": "2023-09 (Q3)",
      "signal": "FCF MARGIN EXPANSION",
      "detail": "FCF margin: +31.9% -> +43.5% (+11.6%)",
      "severity": "MEDIUM"
    },
    {
      "quarter": "2023-09 (Q3)",
      "signal": "YoY REVENUE GROWTH DECELERATION",
      "detail": "YoY growth: +26.5% vs prior quarter YoY: +42.9% (decel: -16.4%)",
      "severity": "WARNING"
    },
    {
      "quarter": "2023-03 (Q1)",
      "signal": "FCF MARGIN EXPANSION",
      "detail": "FCF margin: +38.5% -> +44.3% (+5.9%)",
      "severity": "MEDIUM"
    },
    {
      "quarter": "2023-03 (Q1)",
      "signal": "YoY REVENUE GROWTH DECELERATION",
      "detail": "YoY growth: +39.6% vs prior quarter YoY: +46.7% (decel: -7.1%)",
      "severity": "WARNING"
    },
    {
      "quarter": "2022-12 (Q4)",
      "signal": "YoY REVENUE GROWTH ACCELERATION",
      "detail": "YoY growth: +46.7% vs prior quarter YoY: +21.2% (accel: +25.5%)",
      "severity": "HIGH"
    },
    {
      "quarter": "2022-12 (Q4)",
      "signal": "INCREMENTAL MARGIN (YoY)",
      "detail": "YoY Incr OPM: +124.4% vs year-ago OPM: +16.3%",
      "severity": "HIGH"
    },
    {
      "quarter": "2022-09 (Q3)",
      "signal": "FCF MARGIN EXPANSION",
      "detail": "FCF margin: +31.6% -> +58.4% (+26.8%)",
      "severity": "MEDIUM"
    },
    {
      "quarter": "2022-09 (Q3)",
      "signal": "YoY REVENUE GROWTH ACCELERATION",
      "detail": "YoY growth: +21.2% vs prior quarter YoY: +7.3% (accel: +13.9%)",
      "severity": "MEDIUM"
    },
    {
      "quarter": "2022-06 (Q2)",
      "signal": "YoY REVENUE GROWTH DECELERATION",
      "detail": "YoY growth: +7.3% vs prior quarter YoY: +18.4% (decel: -11.0%)",
      "severity": "WARNING"
    },
    {
      "quarter": "2022-06 (Q2)",
      "signal": "INCREMENTAL MARGIN (YoY)",
      "detail": "YoY Incr OPM: +540.8% vs year-ago OPM: +82.5%",
      "severity": "HIGH"
    },
    {
      "quarter": "2022-03 (Q1)",
      "signal": "INCREMENTAL MARGIN (YoY)",
      "detail": "YoY Incr OPM: +357.9% vs year-ago OPM: +19.4%",
      "severity": "HIGH"
    },
    {
      "quarter": "2021-12 (Q4)",
      "signal": "FCF MARGIN EXPANSION",
      "detail": "FCF margin: +35.5% -> +53.6% (+18.1%)",
      "severity": "MEDIUM"
    },
    {
      "quarter": "2021-12 (Q4)",
      "signal": "INCREMENTAL MARGIN (YoY)",
      "detail": "YoY Incr OPM: +59.0% vs year-ago OPM: +6.6%",
      "severity": "HIGH"
    },
    {
      "quarter": "2021-06 (Q2)",
      "signal": "FCF MARGIN EXPANSION",
      "detail": "FCF margin: +32.3% -> +39.9% (+7.5%)",
      "severity": "MEDIUM"
    }
  ],
  "data_quality": {
    "n_quarters": 20,
    "coverage": {
      "revenue": [
        20,
        20
      ],
      "gross_profit": [
        0,
        20
      ],
      "op_income": [
        9,
        20
      ],
      "fcf": [
        20,
        20
      ]
    },
    "gaps": [],
    "warnings": [
      "gross_profit: no data",
      "op_income: 9/20Q"
    ]
  },
  "market_cap": null,
  "source": "SEC EDGAR",
  "last_updated": "2026-02-03T00:33:05.785444"
}