{
  "ticker": "CMSA",
  "name": "CMS ENERGY CORPORATION",
  "quarters": [
    {
      "date": "2020-12-31T00:00:00",
      "quarter_label": "2020-12 (Q4)",
      "revenue": 1798000000,
      "gross_profit": null,
      "operating_income": 352000000,
      "net_income": 158000000,
      "opex": 1446000000,
      "cogs": null,
      "rd": null,
      "sga": null,
      "fcf": -486000000,
      "ocf": 132000000,
      "capex": -618000000,
      "gross_margin": null,
      "op_margin": 0.19577308120133483,
      "fcf_margin": -0.27030033370411566
    },
    {
      "date": "2021-03-31T00:00:00",
      "quarter_label": "2021-03 (Q1)",
      "revenue": 2083000000,
      "gross_profit": null,
      "operating_income": 485000000,
      "net_income": 349000000,
      "opex": 1598000000,
      "cogs": null,
      "rd": null,
      "sga": null,
      "fcf": 396000000,
      "ocf": 832000000,
      "capex": -436000000,
      "gross_margin": null,
      "op_margin": 0.2328372539606337,
      "fcf_margin": 0.19011041766682668,
      "op_leverage_ratio": 1.5079254727474973,
      "fcf_margin_change": 0.46041075137094234
    },
    {
      "date": "2021-06-30T00:00:00",
      "quarter_label": "2021-06 (Q2)",
      "revenue": 1558000000,
      "gross_profit": null,
      "operating_income": 252000000,
      "net_income": 176000000,
      "opex": 1306000000,
      "cogs": null,
      "rd": null,
      "sga": null,
      "fcf": 93000000,
      "ocf": 535000000,
      "capex": -442000000,
      "gross_margin": null,
      "op_margin": 0.16174582798459564,
      "fcf_margin": 0.05969191270860077,
      "fcf_margin_change": -0.1304185049582259
    },
    {
      "date": "2021-09-30T00:00:00",
      "quarter_label": "2021-09 (Q3)",
      "revenue": 1725000000,
      "gross_profit": null,
      "operating_income": 260000000,
      "net_income": 189000000,
      "opex": 1465000000,
      "cogs": null,
      "rd": null,
      "sga": null,
      "fcf": -448000000,
      "ocf": 116000000,
      "capex": -564000000,
      "gross_margin": null,
      "op_margin": 0.15072463768115943,
      "fcf_margin": -0.25971014492753625,
      "op_leverage_ratio": 0.8804304825570599,
      "fcf_margin_change": -0.319402057636137
    },
    {
      "date": "2021-12-31T00:00:00",
      "quarter_label": "2021-12 (Q4)",
      "revenue": 2033000000,
      "gross_profit": null,
      "operating_income": 204000000,
      "net_income": 639000000,
      "opex": 1829000000,
      "cogs": null,
      "rd": null,
      "sga": null,
      "fcf": -298000000,
      "ocf": 336000000,
      "capex": -634000000,
      "gross_margin": null,
      "op_margin": 0.10034431874077718,
      "fcf_margin": -0.14658140678799803,
      "incr_op_margin_yoy": -0.6297872340425532,
      "rev_growth_yoy": 0.13070077864293658,
      "op_leverage_ratio": 0.7186176142697882,
      "fcf_margin_change": 0.11312873813953822
    },
    {
      "date": "2022-03-31T00:00:00",
      "quarter_label": "2022-03 (Q1)",
      "revenue": 2374000000,
      "gross_profit": null,
      "operating_income": 456000000,
      "net_income": 353000000,
      "opex": 1918000000,
      "cogs": null,
      "rd": null,
      "sga": null,
      "fcf": 187000000,
      "ocf": 707000000,
      "capex": -520000000,
      "gross_margin": null,
      "op_margin": 0.19208087615838249,
      "fcf_margin": 0.07877000842459983,
      "incr_op_margin_yoy": -0.09965635738831616,
      "rev_growth_yoy": 0.13970235237638023,
      "rev_growth_yoy_accel": 0.009001573733443652,
      "op_leverage_ratio": 3.44699536302691,
      "fcf_margin_change": 0.22535141521259786
    },
    {
      "date": "2022-06-30T00:00:00",
      "quarter_label": "2022-06 (Q2)",
      "revenue": 1920000000,
      "gross_profit": null,
      "operating_income": 239000000,
      "net_income": 148000000,
      "opex": 1681000000,
      "cogs": null,
      "rd": null,
      "sga": null,
      "fcf": -216000000,
      "ocf": 352000000,
      "capex": -568000000,
      "gross_margin": null,
      "op_margin": 0.12447916666666667,
      "fcf_margin": -0.1125,
      "incr_op_margin_yoy": -0.03591160220994475,
      "rev_growth_yoy": 0.23234916559691912,
      "rev_growth_yoy_accel": 0.09264681322053889,
      "fcf_margin_change": -0.19127000842459985
    },
    {
      "date": "2022-09-30T00:00:00",
      "quarter_label": "2022-09 (Q3)",
      "revenue": 2024000000,
      "gross_profit": null,
      "operating_income": 258000000,
      "net_income": 165000000,
      "opex": 1766000000,
      "cogs": null,
      "rd": null,
      "sga": null,
      "fcf": -1042000000,
      "ocf": -392000000,
      "capex": -650000000,
      "gross_margin": null,
      "op_margin": 0.1274703557312253,
      "fcf_margin": -0.5148221343873518,
      "incr_op_margin_yoy": -0.006688963210702341,
      "rev_growth_yoy": 0.17333333333333334,
      "rev_growth_yoy_accel": -0.05901583226358578,
      "op_leverage_ratio": 1.0712254901960785,
      "fcf_margin_change": -0.4023221343873518
    },
    {
      "date": "2022-12-31T00:00:00",
      "quarter_label": "2022-12 (Q4)",
      "revenue": 2278000000,
      "gross_profit": null,
      "operating_income": 271000000,
      "net_income": 171000000,
      "opex": 2007000000,
      "cogs": null,
      "rd": null,
      "sga": null,
      "fcf": -448000000,
      "ocf": 188000000,
      "capex": -636000000,
      "gross_margin": null,
      "op_margin": 0.1189640035118525,
      "fcf_margin": -0.19666374012291485,
      "incr_op_margin_yoy": 0.27346938775510204,
      "rev_growth_yoy": 0.1205115592720118,
      "rev_growth_yoy_accel": -0.05282177406132153,
      "op_leverage_ratio": 0.9195955586899119,
      "fcf_margin_change": 0.31815839426443693
    },
    {
      "date": "2023-03-31T00:00:00",
      "quarter_label": "2023-03 (Q1)",
      "revenue": 2284000000,
      "gross_profit": null,
      "operating_income": 314000000,
      "net_income": 204000000,
      "opex": 1970000000,
      "cogs": null,
      "rd": null,
      "sga": null,
      "fcf": 423000000,
      "ocf": 1040000000,
      "capex": -617000000,
      "gross_margin": null,
      "op_margin": 0.13747810858143608,
      "fcf_margin": 0.18520140105078808,
      "incr_op_margin_yoy": 1.5777777777777777,
      "rev_growth_yoy": -0.037910699241786014,
      "rev_growth_yoy_accel": -0.15842225851379782,
      "fcf_margin_change": 0.38186514117370296
    },
    {
      "date": "2023-06-30T00:00:00",
      "quarter_label": "2023-06 (Q2)",
      "revenue": 1555000000,
      "gross_profit": null,
      "operating_income": 244000000,
      "net_income": 198000000,
      "opex": 1311000000,
      "cogs": null,
      "rd": null,
      "sga": null,
      "fcf": 665000000,
      "ocf": 665000000,
      "capex": null,
      "gross_margin": null,
      "op_margin": 0.15691318327974277,
      "fcf_margin": 0.42765273311897106,
      "incr_op_margin_yoy": -0.0136986301369863,
      "rev_growth_yoy": -0.19010416666666666,
      "rev_growth_yoy_accel": -0.15219346742488066,
      "fcf_margin_change": 0.24245133206818298
    },
    {
      "date": "2023-09-30T00:00:00",
      "quarter_label": "2023-09 (Q3)",
      "revenue": 1673000000,
      "gross_profit": null,
      "operating_income": 271000000,
      "net_income": 176000000,
      "opex": 1402000000,
      "cogs": null,
      "rd": null,
      "sga": null,
      "fcf": 199000000,
      "ocf": 199000000,
      "capex": null,
      "gross_margin": null,
      "op_margin": 0.16198445905558875,
      "fcf_margin": 0.11894799760908548,
      "incr_op_margin_yoy": -0.037037037037037035,
      "rev_growth_yoy": -0.1734189723320158,
      "rev_growth_yoy_accel": 0.01668519433465085,
      "op_leverage_ratio": 1.0932334546482456,
      "fcf_margin_change": -0.3087047355098856
    },
    {
      "date": "2023-12-31T00:00:00",
      "quarter_label": "2023-12 (Q4)",
      "revenue": 1950000000,
      "gross_profit": null,
      "operating_income": 406000000,
      "net_income": 309000000,
      "opex": 1544000000,
      "cogs": null,
      "rd": null,
      "sga": null,
      "fcf": 405000000,
      "ocf": 405000000,
      "capex": null,
      "gross_margin": null,
      "op_margin": 0.2082051282051282,
      "fcf_margin": 0.2076923076923077,
      "incr_op_margin_yoy": -0.4115853658536585,
      "rev_growth_yoy": -0.14398595258999122,
      "rev_growth_yoy_accel": 0.029433019742024585,
      "op_leverage_ratio": 1.6347204566309994,
      "fcf_margin_change": 0.08874431008322223
    },
    {
      "date": "2024-03-31T00:00:00",
      "quarter_label": "2024-03 (Q1)",
      "revenue": 2176000000,
      "gross_profit": null,
      "operating_income": 412000000,
      "net_income": 287000000,
      "opex": 1764000000,
      "cogs": null,
      "rd": null,
      "sga": null,
      "fcf": 343000000,
      "ocf": 956000000,
      "capex": -613000000,
      "gross_margin": null,
      "op_margin": 0.18933823529411764,
      "fcf_margin": 0.15762867647058823,
      "incr_op_margin_yoy": -0.9074074074074074,
      "rev_growth_yoy": -0.047285464098073555,
      "rev_growth_yoy_accel": 0.09670048849191767,
      "op_leverage_ratio": 0.8133892773892774,
      "fcf_margin_change": -0.05006363122171947
    },
    {
      "date": "2024-06-30T00:00:00",
      "quarter_label": "2024-06 (Q2)",
      "revenue": 1607000000,
      "gross_profit": null,
      "operating_income": 283000000,
      "net_income": 198000000,
      "opex": 1324000000,
      "cogs": null,
      "rd": null,
      "sga": null,
      "fcf": 26000000,
      "ocf": 707000000,
      "capex": -681000000,
      "gross_margin": null,
      "op_margin": 0.1761045426260112,
      "fcf_margin": 0.016179215930304917,
      "incr_op_margin_yoy": 0.75,
      "rev_growth_yoy": 0.033440514469453377,
      "rev_growth_yoy_accel": 0.08072597856752693,
      "fcf_margin_change": -0.14144946054028332
    },
    {
      "date": "2024-09-30T00:00:00",
      "quarter_label": "2024-09 (Q3)",
      "revenue": 1743000000,
      "gross_profit": null,
      "operating_income": 367000000,
      "net_income": 253000000,
      "opex": 1376000000,
      "cogs": null,
      "rd": null,
      "sga": null,
      "fcf": -502000000,
      "ocf": 304000000,
      "capex": -806000000,
      "gross_margin": null,
      "op_margin": 0.21055651176133103,
      "fcf_margin": -0.28800917957544464,
      "incr_op_margin_yoy": 1.3714285714285714,
      "rev_growth_yoy": 0.04184100418410042,
      "rev_growth_yoy_accel": 0.00840048971464704,
      "op_leverage_ratio": 2.1548035039012015,
      "fcf_margin_change": -0.30418839550574955
    },
    {
      "date": "2024-12-31T00:00:00",
      "quarter_label": "2024-12 (Q4)",
      "revenue": 1989000000,
      "gross_profit": null,
      "operating_income": 425000000,
      "net_income": 265000000,
      "opex": 1564000000,
      "cogs": null,
      "rd": null,
      "sga": null,
      "fcf": 403000000,
      "ocf": 403000000,
      "capex": null,
      "gross_margin": null,
      "op_margin": 0.21367521367521367,
      "fcf_margin": 0.20261437908496732,
      "incr_op_margin_yoy": 0.48717948717948717,
      "rev_growth_yoy": 0.02,
      "rev_growth_yoy_accel": -0.021841004184100416,
      "op_leverage_ratio": 1.0329952026952796,
      "fcf_margin_change": 0.49062355866041196
    },
    {
      "date": "2025-03-31T00:00:00",
      "quarter_label": "2025-03 (Q1)",
      "revenue": 2447000000,
      "gross_profit": null,
      "operating_income": 494000000,
      "net_income": 304000000,
      "opex": 1953000000,
      "cogs": null,
      "rd": null,
      "sga": null,
      "fcf": 112000000,
      "ocf": 1000000000,
      "capex": -888000000,
      "gross_margin": null,
      "op_margin": 0.20187985288107888,
      "fcf_margin": 0.04577033101757254,
      "incr_op_margin_yoy": 0.3025830258302583,
      "rev_growth_yoy": 0.12454044117647059,
      "rev_growth_yoy_accel": 0.10454044117647059,
      "op_leverage_ratio": 0.9258014193746841,
      "fcf_margin_change": -0.15684404806739477
    },
    {
      "date": "2025-06-30T00:00:00",
      "quarter_label": "2025-06 (Q2)",
      "revenue": 1838000000,
      "gross_profit": null,
      "operating_income": 317000000,
      "net_income": 201000000,
      "opex": 1521000000,
      "cogs": null,
      "rd": null,
      "sga": null,
      "fcf": -470000000,
      "ocf": 414000000,
      "capex": -884000000,
      "gross_margin": null,
      "op_margin": 0.17247007616974971,
      "fcf_margin": -0.25571273122959737,
      "incr_op_margin_yoy": 0.1471861471861472,
      "rev_growth_yoy": 0.14374611076540136,
      "rev_growth_yoy_accel": 0.019205669588930774,
      "fcf_margin_change": -0.3014830622471699
    },
    {
      "date": "2025-09-30T00:00:00",
      "quarter_label": "2025-09 (Q3)",
      "revenue": 2021000000,
      "gross_profit": null,
      "operating_income": 481000000,
      "net_income": 277000000,
      "opex": 1540000000,
      "cogs": null,
      "rd": null,
      "sga": null,
      "fcf": -635000000,
      "ocf": 343000000,
      "capex": -978000000,
      "gross_margin": null,
      "op_margin": 0.2380009896091044,
      "fcf_margin": -0.31420089064819395,
      "incr_op_margin_yoy": 0.41007194244604317,
      "rev_growth_yoy": 0.15949512335054503,
      "rev_growth_yoy_accel": 0.015749012585143662,
      "op_leverage_ratio": 7.970419792680832,
      "fcf_margin_change": -0.058488159418596586
    }
  ],
  "signals": [
    {
      "quarter": "2025-09 (Q3)",
      "signal": "OPERATING LEVERAGE",
      "detail": "Rev growth +10.0% vs OpEx growth +1.2% (leverage: 8.0x)",
      "severity": "MEDIUM"
    },
    {
      "quarter": "2025-09 (Q3)",
      "signal": "INCREMENTAL MARGIN (YoY)",
      "detail": "YoY Incr OPM: +41.0% vs year-ago OPM: +21.1%",
      "severity": "MEDIUM"
    },
    {
      "quarter": "2025-03 (Q1)",
      "signal": "YoY REVENUE GROWTH ACCELERATION",
      "detail": "YoY growth: +12.5% vs prior quarter YoY: +2.0% (accel: +10.5%)",
      "severity": "MEDIUM"
    },
    {
      "quarter": "2025-03 (Q1)",
      "signal": "INCREMENTAL MARGIN (YoY)",
      "detail": "YoY Incr OPM: +30.3% vs year-ago OPM: +18.9%",
      "severity": "MEDIUM"
    },
    {
      "quarter": "2024-12 (Q4)",
      "signal": "FCF TURNED POSITIVE",
      "detail": "FCF margin: -28.8% -> +20.3%",
      "severity": "HIGH"
    },
    {
      "quarter": "2024-12 (Q4)",
      "signal": "INCREMENTAL MARGIN (YoY)",
      "detail": "YoY Incr OPM: +48.7% vs year-ago OPM: +20.8%",
      "severity": "HIGH"
    },
    {
      "quarter": "2024-09 (Q3)",
      "signal": "OPERATING LEVERAGE",
      "detail": "Rev growth +8.5% vs OpEx growth +3.9% (leverage: 2.2x)",
      "severity": "MEDIUM"
    },
    {
      "quarter": "2024-09 (Q3)",
      "signal": "INCREMENTAL MARGIN (YoY)",
      "detail": "YoY Incr OPM: +137.1% vs year-ago OPM: +16.2%",
      "severity": "HIGH"
    },
    {
      "quarter": "2024-06 (Q2)",
      "signal": "YoY REVENUE GROWTH ACCELERATION",
      "detail": "YoY growth: +3.3% vs prior quarter YoY: -4.7% (accel: +8.1%)",
      "severity": "MEDIUM"
    },
    {
      "quarter": "2024-06 (Q2)",
      "signal": "INCREMENTAL MARGIN (YoY)",
      "detail": "YoY Incr OPM: +75.0% vs year-ago OPM: +15.7%",
      "severity": "HIGH"
    },
    {
      "quarter": "2024-03 (Q1)",
      "signal": "YoY REVENUE GROWTH ACCELERATION",
      "detail": "YoY growth: -4.7% vs prior quarter YoY: -14.4% (accel: +9.7%)",
      "severity": "MEDIUM"
    },
    {
      "quarter": "2023-12 (Q4)",
      "signal": "FCF MARGIN EXPANSION",
      "detail": "FCF margin: +11.9% -> +20.8% (+8.9%)",
      "severity": "MEDIUM"
    },
    {
      "quarter": "2023-12 (Q4)",
      "signal": "OPERATING LEVERAGE",
      "detail": "Rev growth +16.6% vs OpEx growth +10.1% (leverage: 1.6x)",
      "severity": "MEDIUM"
    },
    {
      "quarter": "2023-06 (Q2)",
      "signal": "FCF MARGIN EXPANSION",
      "detail": "FCF margin: +18.5% -> +42.8% (+24.2%)",
      "severity": "MEDIUM"
    },
    {
      "quarter": "2023-06 (Q2)",
      "signal": "YoY REVENUE GROWTH DECELERATION",
      "detail": "YoY growth: -19.0% vs prior quarter YoY: -3.8% (decel: -15.2%)",
      "severity": "WARNING"
    },
    {
      "quarter": "2023-03 (Q1)",
      "signal": "FCF TURNED POSITIVE",
      "detail": "FCF margin: -19.7% -> +18.5%",
      "severity": "HIGH"
    },
    {
      "quarter": "2023-03 (Q1)",
      "signal": "YoY REVENUE GROWTH DECELERATION",
      "detail": "YoY growth: -3.8% vs prior quarter YoY: +12.1% (decel: -15.8%)",
      "severity": "WARNING"
    },
    {
      "quarter": "2023-03 (Q1)",
      "signal": "INCREMENTAL MARGIN (YoY)",
      "detail": "YoY Incr OPM: +157.8% vs year-ago OPM: +19.2%",
      "severity": "HIGH"
    },
    {
      "quarter": "2022-12 (Q4)",
      "signal": "FCF MARGIN EXPANSION",
      "detail": "FCF margin: -51.5% -> -19.7% (+31.8%)",
      "severity": "MEDIUM"
    },
    {
      "quarter": "2022-12 (Q4)",
      "signal": "YoY REVENUE GROWTH DECELERATION",
      "detail": "YoY growth: +12.1% vs prior quarter YoY: +17.3% (decel: -5.3%)",
      "severity": "WARNING"
    },
    {
      "quarter": "2022-12 (Q4)",
      "signal": "INCREMENTAL MARGIN (YoY)",
      "detail": "YoY Incr OPM: +27.3% vs year-ago OPM: +10.0%",
      "severity": "MEDIUM"
    },
    {
      "quarter": "2022-09 (Q3)",
      "signal": "YoY REVENUE GROWTH DECELERATION",
      "detail": "YoY growth: +17.3% vs prior quarter YoY: +23.2% (decel: -5.9%)",
      "severity": "WARNING"
    },
    {
      "quarter": "2022-06 (Q2)",
      "signal": "YoY REVENUE GROWTH ACCELERATION",
      "detail": "YoY growth: +23.2% vs prior quarter YoY: +14.0% (accel: +9.3%)",
      "severity": "MEDIUM"
    },
    {
      "quarter": "2022-03 (Q1)",
      "signal": "FCF TURNED POSITIVE",
      "detail": "FCF margin: -14.7% -> +7.9%",
      "severity": "HIGH"
    },
    {
      "quarter": "2022-03 (Q1)",
      "signal": "OPERATING LEVERAGE",
      "detail": "Rev growth +16.8% vs OpEx growth +4.9% (leverage: 3.4x)",
      "severity": "MEDIUM"
    },
    {
      "quarter": "2021-12 (Q4)",
      "signal": "FCF MARGIN EXPANSION",
      "detail": "FCF margin: -26.0% -> -14.7% (+11.3%)",
      "severity": "MEDIUM"
    },
    {
      "quarter": "2021-03 (Q1)",
      "signal": "FCF TURNED POSITIVE",
      "detail": "FCF margin: -27.0% -> +19.0%",
      "severity": "HIGH"
    },
    {
      "quarter": "2021-03 (Q1)",
      "signal": "OPERATING LEVERAGE",
      "detail": "Rev growth +15.9% vs OpEx growth +10.5% (leverage: 1.5x)",
      "severity": "MEDIUM"
    }
  ],
  "data_quality": {
    "n_quarters": 20,
    "coverage": {
      "revenue": [
        20,
        20
      ],
      "gross_profit": [
        0,
        20
      ],
      "op_income": [
        20,
        20
      ],
      "fcf": [
        20,
        20
      ]
    },
    "gaps": [],
    "warnings": [
      "gross_profit: no data"
    ]
  },
  "market_cap": null,
  "source": "SEC EDGAR",
  "last_updated": "2026-02-03T00:55:16.073493"
}