{
  "ticker": "CMTG",
  "name": "Claros Mortgage Trust, Inc.",
  "quarters": [
    {
      "date": "2020-12-31T00:00:00",
      "quarter_label": "2020-12 (Q4)",
      "revenue": 62003000,
      "gross_profit": null,
      "operating_income": null,
      "net_income": null,
      "opex": 13194000,
      "cogs": null,
      "rd": null,
      "sga": null,
      "fcf": 44656000,
      "ocf": 44656000,
      "capex": null,
      "gross_margin": null,
      "op_margin": null,
      "fcf_margin": 0.7202232150057255
    },
    {
      "date": "2021-03-31T00:00:00",
      "quarter_label": "2021-03 (Q1)",
      "revenue": 60567000,
      "gross_profit": null,
      "operating_income": null,
      "net_income": 55367000,
      "opex": 13641000,
      "cogs": null,
      "rd": null,
      "sga": null,
      "fcf": 32646000,
      "ocf": 32646000,
      "capex": null,
      "gross_margin": null,
      "op_margin": null,
      "fcf_margin": 0.5390063896181089,
      "fcf_margin_change": -0.18121682538761663
    },
    {
      "date": "2021-06-30T00:00:00",
      "quarter_label": "2021-06 (Q2)",
      "revenue": 64196000,
      "gross_profit": null,
      "operating_income": null,
      "net_income": 39683000,
      "opex": 31980000,
      "cogs": null,
      "rd": null,
      "sga": null,
      "fcf": 57990000,
      "ocf": 57990000,
      "capex": null,
      "gross_margin": null,
      "op_margin": null,
      "fcf_margin": 0.9033273101127796,
      "op_leverage_ratio": 0.04456782743279941,
      "fcf_margin_change": 0.3643209204946707
    },
    {
      "date": "2021-09-30T00:00:00",
      "quarter_label": "2021-09 (Q3)",
      "revenue": 64356000,
      "gross_profit": null,
      "operating_income": null,
      "net_income": 49945000,
      "opex": 20821000,
      "cogs": null,
      "rd": null,
      "sga": null,
      "fcf": 53902000,
      "ocf": 53902000,
      "capex": null,
      "gross_margin": null,
      "op_margin": null,
      "fcf_margin": 0.8375598234818821,
      "fcf_margin_change": -0.06576748663089749
    },
    {
      "date": "2021-12-31T00:00:00",
      "quarter_label": "2021-12 (Q4)",
      "revenue": 68257000,
      "gross_profit": null,
      "operating_income": null,
      "net_income": null,
      "opex": 36651000,
      "cogs": null,
      "rd": null,
      "sga": null,
      "fcf": 69019000,
      "ocf": 69019000,
      "capex": null,
      "gross_margin": null,
      "op_margin": null,
      "fcf_margin": 1.0111636901709715,
      "rev_growth_yoy": 0.10086608712481654,
      "op_leverage_ratio": 0.07972739542956864,
      "fcf_margin_change": 0.17360386668908945
    },
    {
      "date": "2022-03-31T00:00:00",
      "quarter_label": "2022-03 (Q1)",
      "revenue": 57927000,
      "gross_profit": null,
      "operating_income": null,
      "net_income": 29371000,
      "opex": 26454000,
      "cogs": null,
      "rd": null,
      "sga": null,
      "fcf": 22620000,
      "ocf": 22620000,
      "capex": null,
      "gross_margin": null,
      "op_margin": null,
      "fcf_margin": 0.3904914806566886,
      "rev_growth_yoy": -0.04358809252563277,
      "rev_growth_yoy_accel": -0.14445417965044932,
      "fcf_margin_change": -0.6206722095142829
    },
    {
      "date": "2022-06-30T00:00:00",
      "quarter_label": "2022-06 (Q2)",
      "revenue": 69240000,
      "gross_profit": null,
      "operating_income": null,
      "net_income": 63189000,
      "opex": 30448000,
      "cogs": null,
      "rd": null,
      "sga": null,
      "fcf": 49498000,
      "ocf": 49498000,
      "capex": null,
      "gross_margin": null,
      "op_margin": null,
      "fcf_margin": 0.7148757943385327,
      "rev_growth_yoy": 0.07857187363698673,
      "rev_growth_yoy_accel": 0.1221599661626195,
      "op_leverage_ratio": 1.2935405231208976,
      "fcf_margin_change": 0.32438431368184406
    },
    {
      "date": "2022-09-30T00:00:00",
      "quarter_label": "2022-09 (Q3)",
      "revenue": 76417000,
      "gross_profit": null,
      "operating_income": null,
      "net_income": 42248000,
      "opex": 35522000,
      "cogs": null,
      "rd": null,
      "sga": null,
      "fcf": 18886000,
      "ocf": 18886000,
      "capex": null,
      "gross_margin": null,
      "op_margin": null,
      "fcf_margin": 0.2471439601135873,
      "rev_growth_yoy": 0.187410653241345,
      "rev_growth_yoy_accel": 0.10883877960435828,
      "op_leverage_ratio": 0.6220054573024039,
      "fcf_margin_change": -0.46773183422494535
    },
    {
      "date": "2022-12-31T00:00:00",
      "quarter_label": "2022-12 (Q4)",
      "revenue": 83617000,
      "gross_profit": null,
      "operating_income": null,
      "net_income": null,
      "opex": 37373000,
      "cogs": null,
      "rd": null,
      "sga": null,
      "fcf": 20024000,
      "ocf": 20024000,
      "capex": null,
      "gross_margin": null,
      "op_margin": null,
      "fcf_margin": 0.23947283447145915,
      "rev_growth_yoy": 0.225031864863677,
      "rev_growth_yoy_accel": 0.03762121162233198,
      "op_leverage_ratio": 1.8081460358818984,
      "fcf_margin_change": -0.007671125642128157
    },
    {
      "date": "2023-03-31T00:00:00",
      "quarter_label": "2023-03 (Q1)",
      "revenue": 69102000,
      "gross_profit": null,
      "operating_income": null,
      "net_income": 36678000,
      "opex": 37005000,
      "cogs": null,
      "rd": null,
      "sga": null,
      "fcf": 19507000,
      "ocf": 19507000,
      "capex": null,
      "gross_margin": null,
      "op_margin": null,
      "fcf_margin": 0.2822928424647622,
      "rev_growth_yoy": 0.19291522088145424,
      "rev_growth_yoy_accel": -0.03211664398222275,
      "fcf_margin_change": 0.04282000799330307
    },
    {
      "date": "2023-06-30T00:00:00",
      "quarter_label": "2023-06 (Q2)",
      "revenue": 80925000,
      "gross_profit": null,
      "operating_income": null,
      "net_income": 4253000,
      "opex": 37754000,
      "cogs": null,
      "rd": null,
      "sga": null,
      "fcf": 22403000,
      "ocf": 22403000,
      "capex": null,
      "gross_margin": null,
      "op_margin": null,
      "fcf_margin": 0.27683657707754095,
      "rev_growth_yoy": 0.16876083188908145,
      "rev_growth_yoy_accel": -0.024154388992372794,
      "op_leverage_ratio": 8.453093314312284,
      "fcf_margin_change": -0.005456265387221271
    },
    {
      "date": "2023-09-30T00:00:00",
      "quarter_label": "2023-09 (Q3)",
      "revenue": 80553000,
      "gross_profit": null,
      "operating_income": null,
      "net_income": -68947000,
      "opex": 39876000,
      "cogs": null,
      "rd": null,
      "sga": null,
      "fcf": 41925000,
      "ocf": 41925000,
      "capex": null,
      "gross_margin": null,
      "op_margin": null,
      "fcf_margin": 0.520464787158765,
      "rev_growth_yoy": 0.054124082337699726,
      "rev_growth_yoy_accel": -0.11463674955138173,
      "fcf_margin_change": 0.24362821008122404
    },
    {
      "date": "2023-12-31T00:00:00",
      "quarter_label": "2023-12 (Q4)",
      "revenue": 75972000,
      "gross_profit": null,
      "operating_income": null,
      "net_income": null,
      "opex": 40698000,
      "cogs": null,
      "rd": null,
      "sga": null,
      "fcf": 27305000,
      "ocf": 27305000,
      "capex": null,
      "gross_margin": null,
      "op_margin": null,
      "fcf_margin": 0.3594087295319328,
      "rev_growth_yoy": -0.09142877644498128,
      "rev_growth_yoy_accel": -0.145552858782681,
      "fcf_margin_change": -0.16105605762683217
    },
    {
      "date": "2024-03-31T00:00:00",
      "quarter_label": "2024-03 (Q1)",
      "revenue": 58825000,
      "gross_profit": null,
      "operating_income": null,
      "net_income": -52795000,
      "opex": 39248000,
      "cogs": null,
      "rd": null,
      "sga": null,
      "fcf": 21488000,
      "ocf": 21488000,
      "capex": null,
      "gross_margin": null,
      "op_margin": null,
      "fcf_margin": 0.3652868678283043,
      "rev_growth_yoy": -0.1487221788081387,
      "rev_growth_yoy_accel": -0.05729340236315743,
      "fcf_margin_change": 0.00587813829637146
    },
    {
      "date": "2024-06-30T00:00:00",
      "quarter_label": "2024-06 (Q2)",
      "revenue": 64487000,
      "gross_profit": null,
      "operating_income": null,
      "net_income": -11554000,
      "opex": 41206000,
      "cogs": null,
      "rd": null,
      "sga": null,
      "fcf": 5525000,
      "ocf": 5525000,
      "capex": null,
      "gross_margin": null,
      "op_margin": null,
      "fcf_margin": 0.08567618279653264,
      "rev_growth_yoy": -0.2031263515600865,
      "rev_growth_yoy_accel": -0.05440417275194778,
      "op_leverage_ratio": 1.929357788527197,
      "fcf_margin_change": -0.27961068503177167
    },
    {
      "date": "2024-09-30T00:00:00",
      "quarter_label": "2024-09 (Q3)",
      "revenue": 64877000,
      "gross_profit": null,
      "operating_income": null,
      "net_income": -56218000,
      "opex": 41951000,
      "cogs": null,
      "rd": null,
      "sga": null,
      "fcf": 39175000,
      "ocf": 39175000,
      "capex": null,
      "gross_margin": null,
      "op_margin": null,
      "fcf_margin": 0.603834949211585,
      "rev_growth_yoy": -0.19460479435899347,
      "rev_growth_yoy_accel": 0.008521557201093016,
      "fcf_margin_change": 0.5181587664150523
    },
    {
      "date": "2024-12-31T00:00:00",
      "quarter_label": "2024-12 (Q4)",
      "revenue": 60226000,
      "gross_profit": null,
      "operating_income": null,
      "net_income": null,
      "opex": 42569000,
      "cogs": null,
      "rd": null,
      "sga": null,
      "fcf": 18329000,
      "ocf": 18329000,
      "capex": null,
      "gross_margin": null,
      "op_margin": null,
      "fcf_margin": 0.30433699731013186,
      "rev_growth_yoy": -0.20726056968356762,
      "rev_growth_yoy_accel": -0.012655775324574153,
      "fcf_margin_change": -0.2994979519014531
    },
    {
      "date": "2025-03-31T00:00:00",
      "quarter_label": "2025-03 (Q1)",
      "revenue": 43375000,
      "gross_profit": null,
      "operating_income": null,
      "net_income": -78623000,
      "opex": 37648000,
      "cogs": null,
      "rd": null,
      "sga": null,
      "fcf": -35785000,
      "ocf": -35785000,
      "capex": null,
      "gross_margin": null,
      "op_margin": null,
      "fcf_margin": -0.8250144092219021,
      "rev_growth_yoy": -0.2626434339141521,
      "rev_growth_yoy_accel": -0.0553828642305845,
      "fcf_margin_change": -1.129351406532034
    },
    {
      "date": "2025-06-30T00:00:00",
      "quarter_label": "2025-06 (Q2)",
      "revenue": 51632000,
      "gross_profit": null,
      "operating_income": null,
      "net_income": -181707000,
      "opex": 42700000,
      "cogs": null,
      "rd": null,
      "sga": null,
      "fcf": -5848000,
      "ocf": -5848000,
      "capex": null,
      "gross_margin": null,
      "op_margin": null,
      "fcf_margin": -0.11326309265571738,
      "rev_growth_yoy": -0.1993425031401678,
      "rev_growth_yoy_accel": 0.06330093077398433,
      "op_leverage_ratio": 1.4186046031930744,
      "fcf_margin_change": 0.7117513165661846
    },
    {
      "date": "2025-09-30T00:00:00",
      "quarter_label": "2025-09 (Q3)",
      "revenue": 46074000,
      "gross_profit": null,
      "operating_income": null,
      "net_income": -9528000,
      "opex": 46251000,
      "cogs": null,
      "rd": null,
      "sga": null,
      "fcf": 8775000,
      "ocf": 8775000,
      "capex": null,
      "gross_margin": null,
      "op_margin": null,
      "fcf_margin": 0.19045448626123193,
      "rev_growth_yoy": -0.28982536183855606,
      "rev_growth_yoy_accel": -0.09048285869838826,
      "fcf_margin_change": 0.3037175789169493
    }
  ],
  "signals": [
    {
      "quarter": "2025-09 (Q3)",
      "signal": "FCF TURNED POSITIVE",
      "detail": "FCF margin: -11.3% -> +19.0%",
      "severity": "HIGH"
    },
    {
      "quarter": "2025-09 (Q3)",
      "signal": "YoY REVENUE GROWTH DECELERATION",
      "detail": "YoY growth: -29.0% vs prior quarter YoY: -19.9% (decel: -9.0%)",
      "severity": "WARNING"
    },
    {
      "quarter": "2025-06 (Q2)",
      "signal": "FCF MARGIN EXPANSION",
      "detail": "FCF margin: -82.5% -> -11.3% (+71.2%)",
      "severity": "MEDIUM"
    },
    {
      "quarter": "2025-06 (Q2)",
      "signal": "YoY REVENUE GROWTH ACCELERATION",
      "detail": "YoY growth: -19.9% vs prior quarter YoY: -26.3% (accel: +6.3%)",
      "severity": "MEDIUM"
    },
    {
      "quarter": "2025-03 (Q1)",
      "signal": "YoY REVENUE GROWTH DECELERATION",
      "detail": "YoY growth: -26.3% vs prior quarter YoY: -20.7% (decel: -5.5%)",
      "severity": "WARNING"
    },
    {
      "quarter": "2024-09 (Q3)",
      "signal": "FCF MARGIN EXPANSION",
      "detail": "FCF margin: +8.6% -> +60.4% (+51.8%)",
      "severity": "MEDIUM"
    },
    {
      "quarter": "2024-06 (Q2)",
      "signal": "OPERATING LEVERAGE",
      "detail": "Rev growth +9.6% vs OpEx growth +5.0% (leverage: 1.9x)",
      "severity": "MEDIUM"
    },
    {
      "quarter": "2024-06 (Q2)",
      "signal": "YoY REVENUE GROWTH DECELERATION",
      "detail": "YoY growth: -20.3% vs prior quarter YoY: -14.9% (decel: -5.4%)",
      "severity": "WARNING"
    },
    {
      "quarter": "2024-03 (Q1)",
      "signal": "YoY REVENUE GROWTH DECELERATION",
      "detail": "YoY growth: -14.9% vs prior quarter YoY: -9.1% (decel: -5.7%)",
      "severity": "WARNING"
    },
    {
      "quarter": "2023-12 (Q4)",
      "signal": "YoY REVENUE GROWTH DECELERATION",
      "detail": "YoY growth: -9.1% vs prior quarter YoY: +5.4% (decel: -14.6%)",
      "severity": "WARNING"
    },
    {
      "quarter": "2023-09 (Q3)",
      "signal": "FCF MARGIN EXPANSION",
      "detail": "FCF margin: +27.7% -> +52.0% (+24.4%)",
      "severity": "MEDIUM"
    },
    {
      "quarter": "2023-09 (Q3)",
      "signal": "YoY REVENUE GROWTH DECELERATION",
      "detail": "YoY growth: +5.4% vs prior quarter YoY: +16.9% (decel: -11.5%)",
      "severity": "WARNING"
    },
    {
      "quarter": "2023-06 (Q2)",
      "signal": "OPERATING LEVERAGE",
      "detail": "Rev growth +17.1% vs OpEx growth +2.0% (leverage: 8.5x)",
      "severity": "MEDIUM"
    },
    {
      "quarter": "2022-12 (Q4)",
      "signal": "OPERATING LEVERAGE",
      "detail": "Rev growth +9.4% vs OpEx growth +5.2% (leverage: 1.8x)",
      "severity": "MEDIUM"
    },
    {
      "quarter": "2022-09 (Q3)",
      "signal": "YoY REVENUE GROWTH ACCELERATION",
      "detail": "YoY growth: +18.7% vs prior quarter YoY: +7.9% (accel: +10.9%)",
      "severity": "MEDIUM"
    },
    {
      "quarter": "2022-06 (Q2)",
      "signal": "FCF MARGIN EXPANSION",
      "detail": "FCF margin: +39.0% -> +71.5% (+32.4%)",
      "severity": "MEDIUM"
    },
    {
      "quarter": "2022-06 (Q2)",
      "signal": "YoY REVENUE GROWTH ACCELERATION",
      "detail": "YoY growth: +7.9% vs prior quarter YoY: -4.4% (accel: +12.2%)",
      "severity": "MEDIUM"
    },
    {
      "quarter": "2022-03 (Q1)",
      "signal": "YoY REVENUE GROWTH DECELERATION",
      "detail": "YoY growth: -4.4% vs prior quarter YoY: +10.1% (decel: -14.4%)",
      "severity": "WARNING"
    },
    {
      "quarter": "2021-12 (Q4)",
      "signal": "FCF MARGIN EXPANSION",
      "detail": "FCF margin: +83.8% -> +101.1% (+17.4%)",
      "severity": "MEDIUM"
    },
    {
      "quarter": "2021-06 (Q2)",
      "signal": "FCF MARGIN EXPANSION",
      "detail": "FCF margin: +53.9% -> +90.3% (+36.4%)",
      "severity": "MEDIUM"
    }
  ],
  "data_quality": {
    "n_quarters": 20,
    "coverage": {
      "revenue": [
        20,
        20
      ],
      "gross_profit": [
        0,
        20
      ],
      "op_income": [
        0,
        20
      ],
      "fcf": [
        20,
        20
      ]
    },
    "gaps": [],
    "warnings": [
      "gross_profit: no data",
      "op_income: no data"
    ]
  },
  "market_cap": null,
  "source": "SEC EDGAR",
  "last_updated": "2026-02-02T22:33:33.133003"
}