{
  "ticker": "CNA",
  "name": "CNA FINANCIAL CORPORATION",
  "sector": "Financial Services",
  "industry": "Insurance - Property & Casualty",
  "quarters": [
    {
      "date": "2021-03-31T00:00:00",
      "quarter_label": "2021-03 (Q1)",
      "revenue": 2866000000,
      "gross_profit": null,
      "operating_income": null,
      "net_income": 312000000,
      "opex": null,
      "cogs": null,
      "rd": null,
      "sga": null,
      "fcf": 79000000,
      "ocf": 82000000,
      "capex": -3000000,
      "gross_margin": null,
      "op_margin": null,
      "fcf_margin": 0.027564549895324496
    },
    {
      "date": "2021-06-30T00:00:00",
      "quarter_label": "2021-06 (Q2)",
      "revenue": 3029000000,
      "gross_profit": null,
      "operating_income": null,
      "net_income": 368000000,
      "opex": null,
      "cogs": null,
      "rd": null,
      "sga": null,
      "fcf": 601000000,
      "ocf": 603000000,
      "capex": -2000000,
      "gross_margin": null,
      "op_margin": null,
      "fcf_margin": 0.1984153185869924,
      "fcf_margin_change": 0.1708507686916679
    },
    {
      "date": "2021-09-30T00:00:00",
      "quarter_label": "2021-09 (Q3)",
      "revenue": 2959000000,
      "gross_profit": null,
      "operating_income": null,
      "net_income": 256000000,
      "opex": null,
      "cogs": null,
      "rd": null,
      "sga": null,
      "fcf": 658000000,
      "ocf": 669000000,
      "capex": -11000000,
      "gross_margin": null,
      "op_margin": null,
      "fcf_margin": 0.22237242311591754,
      "fcf_margin_change": 0.023957104528925133
    },
    {
      "date": "2021-12-31T00:00:00",
      "quarter_label": "2021-12 (Q4)",
      "revenue": 3054000000,
      "gross_profit": null,
      "operating_income": null,
      "net_income": 266000000,
      "opex": null,
      "cogs": null,
      "rd": null,
      "sga": null,
      "fcf": 633000000,
      "ocf": 643000000,
      "capex": -10000000,
      "gross_margin": null,
      "op_margin": null,
      "fcf_margin": 0.20726915520628683,
      "fcf_margin_change": -0.015103267909630708
    },
    {
      "date": "2022-03-31T00:00:00",
      "quarter_label": "2022-03 (Q1)",
      "revenue": 2885000000,
      "gross_profit": null,
      "operating_income": null,
      "net_income": 313000000,
      "opex": null,
      "cogs": null,
      "rd": null,
      "sga": null,
      "fcf": 633000000,
      "ocf": 645000000,
      "capex": -12000000,
      "gross_margin": null,
      "op_margin": null,
      "fcf_margin": 0.2194107452339688,
      "rev_growth_yoy": 0.006629448709002094,
      "fcf_margin_change": 0.012141590027681975
    },
    {
      "date": "2022-06-30T00:00:00",
      "quarter_label": "2022-06 (Q2)",
      "revenue": 2926000000,
      "gross_profit": null,
      "operating_income": null,
      "net_income": 205000000,
      "opex": null,
      "cogs": null,
      "rd": null,
      "sga": null,
      "fcf": 595000000,
      "ocf": 608000000,
      "capex": -13000000,
      "gross_margin": null,
      "op_margin": null,
      "fcf_margin": 0.20334928229665072,
      "rev_growth_yoy": -0.0340046219874546,
      "rev_growth_yoy_accel": -0.0406340706964567,
      "fcf_margin_change": -0.016061462937318083
    },
    {
      "date": "2022-09-30T00:00:00",
      "quarter_label": "2022-09 (Q3)",
      "revenue": 2957000000,
      "gross_profit": null,
      "operating_income": null,
      "net_income": 128000000,
      "opex": null,
      "cogs": null,
      "rd": null,
      "sga": null,
      "fcf": 721000000,
      "ocf": 737000000,
      "capex": -16000000,
      "gross_margin": null,
      "op_margin": null,
      "fcf_margin": 0.2438282042610754,
      "rev_growth_yoy": -0.0006759040216289286,
      "rev_growth_yoy_accel": 0.03332871796582568,
      "fcf_margin_change": 0.04047892196442468
    },
    {
      "date": "2022-12-31T00:00:00",
      "quarter_label": "2022-12 (Q4)",
      "revenue": 3111000000,
      "gross_profit": null,
      "operating_income": null,
      "net_income": 239000000,
      "opex": null,
      "cogs": null,
      "rd": null,
      "sga": null,
      "fcf": 501000000,
      "ocf": 512000000,
      "capex": -11000000,
      "gross_margin": null,
      "op_margin": null,
      "fcf_margin": 0.16104146576663453,
      "rev_growth_yoy": 0.018664047151277015,
      "rev_growth_yoy_accel": 0.019339951172905944,
      "fcf_margin_change": -0.08278673849444088
    },
    {
      "date": "2023-03-31T00:00:00",
      "quarter_label": "2023-03 (Q1)",
      "revenue": 3152000000,
      "gross_profit": null,
      "operating_income": null,
      "net_income": 297000000,
      "opex": null,
      "cogs": null,
      "rd": null,
      "sga": null,
      "fcf": 416000000,
      "ocf": 436000000,
      "capex": -20000000,
      "gross_margin": null,
      "op_margin": null,
      "fcf_margin": 0.1319796954314721,
      "rev_growth_yoy": 0.09254766031195841,
      "rev_growth_yoy_accel": 0.0738836131606814,
      "fcf_margin_change": -0.02906177033516244
    },
    {
      "date": "2023-06-30T00:00:00",
      "quarter_label": "2023-06 (Q2)",
      "revenue": 3304000000,
      "gross_profit": null,
      "operating_income": null,
      "net_income": 283000000,
      "opex": null,
      "cogs": null,
      "rd": null,
      "sga": null,
      "fcf": 478000000,
      "ocf": 501000000,
      "capex": -23000000,
      "gross_margin": null,
      "op_margin": null,
      "fcf_margin": 0.14467312348668282,
      "rev_growth_yoy": 0.1291866028708134,
      "rev_growth_yoy_accel": 0.036638942558855,
      "fcf_margin_change": 0.012693428055210731
    },
    {
      "date": "2023-09-30T00:00:00",
      "quarter_label": "2023-09 (Q3)",
      "revenue": 3336000000,
      "gross_profit": null,
      "operating_income": null,
      "net_income": 258000000,
      "opex": null,
      "cogs": null,
      "rd": null,
      "sga": null,
      "fcf": 804000000,
      "ocf": 828000000,
      "capex": -24000000,
      "gross_margin": null,
      "op_margin": null,
      "fcf_margin": 0.24100719424460432,
      "rev_growth_yoy": 0.12817044301657085,
      "rev_growth_yoy_accel": -0.0010161598542425543,
      "fcf_margin_change": 0.0963340707579215
    },
    {
      "date": "2023-12-31T00:00:00",
      "quarter_label": "2023-12 (Q4)",
      "revenue": 3507000000,
      "gross_profit": null,
      "operating_income": null,
      "net_income": 367000000,
      "opex": null,
      "cogs": null,
      "rd": null,
      "sga": null,
      "fcf": 497000000,
      "ocf": 520000000,
      "capex": -23000000,
      "gross_margin": null,
      "op_margin": null,
      "fcf_margin": 0.14171656686626746,
      "rev_growth_yoy": 0.12729026036644167,
      "rev_growth_yoy_accel": -0.0008801826501291798,
      "fcf_margin_change": -0.09929062737833685
    },
    {
      "date": "2024-03-31T00:00:00",
      "quarter_label": "2024-03 (Q1)",
      "revenue": 3444000000,
      "gross_profit": null,
      "operating_income": null,
      "net_income": 338000000,
      "opex": null,
      "cogs": null,
      "rd": null,
      "sga": null,
      "fcf": 484000000,
      "ocf": 504000000,
      "capex": -20000000,
      "gross_margin": null,
      "op_margin": null,
      "fcf_margin": 0.140534262485482,
      "rev_growth_yoy": 0.09263959390862944,
      "rev_growth_yoy_accel": -0.03465066645781223,
      "fcf_margin_change": -0.0011823043807854539
    },
    {
      "date": "2024-06-30T00:00:00",
      "quarter_label": "2024-06 (Q2)",
      "revenue": 3519000000,
      "gross_profit": null,
      "operating_income": null,
      "net_income": 317000000,
      "opex": null,
      "cogs": null,
      "rd": null,
      "sga": null,
      "fcf": 597000000,
      "ocf": 616000000,
      "capex": -19000000,
      "gross_margin": null,
      "op_margin": null,
      "fcf_margin": 0.16965046888320545,
      "rev_growth_yoy": 0.0650726392251816,
      "rev_growth_yoy_accel": -0.027566954683447845,
      "fcf_margin_change": 0.029116206397723443
    },
    {
      "date": "2024-09-30T00:00:00",
      "quarter_label": "2024-09 (Q3)",
      "revenue": 3618000000,
      "gross_profit": null,
      "operating_income": null,
      "net_income": 283000000,
      "opex": null,
      "cogs": null,
      "rd": null,
      "sga": null,
      "fcf": 730000000,
      "ocf": 748000000,
      "capex": -18000000,
      "gross_margin": null,
      "op_margin": null,
      "fcf_margin": 0.2017689331122167,
      "rev_growth_yoy": 0.08453237410071943,
      "rev_growth_yoy_accel": 0.01945973487553783,
      "fcf_margin_change": 0.03211846422901124
    },
    {
      "date": "2024-12-31T00:00:00",
      "quarter_label": "2024-12 (Q4)",
      "revenue": 3689000000,
      "gross_profit": null,
      "operating_income": null,
      "net_income": 21000000,
      "opex": null,
      "cogs": null,
      "rd": null,
      "sga": null,
      "fcf": 665000000,
      "ocf": 703000000,
      "capex": -38000000,
      "gross_margin": null,
      "op_margin": null,
      "fcf_margin": 0.18026565464895636,
      "rev_growth_yoy": 0.05189620758483034,
      "rev_growth_yoy_accel": -0.03263616651588909,
      "fcf_margin_change": -0.021503278463260334
    },
    {
      "date": "2025-03-31T00:00:00",
      "quarter_label": "2025-03 (Q1)",
      "revenue": 3627000000,
      "gross_profit": null,
      "operating_income": null,
      "net_income": 274000000,
      "opex": null,
      "cogs": null,
      "rd": null,
      "sga": null,
      "fcf": 620000000,
      "ocf": 638000000,
      "capex": -18000000,
      "gross_margin": null,
      "op_margin": null,
      "fcf_margin": 0.17094017094017094,
      "rev_growth_yoy": 0.05313588850174216,
      "rev_growth_yoy_accel": 0.0012396809169118242,
      "fcf_margin_change": -0.009325483708785415
    },
    {
      "date": "2025-06-30T00:00:00",
      "quarter_label": "2025-06 (Q2)",
      "revenue": 3717000000,
      "gross_profit": null,
      "operating_income": null,
      "net_income": 299000000,
      "opex": null,
      "cogs": null,
      "rd": null,
      "sga": null,
      "fcf": 538000000,
      "ocf": 562000000,
      "capex": -24000000,
      "gross_margin": null,
      "op_margin": null,
      "fcf_margin": 0.14474038202851763,
      "rev_growth_yoy": 0.056265984654731455,
      "rev_growth_yoy_accel": 0.0031300961529892937,
      "fcf_margin_change": -0.02619978891165331
    },
    {
      "date": "2025-09-30T00:00:00",
      "quarter_label": "2025-09 (Q3)",
      "revenue": 3817000000,
      "gross_profit": null,
      "operating_income": null,
      "net_income": 403000000,
      "opex": null,
      "cogs": null,
      "rd": null,
      "sga": null,
      "fcf": 704000000,
      "ocf": 720000000,
      "capex": -16000000,
      "gross_margin": null,
      "op_margin": null,
      "fcf_margin": 0.1844380403458213,
      "rev_growth_yoy": 0.05500276395798784,
      "rev_growth_yoy_accel": -0.0012632206967436166,
      "fcf_margin_change": 0.03969765831730368
    },
    {
      "date": "2025-12-31T00:00:00",
      "quarter_label": "2025-12 (Q4)",
      "revenue": 3828000000,
      "gross_profit": null,
      "operating_income": null,
      "net_income": 302000000,
      "opex": null,
      "cogs": null,
      "rd": null,
      "sga": null,
      "fcf": 542000000,
      "ocf": 570000000,
      "capex": -28000000,
      "gross_margin": null,
      "op_margin": null,
      "fcf_margin": 0.14158829676071055,
      "rev_growth_yoy": 0.03767958796421794,
      "rev_growth_yoy_accel": -0.017323175993769896,
      "fcf_margin_change": -0.04284974358511076
    }
  ],
  "signals": [
    {
      "quarter": "2023-09 (Q3)",
      "signal": "FCF MARGIN EXPANSION",
      "detail": "FCF margin: +14.5% -> +24.1% (+9.6%)",
      "severity": "MEDIUM"
    },
    {
      "quarter": "2023-03 (Q1)",
      "signal": "YoY REVENUE GROWTH ACCELERATION",
      "detail": "YoY growth: +9.3% vs prior quarter YoY: +1.9% (accel: +7.4%)",
      "severity": "MEDIUM"
    },
    {
      "quarter": "2021-06 (Q2)",
      "signal": "FCF MARGIN EXPANSION",
      "detail": "FCF margin: +2.8% -> +19.8% (+17.1%)",
      "severity": "MEDIUM"
    }
  ],
  "data_quality": {
    "n_quarters": 20,
    "coverage": {
      "revenue": [
        20,
        20
      ],
      "gross_profit": [
        0,
        20
      ],
      "op_income": [
        0,
        20
      ],
      "fcf": [
        20,
        20
      ]
    },
    "gaps": [],
    "warnings": [
      "gross_profit: no data",
      "op_income: no data"
    ]
  },
  "market_cap": null,
  "source": "SEC EDGAR",
  "last_updated": "2026-02-13T11:45:34.956953"
}