{
  "ticker": "CNDT",
  "name": "CONDUENT INCORPORATED",
  "quarters": [
    {
      "date": "2020-12-31T00:00:00",
      "quarter_label": "2020-12 (Q4)",
      "revenue": 1055000000,
      "gross_profit": 252000000,
      "operating_income": null,
      "net_income": -11000000,
      "opex": 1066000000,
      "cogs": 803000000,
      "rd": 0,
      "sga": 119000000,
      "fcf": 144000000,
      "ocf": 172000000,
      "capex": -28000000,
      "gross_margin": 0.23886255924170616,
      "op_margin": null,
      "fcf_margin": 0.13649289099526066
    },
    {
      "date": "2021-03-31T00:00:00",
      "quarter_label": "2021-03 (Q1)",
      "revenue": 1028000000,
      "gross_profit": 241000000,
      "operating_income": null,
      "net_income": -11000000,
      "opex": 1037000000,
      "cogs": 787000000,
      "rd": 0,
      "sga": 126000000,
      "fcf": -16000000,
      "ocf": -2000000,
      "capex": -14000000,
      "gross_margin": 0.23443579766536965,
      "op_margin": null,
      "fcf_margin": -0.01556420233463035,
      "fcf_margin_change": -0.152057093329891
    },
    {
      "date": "2021-06-30T00:00:00",
      "quarter_label": "2021-06 (Q2)",
      "revenue": 1026000000,
      "gross_profit": 254000000,
      "operating_income": null,
      "net_income": 12000000,
      "opex": 1007000000,
      "cogs": 772000000,
      "rd": 1000000,
      "sga": 125000000,
      "fcf": 80000000,
      "ocf": 105000000,
      "capex": -25000000,
      "gross_margin": 0.2475633528265107,
      "op_margin": null,
      "fcf_margin": 0.07797270955165692,
      "fcf_margin_change": 0.09353691188628727
    },
    {
      "date": "2021-09-30T00:00:00",
      "quarter_label": "2021-09 (Q3)",
      "revenue": 1038000000,
      "gross_profit": 262000000,
      "operating_income": null,
      "net_income": 11000000,
      "opex": 1019000000,
      "cogs": 776000000,
      "rd": 2000000,
      "sga": 131000000,
      "fcf": 42000000,
      "ocf": 55000000,
      "capex": -13000000,
      "gross_margin": 0.2524084778420039,
      "op_margin": null,
      "fcf_margin": 0.04046242774566474,
      "op_leverage_ratio": 0.9814814814814814,
      "fcf_margin_change": -0.037510281805992175
    },
    {
      "date": "2021-12-31T00:00:00",
      "quarter_label": "2021-12 (Q4)",
      "revenue": 1048000000,
      "gross_profit": 245000000,
      "operating_income": null,
      "net_income": -40000000,
      "opex": 1102000000,
      "cogs": 803000000,
      "rd": 1000000,
      "sga": 162000000,
      "fcf": 57000000,
      "ocf": 85000000,
      "capex": -28000000,
      "gross_margin": 0.23377862595419846,
      "op_margin": null,
      "fcf_margin": 0.05438931297709924,
      "rev_growth_yoy": -0.006635071090047393,
      "fcf_margin_change": 0.013926885231434497
    },
    {
      "date": "2022-03-31T00:00:00",
      "quarter_label": "2022-03 (Q1)",
      "revenue": 967000000,
      "gross_profit": 212000000,
      "operating_income": null,
      "net_income": 136000000,
      "opex": 757000000,
      "cogs": 755000000,
      "rd": 1000000,
      "sga": 102000000,
      "fcf": -23000000,
      "ocf": 11000000,
      "capex": -34000000,
      "gross_margin": 0.21923474663908996,
      "op_margin": null,
      "fcf_margin": -0.023784901758014478,
      "rev_growth_yoy": -0.05933852140077821,
      "rev_growth_yoy_accel": -0.052703450310730815,
      "fcf_margin_change": -0.07817421473511371
    },
    {
      "date": "2022-06-30T00:00:00",
      "quarter_label": "2022-06 (Q2)",
      "revenue": 928000000,
      "gross_profit": 201000000,
      "operating_income": null,
      "net_income": 0,
      "opex": 923000000,
      "cogs": 727000000,
      "rd": 2000000,
      "sga": 113000000,
      "fcf": -33000000,
      "ocf": -16000000,
      "capex": -17000000,
      "gross_margin": 0.2165948275862069,
      "op_margin": null,
      "fcf_margin": -0.03556034482758621,
      "rev_growth_yoy": -0.09551656920077972,
      "rev_growth_yoy_accel": -0.036178047800001514,
      "fcf_margin_change": -0.01177544306957173
    },
    {
      "date": "2022-09-30T00:00:00",
      "quarter_label": "2022-09 (Q3)",
      "revenue": 977000000,
      "gross_profit": 223000000,
      "operating_income": null,
      "net_income": 15000000,
      "opex": 954000000,
      "cogs": 754000000,
      "rd": 2000000,
      "sga": 117000000,
      "fcf": 87000000,
      "ocf": 98000000,
      "capex": -11000000,
      "gross_margin": 0.22824974411463664,
      "op_margin": null,
      "fcf_margin": 0.08904810644831115,
      "rev_growth_yoy": -0.05876685934489403,
      "rev_growth_yoy_accel": 0.036749709855885694,
      "op_leverage_ratio": 1.5721287541713016,
      "fcf_margin_change": 0.12460845127589737
    },
    {
      "date": "2022-12-31T00:00:00",
      "quarter_label": "2022-12 (Q4)",
      "revenue": 986000000,
      "gross_profit": 204000000,
      "operating_income": null,
      "net_income": -333000000,
      "opex": 1351000000,
      "cogs": 782000000,
      "rd": 2000000,
      "sga": 108000000,
      "fcf": 21000000,
      "ocf": 51000000,
      "capex": -30000000,
      "gross_margin": 0.20689655172413793,
      "op_margin": null,
      "fcf_margin": 0.02129817444219067,
      "rev_growth_yoy": -0.05916030534351145,
      "rev_growth_yoy_accel": -0.0003934459986174241,
      "fcf_margin_change": -0.06774993200612048
    },
    {
      "date": "2023-03-31T00:00:00",
      "quarter_label": "2023-03 (Q1)",
      "revenue": 922000000,
      "gross_profit": 202000000,
      "operating_income": null,
      "net_income": -6000000,
      "opex": 930000000,
      "cogs": 720000000,
      "rd": 2000000,
      "sga": 111000000,
      "fcf": -23000000,
      "ocf": -12000000,
      "capex": -11000000,
      "gross_margin": 0.21908893709327548,
      "op_margin": null,
      "fcf_margin": -0.024945770065075923,
      "rev_growth_yoy": -0.04653567735263702,
      "rev_growth_yoy_accel": 0.01262462799087443,
      "fcf_margin_change": -0.04624394450726659
    },
    {
      "date": "2023-06-30T00:00:00",
      "quarter_label": "2023-06 (Q2)",
      "revenue": 915000000,
      "gross_profit": 211000000,
      "operating_income": null,
      "net_income": -7000000,
      "opex": 922000000,
      "cogs": 704000000,
      "rd": 1000000,
      "sga": 118000000,
      "fcf": -19000000,
      "ocf": -10000000,
      "capex": -9000000,
      "gross_margin": 0.23060109289617486,
      "op_margin": null,
      "fcf_margin": -0.020765027322404372,
      "rev_growth_yoy": -0.014008620689655173,
      "rev_growth_yoy_accel": 0.03252705666298185,
      "fcf_margin_change": 0.0041807427426715504
    },
    {
      "date": "2023-09-30T00:00:00",
      "quarter_label": "2023-09 (Q3)",
      "revenue": 932000000,
      "gross_profit": 208000000,
      "operating_income": null,
      "net_income": null,
      "opex": 1245000000,
      "cogs": 724000000,
      "rd": 2000000,
      "sga": 115000000,
      "fcf": -24000000,
      "ocf": -11000000,
      "capex": -13000000,
      "gross_margin": 0.22317596566523606,
      "op_margin": null,
      "fcf_margin": -0.02575107296137339,
      "rev_growth_yoy": -0.04605936540429888,
      "rev_growth_yoy_accel": -0.032050744714643704,
      "op_leverage_ratio": 0.053034224906528614,
      "fcf_margin_change": -0.004986045638969018
    },
    {
      "date": "2023-12-31T00:00:00",
      "quarter_label": "2023-12 (Q4)",
      "revenue": 953000000,
      "gross_profit": 213000000,
      "operating_income": null,
      "net_income": null,
      "opex": 957000000,
      "cogs": 740000000,
      "rd": 2000000,
      "sga": 114000000,
      "fcf": 104000000,
      "ocf": 122000000,
      "capex": -18000000,
      "gross_margin": 0.22350472193074503,
      "op_margin": null,
      "fcf_margin": 0.10912906610703044,
      "rev_growth_yoy": -0.033468559837728194,
      "rev_growth_yoy_accel": 0.012590805566570683,
      "op_leverage_ratio": Infinity,
      "fcf_margin_change": 0.13488013906840382
    },
    {
      "date": "2024-03-31T00:00:00",
      "quarter_label": "2024-03 (Q1)",
      "revenue": 921000000,
      "gross_profit": 186000000,
      "operating_income": null,
      "net_income": null,
      "opex": 794000000,
      "cogs": 735000000,
      "rd": 2000000,
      "sga": 116000000,
      "fcf": -50000000,
      "ocf": -37000000,
      "capex": -13000000,
      "gross_margin": 0.20195439739413681,
      "op_margin": null,
      "fcf_margin": -0.05428881650380022,
      "rev_growth_yoy": -0.0010845986984815619,
      "rev_growth_yoy_accel": 0.03238396113924663,
      "fcf_margin_change": -0.16341788261083065
    },
    {
      "date": "2024-06-30T00:00:00",
      "quarter_label": "2024-06 (Q2)",
      "revenue": 828000000,
      "gross_profit": 151000000,
      "operating_income": null,
      "net_income": null,
      "opex": 528000000,
      "cogs": 677000000,
      "rd": 1000000,
      "sga": 115000000,
      "fcf": -59000000,
      "ocf": -41000000,
      "capex": -18000000,
      "gross_margin": 0.1823671497584541,
      "op_margin": null,
      "fcf_margin": -0.07125603864734299,
      "rev_growth_yoy": -0.09508196721311475,
      "rev_growth_yoy_accel": -0.0939973685146332,
      "fcf_margin_change": -0.016967222143542772
    },
    {
      "date": "2024-09-30T00:00:00",
      "quarter_label": "2024-09 (Q3)",
      "revenue": 807000000,
      "gross_profit": 151000000,
      "operating_income": null,
      "net_income": null,
      "opex": 648000000,
      "cogs": 656000000,
      "rd": 1000000,
      "sga": 115000000,
      "fcf": -21000000,
      "ocf": -13000000,
      "capex": -8000000,
      "gross_margin": 0.18711276332094176,
      "op_margin": null,
      "fcf_margin": -0.026022304832713755,
      "rev_growth_yoy": -0.13412017167381973,
      "rev_growth_yoy_accel": -0.03903820446070498,
      "fcf_margin_change": 0.04523373381462924
    },
    {
      "date": "2024-12-31T00:00:00",
      "quarter_label": "2024-12 (Q4)",
      "revenue": 800000000,
      "gross_profit": 138000000,
      "operating_income": null,
      "net_income": null,
      "opex": 882000000,
      "cogs": 662000000,
      "rd": 2000000,
      "sga": 109000000,
      "fcf": 52000000,
      "ocf": 41000000,
      "capex": 11000000,
      "gross_margin": 0.1725,
      "op_margin": null,
      "fcf_margin": 0.065,
      "rev_growth_yoy": -0.16054564533053514,
      "rev_growth_yoy_accel": -0.02642547365671541,
      "fcf_margin_change": 0.09102230483271376
    },
    {
      "date": "2025-03-31T00:00:00",
      "quarter_label": "2025-03 (Q1)",
      "revenue": 751000000,
      "gross_profit": 133000000,
      "operating_income": null,
      "net_income": null,
      "opex": 807000000,
      "cogs": 618000000,
      "rd": 1000000,
      "sga": 120000000,
      "fcf": -72000000,
      "ocf": -58000000,
      "capex": -14000000,
      "gross_margin": 0.17709720372836218,
      "op_margin": null,
      "fcf_margin": -0.09587217043941411,
      "rev_growth_yoy": -0.18458197611292074,
      "rev_growth_yoy_accel": -0.024036330782385595,
      "fcf_margin_change": -0.1608721704394141
    },
    {
      "date": "2025-06-30T00:00:00",
      "quarter_label": "2025-06 (Q2)",
      "revenue": 754000000,
      "gross_profit": 137000000,
      "operating_income": null,
      "net_income": null,
      "opex": 792000000,
      "cogs": 617000000,
      "rd": 1000000,
      "sga": 100000000,
      "fcf": -30000000,
      "ocf": -15000000,
      "capex": -15000000,
      "gross_margin": 0.1816976127320955,
      "op_margin": null,
      "fcf_margin": -0.03978779840848806,
      "rev_growth_yoy": -0.0893719806763285,
      "rev_growth_yoy_accel": 0.09520999543659224,
      "fcf_margin_change": 0.05608437203092605
    },
    {
      "date": "2025-09-30T00:00:00",
      "quarter_label": "2025-09 (Q3)",
      "revenue": 767000000,
      "gross_profit": 136000000,
      "operating_income": null,
      "net_income": null,
      "opex": 805000000,
      "cogs": 631000000,
      "rd": 1000000,
      "sga": 96000000,
      "fcf": -54000000,
      "ocf": -39000000,
      "capex": -15000000,
      "gross_margin": 0.1773142112125163,
      "op_margin": null,
      "fcf_margin": -0.07040417209908735,
      "rev_growth_yoy": -0.04956629491945477,
      "rev_growth_yoy_accel": 0.039805685756873724,
      "op_leverage_ratio": 1.0503978779840848,
      "fcf_margin_change": -0.03061637369059929
    }
  ],
  "signals": [
    {
      "quarter": "2025-06 (Q2)",
      "signal": "FCF MARGIN EXPANSION",
      "detail": "FCF margin: -9.6% -> -4.0% (+5.6%)",
      "severity": "MEDIUM"
    },
    {
      "quarter": "2025-06 (Q2)",
      "signal": "YoY REVENUE GROWTH ACCELERATION",
      "detail": "YoY growth: -8.9% vs prior quarter YoY: -18.5% (accel: +9.5%)",
      "severity": "MEDIUM"
    },
    {
      "quarter": "2024-12 (Q4)",
      "signal": "FCF TURNED POSITIVE",
      "detail": "FCF margin: -2.6% -> +6.5%",
      "severity": "HIGH"
    },
    {
      "quarter": "2024-06 (Q2)",
      "signal": "YoY REVENUE GROWTH DECELERATION",
      "detail": "YoY growth: -9.5% vs prior quarter YoY: -0.1% (decel: -9.4%)",
      "severity": "WARNING"
    },
    {
      "quarter": "2023-12 (Q4)",
      "signal": "FCF TURNED POSITIVE",
      "detail": "FCF margin: -2.6% -> +10.9%",
      "severity": "HIGH"
    },
    {
      "quarter": "2022-09 (Q3)",
      "signal": "FCF TURNED POSITIVE",
      "detail": "FCF margin: -3.6% -> +8.9%",
      "severity": "HIGH"
    },
    {
      "quarter": "2022-09 (Q3)",
      "signal": "OPERATING LEVERAGE",
      "detail": "Rev growth +5.3% vs OpEx growth +3.4% (leverage: 1.6x)",
      "severity": "MEDIUM"
    },
    {
      "quarter": "2022-03 (Q1)",
      "signal": "YoY REVENUE GROWTH DECELERATION",
      "detail": "YoY growth: -5.9% vs prior quarter YoY: -0.7% (decel: -5.3%)",
      "severity": "WARNING"
    },
    {
      "quarter": "2021-06 (Q2)",
      "signal": "FCF TURNED POSITIVE",
      "detail": "FCF margin: -1.6% -> +7.8%",
      "severity": "HIGH"
    }
  ],
  "data_quality": {
    "n_quarters": 20,
    "coverage": {
      "revenue": [
        20,
        20
      ],
      "gross_profit": [
        20,
        20
      ],
      "op_income": [
        0,
        20
      ],
      "fcf": [
        20,
        20
      ]
    },
    "gaps": [],
    "warnings": [
      "op_income: no data"
    ]
  },
  "market_cap": null,
  "source": "SEC EDGAR",
  "last_updated": "2026-02-02T22:52:29.991556"
}