{
  "ticker": "CNH",
  "name": "CNH INDUSTRIAL N.V.",
  "quarters": [
    {
      "date": "2020-12-31T00:00:00",
      "quarter_label": "2020-12 (Q4)",
      "revenue": 8501000000,
      "gross_profit": 1880000000,
      "operating_income": null,
      "net_income": 164000000,
      "opex": null,
      "cogs": 6621000000,
      "rd": 289000000,
      "sga": 644000000,
      "fcf": 2766000000,
      "ocf": 2766000000,
      "capex": null,
      "gross_margin": 0.22115045288789553,
      "op_margin": null,
      "fcf_margin": 0.3253734854722974
    },
    {
      "date": "2021-03-31T00:00:00",
      "quarter_label": "2021-03 (Q1)",
      "revenue": 7473000000,
      "gross_profit": 1740000000,
      "operating_income": null,
      "net_income": 408000000,
      "opex": null,
      "cogs": 5733000000,
      "rd": 263000000,
      "sga": 540000000,
      "fcf": 372000000,
      "ocf": 372000000,
      "capex": null,
      "gross_margin": 0.23283821758329987,
      "op_margin": null,
      "fcf_margin": 0.049779205138498595,
      "fcf_margin_change": -0.2755942803337988
    },
    {
      "date": "2021-06-30T00:00:00",
      "quarter_label": "2021-06 (Q2)",
      "revenue": 8911000000,
      "gross_profit": 2044000000,
      "operating_income": null,
      "net_income": 690000000,
      "opex": null,
      "cogs": 6867000000,
      "rd": 329000000,
      "sga": 622000000,
      "fcf": 999000000,
      "ocf": 999000000,
      "capex": null,
      "gross_margin": 0.2293794186959937,
      "op_margin": null,
      "fcf_margin": 0.11210862978341375,
      "fcf_margin_change": 0.06232942464491516
    },
    {
      "date": "2021-09-30T00:00:00",
      "quarter_label": "2021-09 (Q3)",
      "revenue": 7972000000,
      "gross_profit": 1737000000,
      "operating_income": null,
      "net_income": 323000000,
      "opex": null,
      "cogs": 6235000000,
      "rd": 290000000,
      "sga": 560000000,
      "fcf": 521000000,
      "ocf": 521000000,
      "capex": null,
      "gross_margin": 0.21788760662318113,
      "op_margin": null,
      "fcf_margin": 0.06535373808329152,
      "fcf_margin_change": -0.04675489170012223
    },
    {
      "date": "2021-12-31T00:00:00",
      "quarter_label": "2021-12 (Q4)",
      "revenue": 9072000000,
      "gross_profit": 1956000000,
      "operating_income": null,
      "net_income": 302000000,
      "opex": null,
      "cogs": 7116000000,
      "rd": 354000000,
      "sga": 721000000,
      "fcf": 2190000000,
      "ocf": 2190000000,
      "capex": null,
      "gross_margin": 0.2156084656084656,
      "op_margin": null,
      "fcf_margin": 0.2414021164021164,
      "rev_growth_yoy": 0.06716856840371721,
      "fcf_margin_change": 0.17604837831882486
    },
    {
      "date": "2022-03-31T00:00:00",
      "quarter_label": "2022-03 (Q1)",
      "revenue": 4645000000,
      "gross_profit": 1359000000,
      "operating_income": null,
      "net_income": 333000000,
      "opex": null,
      "cogs": 3286000000,
      "rd": 184000000,
      "sga": 378000000,
      "fcf": -887000000,
      "ocf": -887000000,
      "capex": null,
      "gross_margin": 0.2925726587728741,
      "op_margin": null,
      "fcf_margin": -0.19095801937567278,
      "rev_growth_yoy": -0.3784290111066506,
      "rev_growth_yoy_accel": -0.4455975795103678,
      "fcf_margin_change": -0.4323601357777892
    },
    {
      "date": "2022-06-30T00:00:00",
      "quarter_label": "2022-06 (Q2)",
      "revenue": 6082000000,
      "gross_profit": 1705000000,
      "operating_income": null,
      "net_income": 548000000,
      "opex": null,
      "cogs": 4377000000,
      "rd": 212000000,
      "sga": 424000000,
      "fcf": -271000000,
      "ocf": -271000000,
      "capex": null,
      "gross_margin": 0.280335415981585,
      "op_margin": null,
      "fcf_margin": -0.04455771127918448,
      "rev_growth_yoy": -0.31747278644372123,
      "rev_growth_yoy_accel": 0.06095622466292938,
      "fcf_margin_change": 0.1464003080964883
    },
    {
      "date": "2022-09-30T00:00:00",
      "quarter_label": "2022-09 (Q3)",
      "revenue": 5881000000,
      "gross_profit": 1725000000,
      "operating_income": null,
      "net_income": 556000000,
      "opex": null,
      "cogs": 4156000000,
      "rd": 213000000,
      "sga": 422000000,
      "fcf": 272000000,
      "ocf": 272000000,
      "capex": null,
      "gross_margin": 0.2933174630164938,
      "op_margin": null,
      "fcf_margin": 0.04625063764665873,
      "rev_growth_yoy": -0.26229302558956347,
      "rev_growth_yoy_accel": 0.05517976085415777,
      "fcf_margin_change": 0.09080834892584322
    },
    {
      "date": "2022-12-31T00:00:00",
      "quarter_label": "2022-12 (Q4)",
      "revenue": 6943000000,
      "gross_profit": 1965000000,
      "operating_income": null,
      "net_income": 592000000,
      "opex": null,
      "cogs": 4978000000,
      "rd": 257000000,
      "sga": 528000000,
      "fcf": 1443000000,
      "ocf": 1443000000,
      "capex": null,
      "gross_margin": 0.2830188679245283,
      "op_margin": null,
      "fcf_margin": 0.20783522972778337,
      "rev_growth_yoy": -0.23467813051146386,
      "rev_growth_yoy_accel": 0.02761489507809961,
      "fcf_margin_change": 0.16158459208112463
    },
    {
      "date": "2023-03-31T00:00:00",
      "quarter_label": "2023-03 (Q1)",
      "revenue": 5342000000,
      "gross_profit": 1731000000,
      "operating_income": null,
      "net_income": 482000000,
      "opex": null,
      "cogs": 3611000000,
      "rd": 231000000,
      "sga": 438000000,
      "fcf": -701000000,
      "ocf": -701000000,
      "capex": null,
      "gross_margin": 0.3240359415949083,
      "op_margin": null,
      "fcf_margin": -0.13122426057656308,
      "rev_growth_yoy": 0.15005382131324005,
      "rev_growth_yoy_accel": 0.3847319518247039,
      "fcf_margin_change": -0.33905949030434646
    },
    {
      "date": "2023-06-30T00:00:00",
      "quarter_label": "2023-06 (Q2)",
      "revenue": 6567000000,
      "gross_profit": 2104000000,
      "operating_income": null,
      "net_income": 706000000,
      "opex": null,
      "cogs": 4463000000,
      "rd": 269000000,
      "sga": 485000000,
      "fcf": -139000000,
      "ocf": -139000000,
      "capex": null,
      "gross_margin": 0.32038982792751636,
      "op_margin": null,
      "fcf_margin": -0.02116643825186539,
      "rev_growth_yoy": 0.07974350542584677,
      "rev_growth_yoy_accel": -0.07031031588739328,
      "fcf_margin_change": 0.1100578223246977
    },
    {
      "date": "2023-09-30T00:00:00",
      "quarter_label": "2023-09 (Q3)",
      "revenue": 5986000000,
      "gross_profit": 1927000000,
      "operating_income": null,
      "net_income": 567000000,
      "opex": null,
      "cogs": 4059000000,
      "rd": 266000000,
      "sga": 462000000,
      "fcf": 232000000,
      "ocf": 232000000,
      "capex": null,
      "gross_margin": 0.3219178082191781,
      "op_margin": null,
      "fcf_margin": 0.03875709989976612,
      "rev_growth_yoy": 0.01785410644448223,
      "rev_growth_yoy_accel": -0.061889398981364536,
      "fcf_margin_change": 0.05992353815163151
    },
    {
      "date": "2023-12-31T00:00:00",
      "quarter_label": "2023-12 (Q4)",
      "revenue": 6792000000,
      "gross_profit": 2087000000,
      "operating_income": null,
      "net_income": 616000000,
      "opex": null,
      "cogs": 4705000000,
      "rd": 275000000,
      "sga": 478000000,
      "fcf": 1515000000,
      "ocf": 1515000000,
      "capex": null,
      "gross_margin": 0.30727326266195526,
      "op_margin": null,
      "fcf_margin": 0.2230565371024735,
      "rev_growth_yoy": -0.02174852369292813,
      "rev_growth_yoy_accel": -0.03960263013741036,
      "fcf_margin_change": 0.1842994372027074
    },
    {
      "date": "2024-03-31T00:00:00",
      "quarter_label": "2024-03 (Q1)",
      "revenue": 4818000000,
      "gross_profit": 1623000000,
      "operating_income": null,
      "net_income": 401000000,
      "opex": null,
      "cogs": 3195000000,
      "rd": 228000000,
      "sga": 411000000,
      "fcf": -894000000,
      "ocf": -894000000,
      "capex": null,
      "gross_margin": 0.3368617683686177,
      "op_margin": null,
      "fcf_margin": -0.1855541718555417,
      "rev_growth_yoy": -0.09809060277049794,
      "rev_growth_yoy_accel": -0.07634207907756982,
      "fcf_margin_change": -0.4086107089580152
    },
    {
      "date": "2024-06-30T00:00:00",
      "quarter_label": "2024-06 (Q2)",
      "revenue": 5488000000,
      "gross_profit": 1786000000,
      "operating_income": null,
      "net_income": 433000000,
      "opex": null,
      "cogs": 3702000000,
      "rd": 237000000,
      "sga": 461000000,
      "fcf": 379000000,
      "ocf": 379000000,
      "capex": null,
      "gross_margin": 0.32543731778425655,
      "op_margin": null,
      "fcf_margin": 0.0690597667638484,
      "rev_growth_yoy": -0.16430638038678239,
      "rev_growth_yoy_accel": -0.06621577761628444,
      "fcf_margin_change": 0.2546139386193901
    },
    {
      "date": "2024-09-30T00:00:00",
      "quarter_label": "2024-09 (Q3)",
      "revenue": 4654000000,
      "gross_profit": 1524000000,
      "operating_income": null,
      "net_income": 306000000,
      "opex": null,
      "cogs": 3130000000,
      "rd": 221000000,
      "sga": 426000000,
      "fcf": 791000000,
      "ocf": 791000000,
      "capex": null,
      "gross_margin": 0.32746024924795875,
      "op_margin": null,
      "fcf_margin": 0.16996132359260852,
      "rev_growth_yoy": -0.2225192114934848,
      "rev_growth_yoy_accel": -0.05821283110670242,
      "fcf_margin_change": 0.10090155682876012
    },
    {
      "date": "2024-12-31T00:00:00",
      "quarter_label": "2024-12 (Q4)",
      "revenue": 4876000000,
      "gross_profit": 1553000000,
      "operating_income": null,
      "net_income": 173000000,
      "opex": null,
      "cogs": 3323000000,
      "rd": 238000000,
      "sga": 414000000,
      "fcf": 1692000000,
      "ocf": 1692000000,
      "capex": null,
      "gross_margin": 0.31849876948318295,
      "op_margin": null,
      "fcf_margin": 0.347005742411813,
      "rev_growth_yoy": -0.28209658421672557,
      "rev_growth_yoy_accel": -0.05957737272324076,
      "fcf_margin_change": 0.17704441881920446
    },
    {
      "date": "2025-03-31T00:00:00",
      "quarter_label": "2025-03 (Q1)",
      "revenue": 3828000000,
      "gross_profit": 1259000000,
      "operating_income": null,
      "net_income": 131000000,
      "opex": null,
      "cogs": 2569000000,
      "rd": 184000000,
      "sga": 386000000,
      "fcf": 162000000,
      "ocf": 162000000,
      "capex": null,
      "gross_margin": 0.3288923719958203,
      "op_margin": null,
      "fcf_margin": 0.04231974921630094,
      "rev_growth_yoy": -0.2054794520547945,
      "rev_growth_yoy_accel": 0.07661713216193106,
      "fcf_margin_change": -0.30468599319551204
    },
    {
      "date": "2025-06-30T00:00:00",
      "quarter_label": "2025-06 (Q2)",
      "revenue": 4711000000,
      "gross_profit": 1519000000,
      "operating_income": null,
      "net_income": 213000000,
      "opex": null,
      "cogs": 3192000000,
      "rd": 218000000,
      "sga": 478000000,
      "fcf": 772000000,
      "ocf": 772000000,
      "capex": null,
      "gross_margin": 0.3224368499257058,
      "op_margin": null,
      "fcf_margin": 0.16387178942899597,
      "rev_growth_yoy": -0.14158163265306123,
      "rev_growth_yoy_accel": 0.06389781940173328,
      "fcf_margin_change": 0.12155204021269503
    },
    {
      "date": "2025-09-30T00:00:00",
      "quarter_label": "2025-09 (Q3)",
      "revenue": 4399000000,
      "gross_profit": 1404000000,
      "operating_income": null,
      "net_income": 80000000,
      "opex": null,
      "cogs": 2995000000,
      "rd": 281000000,
      "sga": 549000000,
      "fcf": 659000000,
      "ocf": 659000000,
      "capex": null,
      "gross_margin": 0.3191634462377813,
      "op_margin": null,
      "fcf_margin": 0.14980677426687883,
      "rev_growth_yoy": -0.05479157713794585,
      "rev_growth_yoy_accel": 0.08679005551511537,
      "fcf_margin_change": -0.01406501516211714
    }
  ],
  "signals": [
    {
      "quarter": "2025-09 (Q3)",
      "signal": "YoY REVENUE GROWTH ACCELERATION",
      "detail": "YoY growth: -5.5% vs prior quarter YoY: -14.2% (accel: +8.7%)",
      "severity": "MEDIUM"
    },
    {
      "quarter": "2025-06 (Q2)",
      "signal": "FCF MARGIN EXPANSION",
      "detail": "FCF margin: +4.2% -> +16.4% (+12.2%)",
      "severity": "MEDIUM"
    },
    {
      "quarter": "2025-06 (Q2)",
      "signal": "YoY REVENUE GROWTH ACCELERATION",
      "detail": "YoY growth: -14.2% vs prior quarter YoY: -20.5% (accel: +6.4%)",
      "severity": "MEDIUM"
    },
    {
      "quarter": "2025-03 (Q1)",
      "signal": "YoY REVENUE GROWTH ACCELERATION",
      "detail": "YoY growth: -20.5% vs prior quarter YoY: -28.2% (accel: +7.7%)",
      "severity": "MEDIUM"
    },
    {
      "quarter": "2024-12 (Q4)",
      "signal": "FCF MARGIN EXPANSION",
      "detail": "FCF margin: +17.0% -> +34.7% (+17.7%)",
      "severity": "MEDIUM"
    },
    {
      "quarter": "2024-12 (Q4)",
      "signal": "YoY REVENUE GROWTH DECELERATION",
      "detail": "YoY growth: -28.2% vs prior quarter YoY: -22.3% (decel: -6.0%)",
      "severity": "WARNING"
    },
    {
      "quarter": "2024-09 (Q3)",
      "signal": "FCF MARGIN EXPANSION",
      "detail": "FCF margin: +6.9% -> +17.0% (+10.1%)",
      "severity": "MEDIUM"
    },
    {
      "quarter": "2024-09 (Q3)",
      "signal": "YoY REVENUE GROWTH DECELERATION",
      "detail": "YoY growth: -22.3% vs prior quarter YoY: -16.4% (decel: -5.8%)",
      "severity": "WARNING"
    },
    {
      "quarter": "2024-06 (Q2)",
      "signal": "FCF TURNED POSITIVE",
      "detail": "FCF margin: -18.6% -> +6.9%",
      "severity": "HIGH"
    },
    {
      "quarter": "2024-06 (Q2)",
      "signal": "YoY REVENUE GROWTH DECELERATION",
      "detail": "YoY growth: -16.4% vs prior quarter YoY: -9.8% (decel: -6.6%)",
      "severity": "WARNING"
    },
    {
      "quarter": "2024-03 (Q1)",
      "signal": "GROSS MARGIN INFLECTION",
      "detail": "GM: +32.2% -> +30.7% -> +33.7% (reversal +3.0%)",
      "severity": "MEDIUM"
    },
    {
      "quarter": "2024-03 (Q1)",
      "signal": "YoY REVENUE GROWTH DECELERATION",
      "detail": "YoY growth: -9.8% vs prior quarter YoY: -2.2% (decel: -7.6%)",
      "severity": "WARNING"
    },
    {
      "quarter": "2023-12 (Q4)",
      "signal": "FCF MARGIN EXPANSION",
      "detail": "FCF margin: +3.9% -> +22.3% (+18.4%)",
      "severity": "MEDIUM"
    },
    {
      "quarter": "2023-09 (Q3)",
      "signal": "FCF TURNED POSITIVE",
      "detail": "FCF margin: -2.1% -> +3.9%",
      "severity": "HIGH"
    },
    {
      "quarter": "2023-09 (Q3)",
      "signal": "YoY REVENUE GROWTH DECELERATION",
      "detail": "YoY growth: +1.8% vs prior quarter YoY: +8.0% (decel: -6.2%)",
      "severity": "WARNING"
    },
    {
      "quarter": "2023-06 (Q2)",
      "signal": "FCF MARGIN EXPANSION",
      "detail": "FCF margin: -13.1% -> -2.1% (+11.0%)",
      "severity": "MEDIUM"
    },
    {
      "quarter": "2023-06 (Q2)",
      "signal": "YoY REVENUE GROWTH DECELERATION",
      "detail": "YoY growth: +8.0% vs prior quarter YoY: +15.0% (decel: -7.0%)",
      "severity": "WARNING"
    },
    {
      "quarter": "2023-03 (Q1)",
      "signal": "GROSS MARGIN INFLECTION",
      "detail": "GM: +29.3% -> +28.3% -> +32.4% (reversal +4.1%)",
      "severity": "MEDIUM"
    },
    {
      "quarter": "2023-03 (Q1)",
      "signal": "YoY REVENUE GROWTH ACCELERATION",
      "detail": "YoY growth: +15.0% vs prior quarter YoY: -23.5% (accel: +38.5%)",
      "severity": "HIGH"
    },
    {
      "quarter": "2022-12 (Q4)",
      "signal": "FCF MARGIN EXPANSION",
      "detail": "FCF margin: +4.6% -> +20.8% (+16.2%)",
      "severity": "MEDIUM"
    },
    {
      "quarter": "2022-09 (Q3)",
      "signal": "FCF TURNED POSITIVE",
      "detail": "FCF margin: -4.5% -> +4.6%",
      "severity": "HIGH"
    },
    {
      "quarter": "2022-09 (Q3)",
      "signal": "YoY REVENUE GROWTH ACCELERATION",
      "detail": "YoY growth: -26.2% vs prior quarter YoY: -31.7% (accel: +5.5%)",
      "severity": "MEDIUM"
    },
    {
      "quarter": "2022-06 (Q2)",
      "signal": "FCF MARGIN EXPANSION",
      "detail": "FCF margin: -19.1% -> -4.5% (+14.6%)",
      "severity": "MEDIUM"
    },
    {
      "quarter": "2022-06 (Q2)",
      "signal": "YoY REVENUE GROWTH ACCELERATION",
      "detail": "YoY growth: -31.7% vs prior quarter YoY: -37.8% (accel: +6.1%)",
      "severity": "MEDIUM"
    },
    {
      "quarter": "2022-03 (Q1)",
      "signal": "GROSS MARGIN INFLECTION",
      "detail": "GM: +21.8% -> +21.6% -> +29.3% (reversal +7.7%)",
      "severity": "HIGH"
    },
    {
      "quarter": "2022-03 (Q1)",
      "signal": "YoY REVENUE GROWTH DECELERATION",
      "detail": "YoY growth: -37.8% vs prior quarter YoY: +6.7% (decel: -44.6%)",
      "severity": "WARNING"
    },
    {
      "quarter": "2021-12 (Q4)",
      "signal": "FCF MARGIN EXPANSION",
      "detail": "FCF margin: +6.5% -> +24.1% (+17.6%)",
      "severity": "MEDIUM"
    },
    {
      "quarter": "2021-06 (Q2)",
      "signal": "FCF MARGIN EXPANSION",
      "detail": "FCF margin: +5.0% -> +11.2% (+6.2%)",
      "severity": "MEDIUM"
    }
  ],
  "data_quality": {
    "n_quarters": 20,
    "coverage": {
      "revenue": [
        20,
        20
      ],
      "gross_profit": [
        20,
        20
      ],
      "op_income": [
        0,
        20
      ],
      "fcf": [
        20,
        20
      ]
    },
    "gaps": [],
    "warnings": [
      "op_income: no data"
    ]
  },
  "market_cap": null,
  "source": "SEC EDGAR",
  "last_updated": "2026-02-02T20:29:27.335581",
  "sector": "Industrials",
  "industry": "Farm & Heavy Construction Machinery"
}