{
  "ticker": "CNK",
  "name": "Cinemark Holdings, Inc.",
  "sector": "Communication Services",
  "industry": "Entertainment",
  "quarters": [
    {
      "date": "2021-03-31T00:00:00",
      "quarter_label": "2021-03 (Q1)",
      "revenue": 114361000,
      "gross_profit": null,
      "operating_income": -169438000,
      "net_income": -208241000,
      "opex": 283799000,
      "cogs": null,
      "rd": null,
      "sga": null,
      "fcf": -141800000,
      "ocf": -124100000,
      "capex": -17700000,
      "gross_margin": null,
      "op_margin": -1.4816064917235772,
      "fcf_margin": -1.239933194008447
    },
    {
      "date": "2021-06-30T00:00:00",
      "quarter_label": "2021-06 (Q2)",
      "revenue": 294652000,
      "gross_profit": null,
      "operating_income": -85457000,
      "net_income": -142467000,
      "opex": 380109000,
      "cogs": null,
      "rd": null,
      "sga": null,
      "fcf": 87561000,
      "ocf": 102700000,
      "capex": -15139000,
      "gross_margin": null,
      "op_margin": -0.29002687916593134,
      "fcf_margin": 0.297167506074963,
      "op_leverage_ratio": 4.645533340248525,
      "fcf_margin_change": 1.53710070008341
    },
    {
      "date": "2021-09-30T00:00:00",
      "quarter_label": "2021-09 (Q3)",
      "revenue": 434821000,
      "gross_profit": null,
      "operating_income": -42506000,
      "net_income": -77814000,
      "opex": 477327000,
      "cogs": null,
      "rd": null,
      "sga": null,
      "fcf": -45225000,
      "ocf": -20800000,
      "capex": -24425000,
      "gross_margin": null,
      "op_margin": -0.0977551682186463,
      "fcf_margin": -0.1040083160656914,
      "op_leverage_ratio": 1.8599619167829973,
      "fcf_margin_change": -0.4011758221406544
    },
    {
      "date": "2021-12-31T00:00:00",
      "quarter_label": "2021-12 (Q4)",
      "revenue": 666630000,
      "gross_profit": null,
      "operating_income": 44929000,
      "net_income": 5739000,
      "opex": 621701000,
      "cogs": null,
      "rd": null,
      "sga": null,
      "fcf": 170119000,
      "ocf": 208419000,
      "capex": -38300000,
      "gross_margin": null,
      "op_margin": 0.06739720684637655,
      "fcf_margin": 0.2551925355894574,
      "op_leverage_ratio": 1.7625717081302463,
      "fcf_margin_change": 0.3592008516551488
    },
    {
      "date": "2022-03-31T00:00:00",
      "quarter_label": "2022-03 (Q1)",
      "revenue": 460500000,
      "gross_profit": null,
      "operating_income": -33000000,
      "net_income": -74000000,
      "opex": 493500000,
      "cogs": null,
      "rd": null,
      "sga": null,
      "fcf": -137500000,
      "ocf": -118800000,
      "capex": -18700000,
      "gross_margin": null,
      "op_margin": -0.07166123778501629,
      "fcf_margin": -0.2985884907709012,
      "incr_op_margin_yoy": 0.39417112778392493,
      "rev_growth_yoy": 3.0267223966212256,
      "fcf_margin_change": -0.5537810263603586
    },
    {
      "date": "2022-06-30T00:00:00",
      "quarter_label": "2022-06 (Q2)",
      "revenue": 744100000,
      "gross_profit": null,
      "operating_income": -18600000,
      "net_income": -73400000,
      "opex": 762700000,
      "cogs": null,
      "rd": null,
      "sga": null,
      "fcf": 143000000,
      "ocf": 164900000,
      "capex": -21900000,
      "gross_margin": null,
      "op_margin": -0.024996640236527347,
      "fcf_margin": 0.19217847063566726,
      "incr_op_margin_yoy": 0.14875358217190865,
      "rev_growth_yoy": 1.5253519405943283,
      "rev_growth_yoy_accel": -1.5013704560268972,
      "op_leverage_ratio": 1.1289863560023425,
      "fcf_margin_change": 0.4907669614065685
    },
    {
      "date": "2022-09-30T00:00:00",
      "quarter_label": "2022-09 (Q3)",
      "revenue": 650400000,
      "gross_profit": null,
      "operating_income": null,
      "net_income": -24500000,
      "opex": null,
      "cogs": null,
      "rd": null,
      "sga": null,
      "fcf": -43100000,
      "ocf": -18400000,
      "capex": -24700000,
      "gross_margin": null,
      "op_margin": null,
      "fcf_margin": -0.0662669126691267,
      "rev_growth_yoy": 0.4957879219264939,
      "rev_growth_yoy_accel": -1.0295640186678345,
      "fcf_margin_change": -0.25844538330479394
    },
    {
      "date": "2022-12-31T00:00:00",
      "quarter_label": "2022-12 (Q4)",
      "revenue": 599700000,
      "gross_profit": null,
      "operating_income": null,
      "net_income": -99300000,
      "opex": null,
      "cogs": null,
      "rd": null,
      "sga": null,
      "fcf": null,
      "ocf": null,
      "capex": -45400000,
      "gross_margin": null,
      "op_margin": null,
      "fcf_margin": null,
      "rev_growth_yoy": -0.10040052202871158,
      "rev_growth_yoy_accel": -0.5961884439552054
    },
    {
      "date": "2023-03-31T00:00:00",
      "quarter_label": "2023-03 (Q1)",
      "revenue": 610700000,
      "gross_profit": null,
      "operating_income": null,
      "net_income": 3100000,
      "opex": null,
      "cogs": null,
      "rd": null,
      "sga": null,
      "fcf": null,
      "ocf": null,
      "capex": -26300000,
      "gross_margin": null,
      "op_margin": null,
      "fcf_margin": null,
      "rev_growth_yoy": 0.3261672095548317,
      "rev_growth_yoy_accel": 0.4265677315835433
    },
    {
      "date": "2023-06-30T00:00:00",
      "quarter_label": "2023-06 (Q2)",
      "revenue": 942300000,
      "gross_profit": null,
      "operating_income": null,
      "net_income": -119100000,
      "opex": null,
      "cogs": null,
      "rd": null,
      "sga": null,
      "fcf": null,
      "ocf": null,
      "capex": -28300000,
      "gross_margin": null,
      "op_margin": null,
      "fcf_margin": null,
      "rev_growth_yoy": 0.2663620481118129,
      "rev_growth_yoy_accel": -0.059805161443018784
    },
    {
      "date": "2023-09-30T00:00:00",
      "quarter_label": "2023-09 (Q3)",
      "revenue": 874800000,
      "gross_profit": null,
      "operating_income": null,
      "net_income": -90200000,
      "opex": null,
      "cogs": null,
      "rd": null,
      "sga": null,
      "fcf": null,
      "ocf": null,
      "capex": -35100000,
      "gross_margin": null,
      "op_margin": null,
      "fcf_margin": null,
      "rev_growth_yoy": 0.34501845018450183,
      "rev_growth_yoy_accel": 0.07865640207268892
    },
    {
      "date": "2023-12-31T00:00:00",
      "quarter_label": "2023-12 (Q4)",
      "revenue": 638900000,
      "gross_profit": null,
      "operating_income": null,
      "net_income": 394400000,
      "opex": null,
      "cogs": null,
      "rd": null,
      "sga": null,
      "fcf": null,
      "ocf": null,
      "capex": null,
      "gross_margin": null,
      "op_margin": null,
      "fcf_margin": null,
      "rev_growth_yoy": 0.06536601634150409,
      "rev_growth_yoy_accel": -0.27965243384299776
    },
    {
      "date": "2024-03-31T00:00:00",
      "quarter_label": "2024-03 (Q1)",
      "revenue": 579200000,
      "gross_profit": null,
      "operating_income": null,
      "net_income": 24800000,
      "opex": null,
      "cogs": null,
      "rd": null,
      "sga": null,
      "fcf": null,
      "ocf": null,
      "capex": null,
      "gross_margin": null,
      "op_margin": null,
      "fcf_margin": null,
      "rev_growth_yoy": -0.05158015392172916,
      "rev_growth_yoy_accel": -0.11694617026323326
    },
    {
      "date": "2024-06-30T00:00:00",
      "quarter_label": "2024-06 (Q2)",
      "revenue": 734200000,
      "gross_profit": null,
      "operating_income": null,
      "net_income": 45800000,
      "opex": null,
      "cogs": null,
      "rd": null,
      "sga": null,
      "fcf": null,
      "ocf": null,
      "capex": null,
      "gross_margin": null,
      "op_margin": null,
      "fcf_margin": null,
      "rev_growth_yoy": -0.2208426191234214,
      "rev_growth_yoy_accel": -0.16926246520169225
    },
    {
      "date": "2024-09-30T00:00:00",
      "quarter_label": "2024-09 (Q3)",
      "revenue": 921800000,
      "gross_profit": null,
      "operating_income": null,
      "net_income": 187800000,
      "opex": null,
      "cogs": null,
      "rd": null,
      "sga": null,
      "fcf": null,
      "ocf": null,
      "capex": null,
      "gross_margin": null,
      "op_margin": null,
      "fcf_margin": null,
      "rev_growth_yoy": 0.05372656607224508,
      "rev_growth_yoy_accel": 0.2745691851956665
    },
    {
      "date": "2024-12-31T00:00:00",
      "quarter_label": "2024-12 (Q4)",
      "revenue": 814300000,
      "gross_profit": null,
      "operating_income": null,
      "net_income": 51300000,
      "opex": null,
      "cogs": null,
      "rd": null,
      "sga": null,
      "fcf": null,
      "ocf": null,
      "capex": null,
      "gross_margin": null,
      "op_margin": null,
      "fcf_margin": null,
      "rev_growth_yoy": 0.2745343559242448,
      "rev_growth_yoy_accel": 0.22080778985199973
    },
    {
      "date": "2025-03-31T00:00:00",
      "quarter_label": "2025-03 (Q1)",
      "revenue": 540700000,
      "gross_profit": null,
      "operating_income": null,
      "net_income": -38900000,
      "opex": null,
      "cogs": null,
      "rd": null,
      "sga": null,
      "fcf": null,
      "ocf": null,
      "capex": null,
      "gross_margin": null,
      "op_margin": null,
      "fcf_margin": null,
      "rev_growth_yoy": -0.06647099447513811,
      "rev_growth_yoy_accel": -0.3410053503993829
    },
    {
      "date": "2025-06-30T00:00:00",
      "quarter_label": "2025-06 (Q2)",
      "revenue": 940500000,
      "gross_profit": null,
      "operating_income": null,
      "net_income": 93500000,
      "opex": null,
      "cogs": null,
      "rd": null,
      "sga": null,
      "fcf": null,
      "ocf": null,
      "capex": null,
      "gross_margin": null,
      "op_margin": null,
      "fcf_margin": null,
      "rev_growth_yoy": 0.2809861073277036,
      "rev_growth_yoy_accel": 0.34745710180284173
    },
    {
      "date": "2025-09-30T00:00:00",
      "quarter_label": "2025-09 (Q3)",
      "revenue": 857500000,
      "gross_profit": null,
      "operating_income": null,
      "net_income": 49500000,
      "opex": null,
      "cogs": null,
      "rd": null,
      "sga": null,
      "fcf": null,
      "ocf": null,
      "capex": null,
      "gross_margin": null,
      "op_margin": null,
      "fcf_margin": null,
      "rev_growth_yoy": -0.06975482751139075,
      "rev_growth_yoy_accel": -0.3507409348390944
    },
    {
      "date": "2025-12-31T00:00:00",
      "quarter_label": "2025-12 (Q4)",
      "revenue": 776300000,
      "gross_profit": null,
      "operating_income": null,
      "net_income": 34100000,
      "opex": null,
      "cogs": null,
      "rd": null,
      "sga": null,
      "fcf": null,
      "ocf": null,
      "capex": null,
      "gross_margin": null,
      "op_margin": null,
      "fcf_margin": null,
      "rev_growth_yoy": -0.04666584796757951,
      "rev_growth_yoy_accel": 0.02308897954381124
    }
  ],
  "signals": [
    {
      "quarter": "2025-09 (Q3)",
      "signal": "YoY REVENUE GROWTH DECELERATION",
      "detail": "YoY growth: -7.0% vs prior quarter YoY: +28.1% (decel: -35.1%)",
      "severity": "WARNING"
    },
    {
      "quarter": "2025-06 (Q2)",
      "signal": "YoY REVENUE GROWTH ACCELERATION",
      "detail": "YoY growth: +28.1% vs prior quarter YoY: -6.6% (accel: +34.7%)",
      "severity": "HIGH"
    },
    {
      "quarter": "2025-03 (Q1)",
      "signal": "YoY REVENUE GROWTH DECELERATION",
      "detail": "YoY growth: -6.6% vs prior quarter YoY: +27.5% (decel: -34.1%)",
      "severity": "WARNING"
    },
    {
      "quarter": "2024-12 (Q4)",
      "signal": "YoY REVENUE GROWTH ACCELERATION",
      "detail": "YoY growth: +27.5% vs prior quarter YoY: +5.4% (accel: +22.1%)",
      "severity": "HIGH"
    },
    {
      "quarter": "2024-09 (Q3)",
      "signal": "YoY REVENUE GROWTH ACCELERATION",
      "detail": "YoY growth: +5.4% vs prior quarter YoY: -22.1% (accel: +27.5%)",
      "severity": "HIGH"
    },
    {
      "quarter": "2024-06 (Q2)",
      "signal": "YoY REVENUE GROWTH DECELERATION",
      "detail": "YoY growth: -22.1% vs prior quarter YoY: -5.2% (decel: -16.9%)",
      "severity": "WARNING"
    },
    {
      "quarter": "2024-03 (Q1)",
      "signal": "YoY REVENUE GROWTH DECELERATION",
      "detail": "YoY growth: -5.2% vs prior quarter YoY: +6.5% (decel: -11.7%)",
      "severity": "WARNING"
    },
    {
      "quarter": "2023-12 (Q4)",
      "signal": "YoY REVENUE GROWTH DECELERATION",
      "detail": "YoY growth: +6.5% vs prior quarter YoY: +34.5% (decel: -28.0%)",
      "severity": "WARNING"
    },
    {
      "quarter": "2023-09 (Q3)",
      "signal": "YoY REVENUE GROWTH ACCELERATION",
      "detail": "YoY growth: +34.5% vs prior quarter YoY: +26.6% (accel: +7.9%)",
      "severity": "MEDIUM"
    },
    {
      "quarter": "2023-06 (Q2)",
      "signal": "YoY REVENUE GROWTH DECELERATION",
      "detail": "YoY growth: +26.6% vs prior quarter YoY: +32.6% (decel: -6.0%)",
      "severity": "WARNING"
    },
    {
      "quarter": "2023-03 (Q1)",
      "signal": "YoY REVENUE GROWTH ACCELERATION",
      "detail": "YoY growth: +32.6% vs prior quarter YoY: -10.0% (accel: +42.7%)",
      "severity": "HIGH"
    },
    {
      "quarter": "2022-12 (Q4)",
      "signal": "YoY REVENUE GROWTH DECELERATION",
      "detail": "YoY growth: -10.0% vs prior quarter YoY: +49.6% (decel: -59.6%)",
      "severity": "WARNING"
    },
    {
      "quarter": "2022-09 (Q3)",
      "signal": "YoY REVENUE GROWTH DECELERATION",
      "detail": "YoY growth: +49.6% vs prior quarter YoY: +152.5% (decel: -103.0%)",
      "severity": "WARNING"
    },
    {
      "quarter": "2022-06 (Q2)",
      "signal": "FCF TURNED POSITIVE",
      "detail": "FCF margin: -29.9% -> +19.2%",
      "severity": "HIGH"
    },
    {
      "quarter": "2022-06 (Q2)",
      "signal": "YoY REVENUE GROWTH DECELERATION",
      "detail": "YoY growth: +152.5% vs prior quarter YoY: +302.7% (decel: -150.1%)",
      "severity": "WARNING"
    },
    {
      "quarter": "2021-12 (Q4)",
      "signal": "FCF TURNED POSITIVE",
      "detail": "FCF margin: -10.4% -> +25.5%",
      "severity": "HIGH"
    },
    {
      "quarter": "2021-12 (Q4)",
      "signal": "OPERATING LEVERAGE",
      "detail": "Rev growth +53.3% vs OpEx growth +30.2% (leverage: 1.8x)",
      "severity": "MEDIUM"
    },
    {
      "quarter": "2021-12 (Q4)",
      "signal": "OP MARGIN TURNED POSITIVE (QoQ)",
      "detail": "Op margin: -9.8% -> +6.7%",
      "severity": "HIGH"
    },
    {
      "quarter": "2021-09 (Q3)",
      "signal": "OPERATING LEVERAGE",
      "detail": "Rev growth +47.6% vs OpEx growth +25.6% (leverage: 1.9x)",
      "severity": "MEDIUM"
    },
    {
      "quarter": "2021-06 (Q2)",
      "signal": "FCF TURNED POSITIVE",
      "detail": "FCF margin: -124.0% -> +29.7%",
      "severity": "HIGH"
    },
    {
      "quarter": "2021-06 (Q2)",
      "signal": "OPERATING LEVERAGE",
      "detail": "Rev growth +157.7% vs OpEx growth +33.9% (leverage: 4.6x)",
      "severity": "MEDIUM"
    }
  ],
  "data_quality": {
    "n_quarters": 20,
    "coverage": {
      "revenue": [
        20,
        20
      ],
      "gross_profit": [
        0,
        20
      ],
      "op_income": [
        6,
        20
      ],
      "fcf": [
        7,
        20
      ]
    },
    "gaps": [],
    "warnings": [
      "gross_profit: no data",
      "op_income: 6/20Q",
      "fcf: 7/20Q"
    ]
  },
  "market_cap": null,
  "source": "SEC EDGAR",
  "last_updated": "2026-02-24T10:27:49.593176"
}