{
  "ticker": "CNNE",
  "name": "CANNAE HOLDINGS, INC.",
  "quarters": [
    {
      "date": "2020-12-31T00:00:00",
      "quarter_label": "2020-12 (Q4)",
      "revenue": 851800000,
      "gross_profit": null,
      "operating_income": -61100000,
      "net_income": 531300000,
      "opex": 231500000,
      "cogs": null,
      "rd": null,
      "sga": null,
      "fcf": 77000000,
      "ocf": 77000000,
      "capex": null,
      "gross_margin": null,
      "op_margin": -0.07173045315801832,
      "fcf_margin": 0.09039680676215074
    },
    {
      "date": "2021-03-31T00:00:00",
      "quarter_label": "2021-03 (Q1)",
      "revenue": -139700000,
      "gross_profit": -287400000,
      "operating_income": -36000000,
      "net_income": -233100000,
      "opex": 207900000,
      "cogs": 147700000,
      "rd": null,
      "sga": null,
      "fcf": 6000000,
      "ocf": 6000000,
      "capex": null,
      "gross_margin": 2.0572655690765926,
      "op_margin": 0.25769506084466715,
      "fcf_margin": -0.04294917680744453,
      "fcf_margin_change": -0.13334598356959526
    },
    {
      "date": "2021-06-30T00:00:00",
      "quarter_label": "2021-06 (Q2)",
      "revenue": 476900000,
      "gross_profit": 316600000,
      "operating_income": -36200000,
      "net_income": 176400000,
      "opex": 238600000,
      "cogs": 160300000,
      "rd": null,
      "sga": null,
      "fcf": -73200000,
      "ocf": -73200000,
      "capex": null,
      "gross_margin": 0.6638708324596352,
      "op_margin": -0.07590689872090585,
      "fcf_margin": -0.15349129796603062,
      "fcf_margin_change": -0.11054212115858608
    },
    {
      "date": "2021-09-30T00:00:00",
      "quarter_label": "2021-09 (Q3)",
      "revenue": 18500000,
      "gross_profit": -136300000,
      "operating_income": -24800000,
      "net_income": -121000000,
      "opex": 210800000,
      "cogs": 154800000,
      "rd": null,
      "sga": null,
      "fcf": -74400000,
      "ocf": -74400000,
      "capex": null,
      "gross_margin": -7.367567567567567,
      "op_margin": -1.3405405405405406,
      "fcf_margin": -4.021621621621621,
      "fcf_margin_change": -3.8681303236555906
    },
    {
      "date": "2021-12-31T00:00:00",
      "quarter_label": "2021-12 (Q4)",
      "revenue": 96800000,
      "gross_profit": null,
      "operating_income": -36500000,
      "net_income": -109300000,
      "opex": 218400000,
      "cogs": null,
      "rd": null,
      "sga": null,
      "fcf": -34500000,
      "ocf": -34500000,
      "capex": null,
      "gross_margin": null,
      "op_margin": -0.37706611570247933,
      "fcf_margin": -0.35640495867768596,
      "incr_op_margin_yoy": -0.03258278145695364,
      "rev_growth_yoy": -0.886358300070439,
      "op_leverage_ratio": 117.39431009957325,
      "fcf_margin_change": 3.6652166629439353
    },
    {
      "date": "2022-03-31T00:00:00",
      "quarter_label": "2022-03 (Q1)",
      "revenue": -97800000,
      "gross_profit": -243200000,
      "operating_income": -75600000,
      "net_income": -247600000,
      "opex": 243000000,
      "cogs": 145400000,
      "rd": null,
      "sga": null,
      "fcf": -38500000,
      "ocf": -38500000,
      "capex": null,
      "gross_margin": 2.486707566462168,
      "op_margin": 0.7730061349693251,
      "fcf_margin": 0.3936605316973415,
      "incr_op_margin_yoy": -0.9451073985680191,
      "fcf_margin_change": 0.7500654903750275
    },
    {
      "date": "2022-06-30T00:00:00",
      "quarter_label": "2022-06 (Q2)",
      "revenue": -19000000,
      "gross_profit": -166900000,
      "operating_income": -27000000,
      "net_income": -263300000,
      "opex": 201500000,
      "cogs": 147900000,
      "rd": null,
      "sga": null,
      "fcf": -94500000,
      "ocf": -94500000,
      "capex": null,
      "gross_margin": 8.784210526315789,
      "op_margin": 1.4210526315789473,
      "fcf_margin": 4.973684210526316,
      "incr_op_margin_yoy": -0.018552127445049405,
      "rev_growth_yoy": -1.0398406374501992,
      "fcf_margin_change": 4.580023678828974
    },
    {
      "date": "2022-09-30T00:00:00",
      "quarter_label": "2022-09 (Q3)",
      "revenue": 339500000,
      "gross_profit": 198400000,
      "operating_income": -21300000,
      "net_income": 55300000,
      "opex": 185800000,
      "cogs": 141100000,
      "rd": null,
      "sga": null,
      "fcf": -53800000,
      "ocf": -53800000,
      "capex": null,
      "gross_margin": 0.5843888070692195,
      "op_margin": -0.06273932253313697,
      "fcf_margin": -0.1584683357879234,
      "incr_op_margin_yoy": 0.010903426791277258,
      "rev_growth_yoy": 17.35135135135135,
      "rev_growth_yoy_accel": 18.391191988801552,
      "fcf_margin_change": -5.13215254631424
    },
    {
      "date": "2022-12-31T00:00:00",
      "quarter_label": "2022-12 (Q4)",
      "revenue": 260700000,
      "gross_profit": 123700000,
      "operating_income": -20700000,
      "net_income": 27500000,
      "opex": 176400000,
      "cogs": 137000000,
      "rd": null,
      "sga": null,
      "fcf": -18300000,
      "ocf": -18300000,
      "capex": null,
      "gross_margin": 0.47449175297276563,
      "op_margin": -0.07940161104718067,
      "fcf_margin": -0.07019562715765247,
      "incr_op_margin_yoy": 0.09640024405125076,
      "rev_growth_yoy": 1.6931818181818181,
      "rev_growth_yoy_accel": -15.658169533169533,
      "fcf_margin_change": 0.08827270863027094
    },
    {
      "date": "2023-03-31T00:00:00",
      "quarter_label": "2023-03 (Q1)",
      "revenue": 209200000,
      "gross_profit": 77600000,
      "operating_income": -22700000,
      "net_income": -4100000,
      "opex": 177000000,
      "cogs": 131600000,
      "rd": null,
      "sga": null,
      "fcf": -19700000,
      "ocf": -19700000,
      "capex": null,
      "gross_margin": 0.37093690248565964,
      "op_margin": -0.10850860420650095,
      "fcf_margin": -0.09416826003824091,
      "incr_op_margin_yoy": 0.1723127035830619,
      "fcf_margin_change": -0.023972632880588443
    },
    {
      "date": "2023-06-30T00:00:00",
      "quarter_label": "2023-06 (Q2)",
      "revenue": 113300000,
      "gross_profit": -15000000,
      "operating_income": -19600000,
      "net_income": -87200000,
      "opex": 172400000,
      "cogs": 128300000,
      "rd": null,
      "sga": null,
      "fcf": -14900000,
      "ocf": -14900000,
      "capex": null,
      "gross_margin": -0.1323918799646955,
      "op_margin": -0.17299205648720212,
      "fcf_margin": -0.13150926743159752,
      "incr_op_margin_yoy": 0.055933484504913075,
      "fcf_margin_change": -0.03734100739335661
    },
    {
      "date": "2023-09-30T00:00:00",
      "quarter_label": "2023-09 (Q3)",
      "revenue": 16200000,
      "gross_profit": -99700000,
      "operating_income": -51900000,
      "net_income": -157300000,
      "opex": 195500000,
      "cogs": 115900000,
      "rd": null,
      "sga": null,
      "fcf": -19900000,
      "ocf": -19900000,
      "capex": null,
      "gross_margin": -6.154320987654321,
      "op_margin": -3.2037037037037037,
      "fcf_margin": -1.228395061728395,
      "incr_op_margin_yoy": 0.09464893287967832,
      "rev_growth_yoy": -0.9522827687776141,
      "fcf_margin_change": -1.0968857942967976
    },
    {
      "date": "2023-12-31T00:00:00",
      "quarter_label": "2023-12 (Q4)",
      "revenue": 161000000,
      "gross_profit": 61900000,
      "operating_income": -24700000,
      "net_income": -64800000,
      "opex": 144000000,
      "cogs": 99100000,
      "rd": null,
      "sga": null,
      "fcf": -33300000,
      "ocf": -33300000,
      "capex": null,
      "gross_margin": 0.384472049689441,
      "op_margin": -0.153416149068323,
      "fcf_margin": -0.20683229813664597,
      "incr_op_margin_yoy": 0.04012036108324975,
      "rev_growth_yoy": -0.38243191407748367,
      "rev_growth_yoy_accel": 0.5698508547001304,
      "op_leverage_ratio": Infinity,
      "fcf_margin_change": 1.021562763591749
    },
    {
      "date": "2024-03-31T00:00:00",
      "quarter_label": "2024-03 (Q1)",
      "revenue": 104200000,
      "gross_profit": 10000000,
      "operating_income": -40600000,
      "net_income": -89900000,
      "opex": 151300000,
      "cogs": 94200000,
      "rd": null,
      "sga": null,
      "fcf": -36000000,
      "ocf": -36000000,
      "capex": null,
      "gross_margin": 0.09596928982725528,
      "op_margin": -0.3896353166986564,
      "fcf_margin": -0.345489443378119,
      "incr_op_margin_yoy": 0.17047619047619048,
      "rev_growth_yoy": -0.5019120458891013,
      "rev_growth_yoy_accel": -0.11948013181161765,
      "fcf_margin_change": -0.13865714524147302
    },
    {
      "date": "2024-06-30T00:00:00",
      "quarter_label": "2024-06 (Q2)",
      "revenue": -26400000,
      "gross_profit": -118500000,
      "operating_income": -23000000,
      "net_income": -155000000,
      "opex": 141000000,
      "cogs": 92100000,
      "rd": null,
      "sga": null,
      "fcf": -10200000,
      "ocf": -10200000,
      "capex": null,
      "gross_margin": 4.488636363636363,
      "op_margin": 0.8712121212121212,
      "fcf_margin": 0.38636363636363635,
      "incr_op_margin_yoy": 0.024337866857551897,
      "rev_growth_yoy": -1.233009708737864,
      "rev_growth_yoy_accel": -0.7310976628487627,
      "fcf_margin_change": 0.7318530797417553
    },
    {
      "date": "2024-09-30T00:00:00",
      "quarter_label": "2024-09 (Q3)",
      "revenue": 138100000,
      "gross_profit": 45100000,
      "operating_income": -18100000,
      "net_income": -13600000,
      "opex": 132000000,
      "cogs": 93000000,
      "rd": null,
      "sga": null,
      "fcf": -31900000,
      "ocf": -31900000,
      "capex": null,
      "gross_margin": 0.3265749456915279,
      "op_margin": -0.13106444605358436,
      "fcf_margin": -0.23099203475742217,
      "incr_op_margin_yoy": 0.27727645611156687,
      "rev_growth_yoy": 7.5246913580246915,
      "rev_growth_yoy_accel": 8.757701066762555,
      "fcf_margin_change": -0.6173556711210585
    },
    {
      "date": "2024-12-31T00:00:00",
      "quarter_label": "2024-12 (Q4)",
      "revenue": 236600000,
      "gross_profit": 144700000,
      "operating_income": -22000000,
      "net_income": -46100000,
      "opex": 131900000,
      "cogs": 91900000,
      "rd": null,
      "sga": null,
      "fcf": -12000000,
      "ocf": -12000000,
      "capex": null,
      "gross_margin": 0.6115807269653424,
      "op_margin": -0.09298393913778528,
      "fcf_margin": -0.0507185122569738,
      "incr_op_margin_yoy": 0.03571428571428571,
      "rev_growth_yoy": 0.46956521739130436,
      "rev_growth_yoy_accel": -7.055126140633387,
      "op_leverage_ratio": Infinity,
      "fcf_margin_change": 0.18027352250044837
    },
    {
      "date": "2025-03-31T00:00:00",
      "quarter_label": "2025-03 (Q1)",
      "revenue": 103200000,
      "gross_profit": 12200000,
      "operating_income": -21400000,
      "net_income": -113000000,
      "opex": 124600000,
      "cogs": 91000000,
      "rd": null,
      "sga": null,
      "fcf": 9100000,
      "ocf": 9100000,
      "capex": null,
      "gross_margin": 0.1182170542635659,
      "op_margin": -0.20736434108527133,
      "fcf_margin": 0.08817829457364341,
      "rev_growth_yoy": -0.009596928982725527,
      "rev_growth_yoy_accel": -0.4791621463740299,
      "fcf_margin_change": 0.13889680683061723
    },
    {
      "date": "2025-06-30T00:00:00",
      "quarter_label": "2025-06 (Q2)",
      "revenue": 110200000,
      "gross_profit": 19400000,
      "operating_income": -60900000,
      "net_income": -238800000,
      "opex": 171100000,
      "cogs": 90800000,
      "rd": null,
      "sga": null,
      "fcf": -21600000,
      "ocf": -21600000,
      "capex": null,
      "gross_margin": 0.17604355716878403,
      "op_margin": -0.5526315789473685,
      "fcf_margin": -0.19600725952813067,
      "incr_op_margin_yoy": -0.2774524158125915,
      "op_leverage_ratio": 0.18175377177627738,
      "fcf_margin_change": -0.2841855541017741
    },
    {
      "date": "2025-09-30T00:00:00",
      "quarter_label": "2025-09 (Q3)",
      "revenue": 106900000,
      "gross_profit": 18300000,
      "operating_income": -13200000,
      "net_income": -68400000,
      "opex": 120100000,
      "cogs": 88600000,
      "rd": null,
      "sga": null,
      "fcf": -21600000,
      "ocf": -21600000,
      "capex": null,
      "gross_margin": 0.17118802619270346,
      "op_margin": -0.1234798877455566,
      "fcf_margin": -0.20205799812909261,
      "incr_op_margin_yoy": -0.15705128205128205,
      "rev_growth_yoy": -0.22592324402606806,
      "fcf_margin_change": -0.006050738600961947
    }
  ],
  "signals": [
    {
      "quarter": "2025-06 (Q2)",
      "signal": "GROSS MARGIN INFLECTION",
      "detail": "GM: +61.2% -> +11.8% -> +17.6% (reversal +5.8%)",
      "severity": "HIGH"
    },
    {
      "quarter": "2025-03 (Q1)",
      "signal": "FCF TURNED POSITIVE",
      "detail": "FCF margin: -5.1% -> +8.8%",
      "severity": "HIGH"
    },
    {
      "quarter": "2025-03 (Q1)",
      "signal": "YoY REVENUE GROWTH DECELERATION",
      "detail": "YoY growth: -1.0% vs prior quarter YoY: +47.0% (decel: -47.9%)",
      "severity": "WARNING"
    },
    {
      "quarter": "2024-12 (Q4)",
      "signal": "FCF MARGIN EXPANSION",
      "detail": "FCF margin: -23.1% -> -5.1% (+18.0%)",
      "severity": "MEDIUM"
    },
    {
      "quarter": "2024-12 (Q4)",
      "signal": "GROSS MARGIN INFLECTION",
      "detail": "GM: +448.9% -> +32.7% -> +61.2% (reversal +28.5%)",
      "severity": "HIGH"
    },
    {
      "quarter": "2024-12 (Q4)",
      "signal": "YoY REVENUE GROWTH DECELERATION",
      "detail": "YoY growth: +47.0% vs prior quarter YoY: +752.5% (decel: -705.5%)",
      "severity": "WARNING"
    },
    {
      "quarter": "2024-09 (Q3)",
      "signal": "YoY REVENUE GROWTH ACCELERATION",
      "detail": "YoY growth: +752.5% vs prior quarter YoY: -123.3% (accel: +875.8%)",
      "severity": "HIGH"
    },
    {
      "quarter": "2024-06 (Q2)",
      "signal": "FCF TURNED POSITIVE",
      "detail": "FCF margin: -34.5% -> +38.6%",
      "severity": "HIGH"
    },
    {
      "quarter": "2024-06 (Q2)",
      "signal": "GROSS MARGIN INFLECTION",
      "detail": "GM: +38.4% -> +9.6% -> +448.9% (reversal +439.3%)",
      "severity": "HIGH"
    },
    {
      "quarter": "2024-06 (Q2)",
      "signal": "YoY REVENUE GROWTH DECELERATION",
      "detail": "YoY growth: -123.3% vs prior quarter YoY: -50.2% (decel: -73.1%)",
      "severity": "WARNING"
    },
    {
      "quarter": "2024-06 (Q2)",
      "signal": "OP MARGIN TURNED POSITIVE (YoY)",
      "detail": "Op margin: -17.3% (year-ago) -> +87.1%",
      "severity": "HIGH"
    },
    {
      "quarter": "2024-06 (Q2)",
      "signal": "OP MARGIN TURNED POSITIVE (QoQ)",
      "detail": "Op margin: -39.0% -> +87.1%",
      "severity": "HIGH"
    },
    {
      "quarter": "2024-03 (Q1)",
      "signal": "YoY REVENUE GROWTH DECELERATION",
      "detail": "YoY growth: -50.2% vs prior quarter YoY: -38.2% (decel: -11.9%)",
      "severity": "WARNING"
    },
    {
      "quarter": "2023-12 (Q4)",
      "signal": "FCF MARGIN EXPANSION",
      "detail": "FCF margin: -122.8% -> -20.7% (+102.2%)",
      "severity": "MEDIUM"
    },
    {
      "quarter": "2023-12 (Q4)",
      "signal": "GROSS MARGIN INFLECTION",
      "detail": "GM: -13.2% -> -615.4% -> +38.4% (reversal +653.9%)",
      "severity": "HIGH"
    },
    {
      "quarter": "2023-12 (Q4)",
      "signal": "YoY REVENUE GROWTH ACCELERATION",
      "detail": "YoY growth: -38.2% vs prior quarter YoY: -95.2% (accel: +57.0%)",
      "severity": "HIGH"
    },
    {
      "quarter": "2022-12 (Q4)",
      "signal": "FCF MARGIN EXPANSION",
      "detail": "FCF margin: -15.8% -> -7.0% (+8.8%)",
      "severity": "MEDIUM"
    },
    {
      "quarter": "2022-12 (Q4)",
      "signal": "YoY REVENUE GROWTH DECELERATION",
      "detail": "YoY growth: +169.3% vs prior quarter YoY: +1735.1% (decel: -1565.8%)",
      "severity": "WARNING"
    },
    {
      "quarter": "2022-09 (Q3)",
      "signal": "YoY REVENUE GROWTH ACCELERATION",
      "detail": "YoY growth: +1735.1% vs prior quarter YoY: -104.0% (accel: +1839.1%)",
      "severity": "HIGH"
    },
    {
      "quarter": "2022-06 (Q2)",
      "signal": "FCF MARGIN EXPANSION",
      "detail": "FCF margin: +39.4% -> +497.4% (+458.0%)",
      "severity": "MEDIUM"
    },
    {
      "quarter": "2022-06 (Q2)",
      "signal": "OP MARGIN TURNED POSITIVE (YoY)",
      "detail": "Op margin: -7.6% (year-ago) -> +142.1%",
      "severity": "HIGH"
    },
    {
      "quarter": "2022-03 (Q1)",
      "signal": "FCF TURNED POSITIVE",
      "detail": "FCF margin: -35.6% -> +39.4%",
      "severity": "HIGH"
    },
    {
      "quarter": "2022-03 (Q1)",
      "signal": "OP MARGIN TURNED POSITIVE (QoQ)",
      "detail": "Op margin: -37.7% -> +77.3%",
      "severity": "HIGH"
    },
    {
      "quarter": "2021-12 (Q4)",
      "signal": "FCF MARGIN EXPANSION",
      "detail": "FCF margin: -402.2% -> -35.6% (+366.5%)",
      "severity": "MEDIUM"
    },
    {
      "quarter": "2021-12 (Q4)",
      "signal": "OPERATING LEVERAGE",
      "detail": "Rev growth +423.2% vs OpEx growth +3.6% (leverage: 117.4x)",
      "severity": "MEDIUM"
    },
    {
      "quarter": "2021-03 (Q1)",
      "signal": "OP MARGIN TURNED POSITIVE (QoQ)",
      "detail": "Op margin: -7.2% -> +25.8%",
      "severity": "HIGH"
    }
  ],
  "data_quality": {
    "n_quarters": 20,
    "coverage": {
      "revenue": [
        20,
        20
      ],
      "gross_profit": [
        18,
        20
      ],
      "op_income": [
        20,
        20
      ],
      "fcf": [
        20,
        20
      ]
    },
    "gaps": [],
    "warnings": []
  },
  "market_cap": null,
  "source": "SEC EDGAR",
  "last_updated": "2026-02-02T22:10:35.069623"
}