{
  "ticker": "CNO",
  "name": "CNO Financial Group, Inc.",
  "quarters": [
    {
      "date": "2020-12-31T00:00:00",
      "quarter_label": "2020-12 (Q4)",
      "revenue": 1076200000,
      "gross_profit": null,
      "operating_income": 110800000,
      "net_income": 111800000,
      "opex": null,
      "cogs": null,
      "rd": null,
      "sga": null,
      "fcf": 193700000,
      "ocf": 193700000,
      "capex": null,
      "gross_margin": null,
      "op_margin": 0.10295484110760082,
      "fcf_margin": 0.17998513287493031
    },
    {
      "date": "2021-03-31T00:00:00",
      "quarter_label": "2021-03 (Q1)",
      "revenue": 1006000000,
      "gross_profit": null,
      "operating_income": 96900000,
      "net_income": 147400000,
      "opex": null,
      "cogs": null,
      "rd": null,
      "sga": null,
      "fcf": 89400000,
      "ocf": 89400000,
      "capex": null,
      "gross_margin": null,
      "op_margin": 0.0963220675944334,
      "fcf_margin": 0.08886679920477138,
      "fcf_margin_change": -0.09111833367015894
    },
    {
      "date": "2021-06-30T00:00:00",
      "quarter_label": "2021-06 (Q2)",
      "revenue": 1073100000,
      "gross_profit": null,
      "operating_income": 115600000,
      "net_income": 78000000,
      "opex": null,
      "cogs": null,
      "rd": null,
      "sga": null,
      "fcf": 148900000,
      "ocf": 148900000,
      "capex": null,
      "gross_margin": null,
      "op_margin": 0.10772528189357936,
      "fcf_margin": 0.13875687261205852,
      "fcf_margin_change": 0.04989007340728714
    },
    {
      "date": "2021-09-30T00:00:00",
      "quarter_label": "2021-09 (Q3)",
      "revenue": 968300000,
      "gross_profit": null,
      "operating_income": 119300000,
      "net_income": 99800000,
      "opex": null,
      "cogs": null,
      "rd": null,
      "sga": null,
      "fcf": 240700000,
      "ocf": 240700000,
      "capex": null,
      "gross_margin": null,
      "op_margin": 0.12320561809356605,
      "fcf_margin": 0.24857998554167096,
      "fcf_margin_change": 0.10982311292961244
    },
    {
      "date": "2021-12-31T00:00:00",
      "quarter_label": "2021-12 (Q4)",
      "revenue": 1074800000,
      "gross_profit": null,
      "operating_income": 138800000,
      "net_income": 115800000,
      "opex": null,
      "cogs": null,
      "rd": null,
      "sga": null,
      "fcf": 119300000,
      "ocf": 119300000,
      "capex": null,
      "gross_margin": null,
      "op_margin": 0.12914030517305544,
      "fcf_margin": 0.11099739486416077,
      "incr_op_margin_yoy": -20.0,
      "rev_growth_yoy": -0.0013008734435978444,
      "fcf_margin_change": -0.1375825906775102
    },
    {
      "date": "2022-03-31T00:00:00",
      "quarter_label": "2022-03 (Q1)",
      "revenue": 842900000,
      "gross_profit": null,
      "operating_income": 68000000,
      "net_income": 112300000,
      "opex": null,
      "cogs": null,
      "rd": null,
      "sga": null,
      "fcf": 56400000,
      "ocf": 56400000,
      "capex": null,
      "gross_margin": null,
      "op_margin": 0.08067386404081149,
      "fcf_margin": 0.06691185193973188,
      "incr_op_margin_yoy": 0.1771919068056407,
      "rev_growth_yoy": -0.1621272365805169,
      "rev_growth_yoy_accel": -0.16082636313691906,
      "fcf_margin_change": -0.044085542924428886
    },
    {
      "date": "2022-06-30T00:00:00",
      "quarter_label": "2022-06 (Q2)",
      "revenue": 855000000,
      "gross_profit": null,
      "operating_income": 129700000,
      "net_income": 136100000,
      "opex": null,
      "cogs": null,
      "rd": null,
      "sga": null,
      "fcf": 110600000,
      "ocf": 110600000,
      "capex": null,
      "gross_margin": null,
      "op_margin": 0.15169590643274855,
      "fcf_margin": 0.12935672514619884,
      "incr_op_margin_yoy": -0.06464924346629987,
      "rev_growth_yoy": -0.20324294101202126,
      "rev_growth_yoy_accel": -0.04111570443150436,
      "fcf_margin_change": 0.06244487320646695
    },
    {
      "date": "2022-09-30T00:00:00",
      "quarter_label": "2022-09 (Q3)",
      "revenue": 905300000,
      "gross_profit": null,
      "operating_income": 74300000,
      "net_income": 105000000,
      "opex": null,
      "cogs": null,
      "rd": null,
      "sga": null,
      "fcf": 167500000,
      "ocf": 167500000,
      "capex": null,
      "gross_margin": null,
      "op_margin": 0.0820722412459958,
      "fcf_margin": 0.1850215398210538,
      "incr_op_margin_yoy": 0.7142857142857143,
      "rev_growth_yoy": -0.06506248063616647,
      "rev_growth_yoy_accel": 0.1381804603758548,
      "fcf_margin_change": 0.05566481467485496
    },
    {
      "date": "2022-12-31T00:00:00",
      "quarter_label": "2022-12 (Q4)",
      "revenue": 973600000,
      "gross_profit": null,
      "operating_income": 85100000,
      "net_income": 43400000,
      "opex": null,
      "cogs": null,
      "rd": null,
      "sga": null,
      "fcf": 160900000,
      "ocf": 160900000,
      "capex": null,
      "gross_margin": null,
      "op_margin": 0.0874075595727198,
      "fcf_margin": 0.16526294165981922,
      "incr_op_margin_yoy": 0.5306324110671937,
      "rev_growth_yoy": -0.09415705247487904,
      "rev_growth_yoy_accel": -0.02909457183871257,
      "fcf_margin_change": -0.01975859816123457
    },
    {
      "date": "2023-03-31T00:00:00",
      "quarter_label": "2023-03 (Q1)",
      "revenue": 1006000000,
      "gross_profit": null,
      "operating_income": 76400000,
      "net_income": -800000,
      "opex": null,
      "cogs": null,
      "rd": null,
      "sga": null,
      "fcf": 81900000,
      "ocf": 81900000,
      "capex": null,
      "gross_margin": null,
      "op_margin": 0.07594433399602386,
      "fcf_margin": 0.08141153081510935,
      "incr_op_margin_yoy": 0.05150214592274678,
      "rev_growth_yoy": 0.19349863566259343,
      "rev_growth_yoy_accel": 0.28765568813747244,
      "fcf_margin_change": -0.08385141084470987
    },
    {
      "date": "2023-06-30T00:00:00",
      "quarter_label": "2023-06 (Q2)",
      "revenue": 1022800000,
      "gross_profit": null,
      "operating_income": 81200000,
      "net_income": 73700000,
      "opex": null,
      "cogs": null,
      "rd": null,
      "sga": null,
      "fcf": 141500000,
      "ocf": 141500000,
      "capex": null,
      "gross_margin": null,
      "op_margin": 0.07938991005084083,
      "fcf_margin": 0.13834571763785686,
      "incr_op_margin_yoy": -0.28903456495828367,
      "rev_growth_yoy": 0.19625730994152046,
      "rev_growth_yoy_accel": 0.002758674278927037,
      "fcf_margin_change": 0.05693418682274751
    },
    {
      "date": "2023-09-30T00:00:00",
      "quarter_label": "2023-09 (Q3)",
      "revenue": 947500000,
      "gross_profit": null,
      "operating_income": 129800000,
      "net_income": 167300000,
      "opex": null,
      "cogs": null,
      "rd": null,
      "sga": null,
      "fcf": 182800000,
      "ocf": 182800000,
      "capex": null,
      "gross_margin": null,
      "op_margin": 0.13699208443271768,
      "fcf_margin": 0.1929287598944591,
      "incr_op_margin_yoy": 1.3151658767772512,
      "rev_growth_yoy": 0.04661438197282669,
      "rev_growth_yoy_accel": -0.14964292796869377,
      "fcf_margin_change": 0.05458304225660224
    },
    {
      "date": "2023-12-31T00:00:00",
      "quarter_label": "2023-12 (Q4)",
      "revenue": 1170500000,
      "gross_profit": null,
      "operating_income": 172100000,
      "net_income": 36300000,
      "opex": null,
      "cogs": null,
      "rd": null,
      "sga": null,
      "fcf": 176700000,
      "ocf": 176700000,
      "capex": null,
      "gross_margin": null,
      "op_margin": 0.1470311832550192,
      "fcf_margin": 0.15096112772319523,
      "incr_op_margin_yoy": 0.4418486541391569,
      "rev_growth_yoy": 0.2022391125718981,
      "rev_growth_yoy_accel": 0.15562473059907142,
      "fcf_margin_change": -0.04196763217126387
    },
    {
      "date": "2024-03-31T00:00:00",
      "quarter_label": "2024-03 (Q1)",
      "revenue": 1156500000,
      "gross_profit": null,
      "operating_income": 74800000,
      "net_income": 112300000,
      "opex": null,
      "cogs": null,
      "rd": null,
      "sga": null,
      "fcf": 94600000,
      "ocf": 94600000,
      "capex": null,
      "gross_margin": null,
      "op_margin": 0.0646779074794639,
      "fcf_margin": 0.08179853004755729,
      "incr_op_margin_yoy": -0.0106312292358804,
      "rev_growth_yoy": 0.1496023856858847,
      "rev_growth_yoy_accel": -0.052636726886013424,
      "fcf_margin_change": -0.06916259767563794
    },
    {
      "date": "2024-06-30T00:00:00",
      "quarter_label": "2024-06 (Q2)",
      "revenue": 1066200000,
      "gross_profit": null,
      "operating_income": 148600000,
      "net_income": 116300000,
      "opex": null,
      "cogs": null,
      "rd": null,
      "sga": null,
      "fcf": 110900000,
      "ocf": 110900000,
      "capex": null,
      "gross_margin": null,
      "op_margin": 0.13937347589570437,
      "fcf_margin": 0.10401425623710374,
      "incr_op_margin_yoy": 1.5529953917050692,
      "rev_growth_yoy": 0.042432538130621825,
      "rev_growth_yoy_accel": -0.10716984755526286,
      "fcf_margin_change": 0.022215726189546453
    },
    {
      "date": "2024-09-30T00:00:00",
      "quarter_label": "2024-09 (Q3)",
      "revenue": 1129600000,
      "gross_profit": null,
      "operating_income": 153500000,
      "net_income": 9300000,
      "opex": null,
      "cogs": null,
      "rd": null,
      "sga": null,
      "fcf": 231200000,
      "ocf": 231200000,
      "capex": null,
      "gross_margin": null,
      "op_margin": 0.1358888101983003,
      "fcf_margin": 0.2046742209631728,
      "incr_op_margin_yoy": 0.1301482701812191,
      "rev_growth_yoy": 0.19218997361477572,
      "rev_growth_yoy_accel": 0.14975743548415388,
      "fcf_margin_change": 0.10065996472606907
    },
    {
      "date": "2024-12-31T00:00:00",
      "quarter_label": "2024-12 (Q4)",
      "revenue": 1097200000,
      "gross_profit": null,
      "operating_income": 173900000,
      "net_income": 166100000,
      "opex": null,
      "cogs": null,
      "rd": null,
      "sga": null,
      "fcf": 191000000,
      "ocf": 191000000,
      "capex": null,
      "gross_margin": null,
      "op_margin": 0.15849434925264308,
      "fcf_margin": 0.17407947502734233,
      "incr_op_margin_yoy": -0.02455661664392906,
      "rev_growth_yoy": -0.0626228107646305,
      "rev_growth_yoy_accel": -0.25481278437940624,
      "fcf_margin_change": -0.030594745935830475
    },
    {
      "date": "2025-03-31T00:00:00",
      "quarter_label": "2025-03 (Q1)",
      "revenue": 1004100000,
      "gross_profit": null,
      "operating_income": 104600000,
      "net_income": 13700000,
      "opex": null,
      "cogs": null,
      "rd": null,
      "sga": null,
      "fcf": 136700000,
      "ocf": 136700000,
      "capex": null,
      "gross_margin": null,
      "op_margin": 0.10417289114630017,
      "fcf_margin": 0.13614181854396973,
      "incr_op_margin_yoy": -0.19553805774278216,
      "rev_growth_yoy": -0.1317769130998703,
      "rev_growth_yoy_accel": -0.0691541023352398,
      "fcf_margin_change": -0.037937656483372606
    },
    {
      "date": "2025-06-30T00:00:00",
      "quarter_label": "2025-06 (Q2)",
      "revenue": 1151500000,
      "gross_profit": null,
      "operating_income": 112300000,
      "net_income": 91800000,
      "opex": null,
      "cogs": null,
      "rd": null,
      "sga": null,
      "fcf": 145500000,
      "ocf": 145500000,
      "capex": null,
      "gross_margin": null,
      "op_margin": 0.09752496743378203,
      "fcf_margin": 0.12635692574902302,
      "incr_op_margin_yoy": -0.42555685814771393,
      "rev_growth_yoy": 0.08000375164134309,
      "rev_growth_yoy_accel": 0.21178066474121338,
      "fcf_margin_change": -0.009784892794946709
    },
    {
      "date": "2025-09-30T00:00:00",
      "quarter_label": "2025-09 (Q3)",
      "revenue": 1188700000,
      "gross_profit": null,
      "operating_income": 162800000,
      "net_income": 23100000,
      "opex": null,
      "cogs": null,
      "rd": null,
      "sga": null,
      "fcf": 197800000,
      "ocf": 197800000,
      "capex": null,
      "gross_margin": null,
      "op_margin": 0.1369563388575755,
      "fcf_margin": 0.16640026920164885,
      "incr_op_margin_yoy": 0.15736040609137056,
      "rev_growth_yoy": 0.05231940509915014,
      "rev_growth_yoy_accel": -0.02768434654219295,
      "fcf_margin_change": 0.040043343452625835
    }
  ],
  "signals": [
    {
      "quarter": "2025-06 (Q2)",
      "signal": "YoY REVENUE GROWTH ACCELERATION",
      "detail": "YoY growth: +8.0% vs prior quarter YoY: -13.2% (accel: +21.2%)",
      "severity": "HIGH"
    },
    {
      "quarter": "2025-03 (Q1)",
      "signal": "YoY REVENUE GROWTH DECELERATION",
      "detail": "YoY growth: -13.2% vs prior quarter YoY: -6.3% (decel: -6.9%)",
      "severity": "WARNING"
    },
    {
      "quarter": "2024-12 (Q4)",
      "signal": "YoY REVENUE GROWTH DECELERATION",
      "detail": "YoY growth: -6.3% vs prior quarter YoY: +19.2% (decel: -25.5%)",
      "severity": "WARNING"
    },
    {
      "quarter": "2024-09 (Q3)",
      "signal": "FCF MARGIN EXPANSION",
      "detail": "FCF margin: +10.4% -> +20.5% (+10.1%)",
      "severity": "MEDIUM"
    },
    {
      "quarter": "2024-09 (Q3)",
      "signal": "YoY REVENUE GROWTH ACCELERATION",
      "detail": "YoY growth: +19.2% vs prior quarter YoY: +4.2% (accel: +15.0%)",
      "severity": "MEDIUM"
    },
    {
      "quarter": "2024-06 (Q2)",
      "signal": "YoY REVENUE GROWTH DECELERATION",
      "detail": "YoY growth: +4.2% vs prior quarter YoY: +15.0% (decel: -10.7%)",
      "severity": "WARNING"
    },
    {
      "quarter": "2024-06 (Q2)",
      "signal": "INCREMENTAL MARGIN (YoY)",
      "detail": "YoY Incr OPM: +155.3% vs year-ago OPM: +7.9%",
      "severity": "HIGH"
    },
    {
      "quarter": "2024-03 (Q1)",
      "signal": "YoY REVENUE GROWTH DECELERATION",
      "detail": "YoY growth: +15.0% vs prior quarter YoY: +20.2% (decel: -5.3%)",
      "severity": "WARNING"
    },
    {
      "quarter": "2023-12 (Q4)",
      "signal": "YoY REVENUE GROWTH ACCELERATION",
      "detail": "YoY growth: +20.2% vs prior quarter YoY: +4.7% (accel: +15.6%)",
      "severity": "HIGH"
    },
    {
      "quarter": "2023-12 (Q4)",
      "signal": "INCREMENTAL MARGIN (YoY)",
      "detail": "YoY Incr OPM: +44.2% vs year-ago OPM: +8.7%",
      "severity": "HIGH"
    },
    {
      "quarter": "2023-09 (Q3)",
      "signal": "FCF MARGIN EXPANSION",
      "detail": "FCF margin: +13.8% -> +19.3% (+5.5%)",
      "severity": "MEDIUM"
    },
    {
      "quarter": "2023-09 (Q3)",
      "signal": "YoY REVENUE GROWTH DECELERATION",
      "detail": "YoY growth: +4.7% vs prior quarter YoY: +19.6% (decel: -15.0%)",
      "severity": "WARNING"
    },
    {
      "quarter": "2023-09 (Q3)",
      "signal": "INCREMENTAL MARGIN (YoY)",
      "detail": "YoY Incr OPM: +131.5% vs year-ago OPM: +8.2%",
      "severity": "HIGH"
    },
    {
      "quarter": "2023-06 (Q2)",
      "signal": "FCF MARGIN EXPANSION",
      "detail": "FCF margin: +8.1% -> +13.8% (+5.7%)",
      "severity": "MEDIUM"
    },
    {
      "quarter": "2023-03 (Q1)",
      "signal": "YoY REVENUE GROWTH ACCELERATION",
      "detail": "YoY growth: +19.3% vs prior quarter YoY: -9.4% (accel: +28.8%)",
      "severity": "HIGH"
    },
    {
      "quarter": "2022-12 (Q4)",
      "signal": "INCREMENTAL MARGIN (YoY)",
      "detail": "YoY Incr OPM: +53.1% vs year-ago OPM: +12.9%",
      "severity": "HIGH"
    },
    {
      "quarter": "2022-09 (Q3)",
      "signal": "FCF MARGIN EXPANSION",
      "detail": "FCF margin: +12.9% -> +18.5% (+5.6%)",
      "severity": "MEDIUM"
    },
    {
      "quarter": "2022-09 (Q3)",
      "signal": "YoY REVENUE GROWTH ACCELERATION",
      "detail": "YoY growth: -6.5% vs prior quarter YoY: -20.3% (accel: +13.8%)",
      "severity": "MEDIUM"
    },
    {
      "quarter": "2022-09 (Q3)",
      "signal": "INCREMENTAL MARGIN (YoY)",
      "detail": "YoY Incr OPM: +71.4% vs year-ago OPM: +12.3%",
      "severity": "HIGH"
    },
    {
      "quarter": "2022-06 (Q2)",
      "signal": "FCF MARGIN EXPANSION",
      "detail": "FCF margin: +6.7% -> +12.9% (+6.2%)",
      "severity": "MEDIUM"
    },
    {
      "quarter": "2022-03 (Q1)",
      "signal": "YoY REVENUE GROWTH DECELERATION",
      "detail": "YoY growth: -16.2% vs prior quarter YoY: -0.1% (decel: -16.1%)",
      "severity": "WARNING"
    },
    {
      "quarter": "2021-09 (Q3)",
      "signal": "FCF MARGIN EXPANSION",
      "detail": "FCF margin: +13.9% -> +24.9% (+11.0%)",
      "severity": "MEDIUM"
    }
  ],
  "data_quality": {
    "n_quarters": 20,
    "coverage": {
      "revenue": [
        20,
        20
      ],
      "gross_profit": [
        0,
        20
      ],
      "op_income": [
        20,
        20
      ],
      "fcf": [
        20,
        20
      ]
    },
    "gaps": [],
    "warnings": [
      "gross_profit: no data"
    ]
  },
  "market_cap": null,
  "source": "SEC EDGAR",
  "last_updated": "2026-02-02T21:13:06.751846"
}