{
  "ticker": "CNP",
  "name": "CenterPoint Energy, Inc.",
  "quarters": [
    {
      "date": "2020-12-31T00:00:00",
      "quarter_label": "2020-12 (Q4)",
      "revenue": 2054000000,
      "gross_profit": 1993000000,
      "operating_income": 285000000,
      "net_income": 200000000,
      "opex": 1769000000,
      "cogs": 61000000,
      "rd": null,
      "sga": null,
      "fcf": 556000000,
      "ocf": 556000000,
      "capex": null,
      "gross_margin": 0.9703018500486855,
      "op_margin": 0.13875365141187926,
      "fcf_margin": 0.27069133398247325
    },
    {
      "date": "2021-03-31T00:00:00",
      "quarter_label": "2021-03 (Q1)",
      "revenue": 2547000000,
      "gross_profit": 2507000000,
      "operating_income": 453000000,
      "net_income": 363000000,
      "opex": 2094000000,
      "cogs": 40000000,
      "rd": null,
      "sga": null,
      "fcf": -1681000000,
      "ocf": -1681000000,
      "capex": null,
      "gross_margin": 0.9842952493129171,
      "op_margin": 0.17785630153121318,
      "fcf_margin": -0.6599921476246564,
      "op_leverage_ratio": 1.306444461089057,
      "fcf_margin_change": -0.9306834816071297
    },
    {
      "date": "2021-06-30T00:00:00",
      "quarter_label": "2021-06 (Q2)",
      "revenue": 1742000000,
      "gross_profit": 1684000000,
      "operating_income": 296000000,
      "net_income": 251000000,
      "opex": 1446000000,
      "cogs": 58000000,
      "rd": null,
      "sga": null,
      "fcf": 605000000,
      "ocf": 605000000,
      "capex": null,
      "gross_margin": 0.9667049368541906,
      "op_margin": 0.16991963260619977,
      "fcf_margin": 0.34730195177956374,
      "fcf_margin_change": 1.00729409940422
    },
    {
      "date": "2021-09-30T00:00:00",
      "quarter_label": "2021-09 (Q3)",
      "revenue": 1749000000,
      "gross_profit": 1688000000,
      "operating_income": 278000000,
      "net_income": 218000000,
      "opex": 1471000000,
      "cogs": 61000000,
      "rd": null,
      "sga": null,
      "fcf": 559000000,
      "ocf": 559000000,
      "capex": null,
      "gross_margin": 0.9651229273870783,
      "op_margin": 0.15894797026872498,
      "fcf_margin": 0.31961120640365925,
      "fcf_margin_change": -0.02769074537590449
    },
    {
      "date": "2021-12-31T00:00:00",
      "quarter_label": "2021-12 (Q4)",
      "revenue": 2314000000,
      "gross_profit": 2265000000,
      "operating_income": 336000000,
      "net_income": 654000000,
      "opex": 1978000000,
      "cogs": 49000000,
      "rd": null,
      "sga": null,
      "fcf": 539000000,
      "ocf": 539000000,
      "capex": null,
      "gross_margin": 0.9788245462402766,
      "op_margin": 0.14520311149524634,
      "fcf_margin": 0.23292999135695766,
      "incr_op_margin_yoy": 0.19615384615384615,
      "rev_growth_yoy": 0.12658227848101267,
      "op_leverage_ratio": 0.9372670548287385,
      "fcf_margin_change": -0.08668121504670159
    },
    {
      "date": "2022-03-31T00:00:00",
      "quarter_label": "2022-03 (Q1)",
      "revenue": 2763000000,
      "gross_profit": 2728000000,
      "operating_income": 477000000,
      "net_income": 531000000,
      "opex": 2286000000,
      "cogs": 35000000,
      "rd": null,
      "sga": null,
      "fcf": 580000000,
      "ocf": 580000000,
      "capex": null,
      "gross_margin": 0.9873326094824466,
      "op_margin": 0.17263843648208468,
      "fcf_margin": 0.20991675714802752,
      "incr_op_margin_yoy": 0.1111111111111111,
      "rev_growth_yoy": 0.08480565371024736,
      "rev_growth_yoy_accel": -0.04177662477076531,
      "op_leverage_ratio": 1.2461162433072546,
      "fcf_margin_change": -0.023013234208930144
    },
    {
      "date": "2022-06-30T00:00:00",
      "quarter_label": "2022-06 (Q2)",
      "revenue": 1944000000,
      "gross_profit": 1888000000,
      "operating_income": 351000000,
      "net_income": 190000000,
      "opex": 1593000000,
      "cogs": 56000000,
      "rd": null,
      "sga": null,
      "fcf": 398000000,
      "ocf": 398000000,
      "capex": null,
      "gross_margin": 0.9711934156378601,
      "op_margin": 0.18055555555555555,
      "fcf_margin": 0.20473251028806586,
      "incr_op_margin_yoy": 0.2722772277227723,
      "rev_growth_yoy": 0.11595866819747416,
      "rev_growth_yoy_accel": 0.031153014487226807,
      "fcf_margin_change": -0.005184246859961661
    },
    {
      "date": "2022-09-30T00:00:00",
      "quarter_label": "2022-09 (Q3)",
      "revenue": 1903000000,
      "gross_profit": 1851000000,
      "operating_income": 384000000,
      "net_income": 202000000,
      "opex": 1519000000,
      "cogs": 52000000,
      "rd": null,
      "sga": null,
      "fcf": 347000000,
      "ocf": 347000000,
      "capex": null,
      "gross_margin": 0.9726747241198108,
      "op_margin": 0.20178665265370468,
      "fcf_margin": 0.18234366789280085,
      "incr_op_margin_yoy": 0.6883116883116883,
      "rev_growth_yoy": 0.0880503144654088,
      "rev_growth_yoy_accel": -0.027908353732065364,
      "fcf_margin_change": -0.022388842395265007
    },
    {
      "date": "2022-12-31T00:00:00",
      "quarter_label": "2022-12 (Q4)",
      "revenue": 2711000000,
      "gross_profit": 2650000000,
      "operating_income": 354000000,
      "net_income": 134000000,
      "opex": 2357000000,
      "cogs": 61000000,
      "rd": null,
      "sga": null,
      "fcf": 485000000,
      "ocf": 485000000,
      "capex": null,
      "gross_margin": 0.9774990778310586,
      "op_margin": 0.13057912209516784,
      "fcf_margin": 0.17890077462191073,
      "incr_op_margin_yoy": 0.04534005037783375,
      "rev_growth_yoy": 0.17156439066551427,
      "rev_growth_yoy_accel": 0.08351407620010547,
      "op_leverage_ratio": 0.7696376905200556,
      "fcf_margin_change": -0.0034428932708901183
    },
    {
      "date": "2023-03-31T00:00:00",
      "quarter_label": "2023-03 (Q1)",
      "revenue": 2779000000,
      "gross_profit": 2739000000,
      "operating_income": 541000000,
      "net_income": 325000000,
      "opex": 2238000000,
      "cogs": 40000000,
      "rd": null,
      "sga": null,
      "fcf": 1713000000,
      "ocf": 1713000000,
      "capex": null,
      "gross_margin": 0.9856063332133861,
      "op_margin": 0.19467434328895286,
      "fcf_margin": 0.6164087801367398,
      "incr_op_margin_yoy": 4.0,
      "rev_growth_yoy": 0.00579080709373869,
      "rev_growth_yoy_accel": -0.16577358357177557,
      "op_leverage_ratio": Infinity,
      "fcf_margin_change": 0.4375080055148291
    },
    {
      "date": "2023-06-30T00:00:00",
      "quarter_label": "2023-06 (Q2)",
      "revenue": 1875000000,
      "gross_profit": 1818000000,
      "operating_income": 380000000,
      "net_income": 118000000,
      "opex": 1495000000,
      "cogs": 57000000,
      "rd": null,
      "sga": null,
      "fcf": 769000000,
      "ocf": 769000000,
      "capex": null,
      "gross_margin": 0.9696,
      "op_margin": 0.20266666666666666,
      "fcf_margin": 0.41013333333333335,
      "incr_op_margin_yoy": -0.42028985507246375,
      "rev_growth_yoy": -0.035493827160493825,
      "rev_growth_yoy_accel": -0.04128463425423252,
      "fcf_margin_change": -0.20627544680340648
    },
    {
      "date": "2023-09-30T00:00:00",
      "quarter_label": "2023-09 (Q3)",
      "revenue": 1860000000,
      "gross_profit": 1859000000,
      "operating_income": 518000000,
      "net_income": 282000000,
      "opex": 1342000000,
      "cogs": 1000000,
      "rd": null,
      "sga": null,
      "fcf": 587000000,
      "ocf": 587000000,
      "capex": null,
      "gross_margin": 0.9994623655913979,
      "op_margin": 0.278494623655914,
      "fcf_margin": 0.3155913978494624,
      "incr_op_margin_yoy": -3.116279069767442,
      "rev_growth_yoy": -0.02259590120861797,
      "rev_growth_yoy_accel": 0.012897925951875854,
      "fcf_margin_change": -0.09454193548387096
    },
    {
      "date": "2023-12-31T00:00:00",
      "quarter_label": "2023-12 (Q4)",
      "revenue": 2182000000,
      "gross_profit": 2181000000,
      "operating_income": 321000000,
      "net_income": 192000000,
      "opex": 1861000000,
      "cogs": 1000000,
      "rd": null,
      "sga": null,
      "fcf": 808000000,
      "ocf": 808000000,
      "capex": null,
      "gross_margin": 0.9995417048579285,
      "op_margin": 0.14711274060494958,
      "fcf_margin": 0.3703024747937672,
      "incr_op_margin_yoy": 0.062381852551984876,
      "rev_growth_yoy": -0.1951309479896717,
      "rev_growth_yoy_accel": -0.17253504678105375,
      "op_leverage_ratio": 0.44763917376261214,
      "fcf_margin_change": 0.054711076944304826
    },
    {
      "date": "2024-03-31T00:00:00",
      "quarter_label": "2024-03 (Q1)",
      "revenue": 2620000000,
      "gross_profit": 2619000000,
      "operating_income": 616000000,
      "net_income": 350000000,
      "opex": 2004000000,
      "cogs": 1000000,
      "rd": null,
      "sga": null,
      "fcf": -307000000,
      "ocf": 538000000,
      "capex": -845000000,
      "gross_margin": 0.999618320610687,
      "op_margin": 0.23511450381679388,
      "fcf_margin": -0.11717557251908398,
      "incr_op_margin_yoy": -0.4716981132075472,
      "rev_growth_yoy": -0.057214825476790215,
      "rev_growth_yoy_accel": 0.1379161225128815,
      "op_leverage_ratio": 2.6123399973079167,
      "fcf_margin_change": -0.48747804731285116
    },
    {
      "date": "2024-06-30T00:00:00",
      "quarter_label": "2024-06 (Q2)",
      "revenue": 1905000000,
      "gross_profit": 1905000000,
      "operating_income": 467000000,
      "net_income": 228000000,
      "opex": 1438000000,
      "cogs": 0,
      "rd": null,
      "sga": null,
      "fcf": -236000000,
      "ocf": 576000000,
      "capex": -812000000,
      "gross_margin": 1.0,
      "op_margin": 0.2451443569553806,
      "fcf_margin": -0.12388451443569554,
      "incr_op_margin_yoy": 2.9,
      "rev_growth_yoy": 0.016,
      "rev_growth_yoy_accel": 0.07321482547679022,
      "fcf_margin_change": -0.0067089419166115605
    },
    {
      "date": "2024-09-30T00:00:00",
      "quarter_label": "2024-09 (Q3)",
      "revenue": 1856000000,
      "gross_profit": 1855000000,
      "operating_income": 424000000,
      "net_income": 193000000,
      "opex": 1432000000,
      "cogs": 1000000,
      "rd": null,
      "sga": null,
      "fcf": -708000000,
      "ocf": 136000000,
      "capex": -844000000,
      "gross_margin": 0.9994612068965517,
      "op_margin": 0.22844827586206898,
      "fcf_margin": -0.38146551724137934,
      "incr_op_margin_yoy": 23.5,
      "rev_growth_yoy": -0.002150537634408602,
      "rev_growth_yoy_accel": -0.018150537634408603,
      "fcf_margin_change": -0.2575810028056838
    },
    {
      "date": "2024-12-31T00:00:00",
      "quarter_label": "2024-12 (Q4)",
      "revenue": 2262000000,
      "gross_profit": 2261000000,
      "operating_income": 483000000,
      "net_income": 248000000,
      "opex": 1779000000,
      "cogs": 1000000,
      "rd": null,
      "sga": null,
      "fcf": 889000000,
      "ocf": 889000000,
      "capex": null,
      "gross_margin": 0.9995579133510168,
      "op_margin": 0.21352785145888595,
      "fcf_margin": 0.39301503094606544,
      "incr_op_margin_yoy": 2.025,
      "rev_growth_yoy": 0.03666361136571952,
      "rev_growth_yoy_accel": 0.038814149000128126,
      "op_leverage_ratio": 0.9027377521613833,
      "fcf_margin_change": 0.7744805481874448
    },
    {
      "date": "2025-03-31T00:00:00",
      "quarter_label": "2025-03 (Q1)",
      "revenue": 2920000000,
      "gross_profit": 2919000000,
      "operating_income": 649000000,
      "net_income": 297000000,
      "opex": 2271000000,
      "cogs": 1000000,
      "rd": null,
      "sga": null,
      "fcf": -628000000,
      "ocf": 410000000,
      "capex": -1038000000,
      "gross_margin": 0.9996575342465753,
      "op_margin": 0.22226027397260273,
      "fcf_margin": -0.21506849315068494,
      "incr_op_margin_yoy": 0.11,
      "rev_growth_yoy": 0.11450381679389313,
      "rev_growth_yoy_accel": 0.0778402054281736,
      "op_leverage_ratio": 1.0518265726423843,
      "fcf_margin_change": -0.6080835240967504
    },
    {
      "date": "2025-06-30T00:00:00",
      "quarter_label": "2025-06 (Q2)",
      "revenue": 1944000000,
      "gross_profit": 1942000000,
      "operating_income": 417000000,
      "net_income": 198000000,
      "opex": 1527000000,
      "cogs": 2000000,
      "rd": null,
      "sga": null,
      "fcf": -569000000,
      "ocf": 560000000,
      "capex": -1129000000,
      "gross_margin": 0.9989711934156379,
      "op_margin": 0.21450617283950618,
      "fcf_margin": -0.2926954732510288,
      "incr_op_margin_yoy": -1.2820512820512822,
      "rev_growth_yoy": 0.02047244094488189,
      "rev_growth_yoy_accel": -0.09403137584901124,
      "fcf_margin_change": -0.07762698010034386
    },
    {
      "date": "2025-09-30T00:00:00",
      "quarter_label": "2025-09 (Q3)",
      "revenue": 1988000000,
      "gross_profit": 1987000000,
      "operating_income": 502000000,
      "net_income": 293000000,
      "opex": 1486000000,
      "cogs": 1000000,
      "rd": null,
      "sga": null,
      "fcf": -480000000,
      "ocf": 742000000,
      "capex": -1222000000,
      "gross_margin": 0.9994969818913481,
      "op_margin": 0.25251509054325955,
      "fcf_margin": -0.2414486921529175,
      "incr_op_margin_yoy": 0.5909090909090909,
      "rev_growth_yoy": 0.07112068965517242,
      "rev_growth_yoy_accel": 0.05064824871029053,
      "op_leverage_ratio": Infinity,
      "fcf_margin_change": 0.05124678109811129
    }
  ],
  "signals": [
    {
      "quarter": "2025-09 (Q3)",
      "signal": "FCF MARGIN EXPANSION",
      "detail": "FCF margin: -29.3% -> -24.1% (+5.1%)",
      "severity": "MEDIUM"
    },
    {
      "quarter": "2025-09 (Q3)",
      "signal": "YoY REVENUE GROWTH ACCELERATION",
      "detail": "YoY growth: +7.1% vs prior quarter YoY: +2.0% (accel: +5.1%)",
      "severity": "MEDIUM"
    },
    {
      "quarter": "2025-09 (Q3)",
      "signal": "INCREMENTAL MARGIN (YoY)",
      "detail": "YoY Incr OPM: +59.1% vs year-ago OPM: +22.8%",
      "severity": "HIGH"
    },
    {
      "quarter": "2025-06 (Q2)",
      "signal": "YoY REVENUE GROWTH DECELERATION",
      "detail": "YoY growth: +2.0% vs prior quarter YoY: +11.5% (decel: -9.4%)",
      "severity": "WARNING"
    },
    {
      "quarter": "2025-03 (Q1)",
      "signal": "YoY REVENUE GROWTH ACCELERATION",
      "detail": "YoY growth: +11.5% vs prior quarter YoY: +3.7% (accel: +7.8%)",
      "severity": "MEDIUM"
    },
    {
      "quarter": "2024-12 (Q4)",
      "signal": "FCF TURNED POSITIVE",
      "detail": "FCF margin: -38.1% -> +39.3%",
      "severity": "HIGH"
    },
    {
      "quarter": "2024-12 (Q4)",
      "signal": "INCREMENTAL MARGIN (YoY)",
      "detail": "YoY Incr OPM: +202.5% vs year-ago OPM: +14.7%",
      "severity": "HIGH"
    },
    {
      "quarter": "2024-09 (Q3)",
      "signal": "INCREMENTAL MARGIN (YoY)",
      "detail": "YoY Incr OPM: +2350.0% vs year-ago OPM: +27.8%",
      "severity": "HIGH"
    },
    {
      "quarter": "2024-06 (Q2)",
      "signal": "YoY REVENUE GROWTH ACCELERATION",
      "detail": "YoY growth: +1.6% vs prior quarter YoY: -5.7% (accel: +7.3%)",
      "severity": "MEDIUM"
    },
    {
      "quarter": "2024-06 (Q2)",
      "signal": "INCREMENTAL MARGIN (YoY)",
      "detail": "YoY Incr OPM: +290.0% vs year-ago OPM: +20.3%",
      "severity": "HIGH"
    },
    {
      "quarter": "2024-03 (Q1)",
      "signal": "OPERATING LEVERAGE",
      "detail": "Rev growth +20.1% vs OpEx growth +7.7% (leverage: 2.6x)",
      "severity": "MEDIUM"
    },
    {
      "quarter": "2024-03 (Q1)",
      "signal": "YoY REVENUE GROWTH ACCELERATION",
      "detail": "YoY growth: -5.7% vs prior quarter YoY: -19.5% (accel: +13.8%)",
      "severity": "MEDIUM"
    },
    {
      "quarter": "2023-12 (Q4)",
      "signal": "FCF MARGIN EXPANSION",
      "detail": "FCF margin: +31.6% -> +37.0% (+5.5%)",
      "severity": "MEDIUM"
    },
    {
      "quarter": "2023-12 (Q4)",
      "signal": "YoY REVENUE GROWTH DECELERATION",
      "detail": "YoY growth: -19.5% vs prior quarter YoY: -2.3% (decel: -17.3%)",
      "severity": "WARNING"
    },
    {
      "quarter": "2023-09 (Q3)",
      "signal": "GROSS MARGIN INFLECTION",
      "detail": "GM: +98.6% -> +97.0% -> +99.9% (reversal +3.0%)",
      "severity": "MEDIUM"
    },
    {
      "quarter": "2023-03 (Q1)",
      "signal": "FCF MARGIN EXPANSION",
      "detail": "FCF margin: +17.9% -> +61.6% (+43.8%)",
      "severity": "MEDIUM"
    },
    {
      "quarter": "2023-03 (Q1)",
      "signal": "YoY REVENUE GROWTH DECELERATION",
      "detail": "YoY growth: +0.6% vs prior quarter YoY: +17.2% (decel: -16.6%)",
      "severity": "WARNING"
    },
    {
      "quarter": "2023-03 (Q1)",
      "signal": "INCREMENTAL MARGIN (YoY)",
      "detail": "YoY Incr OPM: +400.0% vs year-ago OPM: +17.3%",
      "severity": "HIGH"
    },
    {
      "quarter": "2022-12 (Q4)",
      "signal": "YoY REVENUE GROWTH ACCELERATION",
      "detail": "YoY growth: +17.2% vs prior quarter YoY: +8.8% (accel: +8.4%)",
      "severity": "MEDIUM"
    },
    {
      "quarter": "2022-09 (Q3)",
      "signal": "INCREMENTAL MARGIN (YoY)",
      "detail": "YoY Incr OPM: +68.8% vs year-ago OPM: +15.9%",
      "severity": "HIGH"
    },
    {
      "quarter": "2022-06 (Q2)",
      "signal": "INCREMENTAL MARGIN (YoY)",
      "detail": "YoY Incr OPM: +27.2% vs year-ago OPM: +17.0%",
      "severity": "MEDIUM"
    },
    {
      "quarter": "2021-06 (Q2)",
      "signal": "FCF TURNED POSITIVE",
      "detail": "FCF margin: -66.0% -> +34.7%",
      "severity": "HIGH"
    }
  ],
  "data_quality": {
    "n_quarters": 20,
    "coverage": {
      "revenue": [
        20,
        20
      ],
      "gross_profit": [
        20,
        20
      ],
      "op_income": [
        20,
        20
      ],
      "fcf": [
        20,
        20
      ]
    },
    "gaps": [],
    "warnings": []
  },
  "market_cap": null,
  "source": "SEC EDGAR",
  "last_updated": "2026-02-02T20:12:03.610982",
  "sector": "Utilities",
  "industry": "Utilities - Regulated Electric"
}