{
  "ticker": "CNR",
  "name": "Core Natural Resources, Inc.",
  "sector": "Energy",
  "industry": "Thermal Coal",
  "quarters": [
    {
      "date": "2021-03-31T00:00:00",
      "quarter_label": "2021-03 (Q1)",
      "revenue": 342151000,
      "gross_profit": null,
      "operating_income": null,
      "net_income": 26404000,
      "opex": 310562000,
      "cogs": null,
      "rd": null,
      "sga": 23964000,
      "fcf": 64196000,
      "ocf": 77996000,
      "capex": -13800000,
      "gross_margin": null,
      "op_margin": null,
      "fcf_margin": 0.1876247621664119
    },
    {
      "date": "2021-06-30T00:00:00",
      "quarter_label": "2021-06 (Q2)",
      "revenue": 287159000,
      "gross_profit": null,
      "operating_income": null,
      "net_income": 4172000,
      "opex": 291880000,
      "cogs": null,
      "rd": null,
      "sga": 22542000,
      "fcf": 50954000,
      "ocf": 94609000,
      "capex": -43655000,
      "gross_margin": null,
      "op_margin": null,
      "fcf_margin": 0.17744176571167888,
      "fcf_margin_change": -0.010182996454733029
    },
    {
      "date": "2021-09-30T00:00:00",
      "quarter_label": "2021-09 (Q3)",
      "revenue": 149012000,
      "gross_profit": null,
      "operating_income": null,
      "net_income": -113789000,
      "opex": 303059000,
      "cogs": null,
      "rd": null,
      "sga": 22476000,
      "fcf": 34675000,
      "ocf": 80538000,
      "capex": -45863000,
      "gross_margin": null,
      "op_margin": null,
      "fcf_margin": 0.2326993799157115,
      "fcf_margin_change": 0.05525761420403261
    },
    {
      "date": "2021-12-31T00:00:00",
      "quarter_label": "2021-12 (Q4)",
      "revenue": 480625000,
      "gross_profit": null,
      "operating_income": null,
      "net_income": 117323000,
      "opex": 318039000,
      "cogs": null,
      "rd": null,
      "sga": 20131000,
      "fcf": 22992000,
      "ocf": 52426000,
      "capex": -29434000,
      "gross_margin": null,
      "op_margin": null,
      "fcf_margin": 0.04783771131339402,
      "op_leverage_ratio": 45.02209254202232,
      "fcf_margin_change": -0.18486166860231748
    },
    {
      "date": "2022-03-31T00:00:00",
      "quarter_label": "2022-03 (Q1)",
      "revenue": 358529000,
      "gross_profit": null,
      "operating_income": null,
      "net_income": -4450000,
      "opex": 366501000,
      "cogs": null,
      "rd": null,
      "sga": 37149000,
      "fcf": 111564000,
      "ocf": 148207000,
      "capex": -36643000,
      "gross_margin": null,
      "op_margin": null,
      "fcf_margin": 0.3111714812469842,
      "rev_growth_yoy": 0.047867754295618015,
      "fcf_margin_change": 0.26333376993359014
    },
    {
      "date": "2022-06-30T00:00:00",
      "quarter_label": "2022-06 (Q2)",
      "revenue": 544619000,
      "gross_profit": null,
      "operating_income": null,
      "net_income": 126291000,
      "opex": 395105000,
      "cogs": null,
      "rd": null,
      "sga": 27364000,
      "fcf": 158933000,
      "ocf": 198351000,
      "capex": -39418000,
      "gross_margin": null,
      "op_margin": null,
      "fcf_margin": 0.29182419269250615,
      "rev_growth_yoy": 0.8965764611243249,
      "rev_growth_yoy_accel": 0.8487087068287069,
      "op_leverage_ratio": 6.650390401431773,
      "fcf_margin_change": -0.019347288554478037
    },
    {
      "date": "2022-09-30T00:00:00",
      "quarter_label": "2022-09 (Q3)",
      "revenue": 561638000,
      "gross_profit": null,
      "operating_income": null,
      "net_income": 152121000,
      "opex": 370103000,
      "cogs": null,
      "rd": null,
      "sga": 30406000,
      "fcf": 94733000,
      "ocf": 153128000,
      "capex": -58395000,
      "gross_margin": null,
      "op_margin": null,
      "fcf_margin": 0.16867270377004406,
      "rev_growth_yoy": 2.7690790003489654,
      "rev_growth_yoy_accel": 1.8725025392246404,
      "op_leverage_ratio": null,
      "fcf_margin_change": -0.12315148892246208
    },
    {
      "date": "2022-12-31T00:00:00",
      "quarter_label": "2022-12 (Q4)",
      "revenue": 637151000,
      "gross_profit": null,
      "operating_income": null,
      "net_income": 193017000,
      "opex": 401791000,
      "cogs": null,
      "rd": null,
      "sga": 21777000,
      "fcf": 114254000,
      "ocf": 151304000,
      "capex": -37050000,
      "gross_margin": null,
      "op_margin": null,
      "fcf_margin": 0.1793201297651577,
      "rev_growth_yoy": 0.32567178153446036,
      "rev_growth_yoy_accel": -2.443407218814505,
      "op_leverage_ratio": 1.5703375520869678,
      "fcf_margin_change": 0.010647425995113646
    },
    {
      "date": "2023-03-31T00:00:00",
      "quarter_label": "2023-03 (Q1)",
      "revenue": 688607000,
      "gross_profit": null,
      "operating_income": null,
      "net_income": 230377000,
      "opex": 416637000,
      "cogs": null,
      "rd": null,
      "sga": 17298000,
      "fcf": 214754000,
      "ocf": 248511000,
      "capex": -33757000,
      "gross_margin": null,
      "op_margin": null,
      "fcf_margin": 0.3118672915029908,
      "rev_growth_yoy": 0.9206451918812704,
      "rev_growth_yoy_accel": 0.5949734103468101,
      "op_leverage_ratio": 2.1856690469200952,
      "fcf_margin_change": 0.1325471617378331
    },
    {
      "date": "2023-06-30T00:00:00",
      "quarter_label": "2023-06 (Q2)",
      "revenue": 660967000,
      "gross_profit": null,
      "operating_income": null,
      "net_income": 167723000,
      "opex": 455670000,
      "cogs": null,
      "rd": null,
      "sga": 25147000,
      "fcf": 185248000,
      "ocf": 227573000,
      "capex": -42325000,
      "gross_margin": null,
      "op_margin": null,
      "fcf_margin": 0.28026815257040066,
      "rev_growth_yoy": 0.2136319151553655,
      "rev_growth_yoy_accel": -0.7070132767259049,
      "fcf_margin_change": -0.03159913893259014
    },
    {
      "date": "2023-09-30T00:00:00",
      "quarter_label": "2023-09 (Q3)",
      "revenue": 569864000,
      "gross_profit": null,
      "operating_income": null,
      "net_income": 100725000,
      "opex": 448107000,
      "cogs": null,
      "rd": null,
      "sga": 37313000,
      "fcf": 121067000,
      "ocf": 162734000,
      "capex": -41667000,
      "gross_margin": null,
      "op_margin": null,
      "fcf_margin": 0.21244893518453525,
      "rev_growth_yoy": 0.01464644486306126,
      "rev_growth_yoy_accel": -0.19898547029230423,
      "fcf_margin_change": -0.06781921738586541
    },
    {
      "date": "2023-12-31T00:00:00",
      "quarter_label": "2023-12 (Q4)",
      "revenue": 649439000,
      "gross_profit": null,
      "operating_income": null,
      "net_income": 157067000,
      "opex": 470591000,
      "cogs": null,
      "rd": null,
      "sga": 23712000,
      "fcf": 169089000,
      "ocf": 219131000,
      "capex": -50042000,
      "gross_margin": null,
      "op_margin": null,
      "fcf_margin": 0.26036163519591526,
      "rev_growth_yoy": 0.019285852176328687,
      "rev_growth_yoy_accel": 0.0046394073132674275,
      "op_leverage_ratio": 2.7830023733406724,
      "fcf_margin_change": 0.04791270001138001
    },
    {
      "date": "2024-03-31T00:00:00",
      "quarter_label": "2024-03 (Q1)",
      "revenue": 565042000,
      "gross_profit": 211002000,
      "operating_income": 124039000,
      "net_income": 101891000,
      "opex": 446308000,
      "cogs": 354040000,
      "rd": null,
      "sga": 20633000,
      "fcf": 35132000,
      "ocf": 77484000,
      "capex": -42352000,
      "gross_margin": 0.37342710807338214,
      "op_margin": 0.21952173466751143,
      "fcf_margin": 0.06217590904746904,
      "rev_growth_yoy": -0.17944197488552976,
      "rev_growth_yoy_accel": -0.19872782706185846,
      "fcf_margin_change": -0.19818572614844623
    },
    {
      "date": "2024-06-30T00:00:00",
      "quarter_label": "2024-06 (Q2)",
      "revenue": 501123000,
      "gross_profit": 157086000,
      "operating_income": 71854000,
      "net_income": 58061000,
      "opex": 434035000,
      "cogs": 344037000,
      "rd": null,
      "sga": 20885000,
      "fcf": 60856000,
      "ocf": 116264000,
      "capex": -55408000,
      "gross_margin": 0.31346795098209423,
      "op_margin": 0.1433859551447449,
      "fcf_margin": 0.12143924745022679,
      "rev_growth_yoy": -0.2418335559869101,
      "rev_growth_yoy_accel": -0.06239158110138032,
      "fcf_margin_change": 0.05926333840275775
    },
    {
      "date": "2024-09-30T00:00:00",
      "quarter_label": "2024-09 (Q3)",
      "revenue": 574855000,
      "gross_profit": 220437000,
      "operating_income": 117219000,
      "net_income": 95632000,
      "opex": 461684000,
      "cogs": 354418000,
      "rd": null,
      "sga": 36151000,
      "fcf": 121944000,
      "ocf": 161332000,
      "capex": -39388000,
      "gross_margin": 0.38346539562150456,
      "op_margin": 0.20391055135642902,
      "fcf_margin": 0.2121300153951866,
      "rev_growth_yoy": 0.008758230033832633,
      "rev_growth_yoy_accel": 0.2505917860207427,
      "op_leverage_ratio": 2.309707591512384,
      "fcf_margin_change": 0.09069076794495982
    },
    {
      "date": "2024-12-31T00:00:00",
      "quarter_label": "2024-12 (Q4)",
      "revenue": 595291000,
      "gross_profit": 216354000,
      "operating_income": 37888000,
      "net_income": 30821000,
      "opex": 563637000,
      "cogs": 378937000,
      "rd": null,
      "sga": 37555000,
      "fcf": 80470000,
      "ocf": 121310000,
      "capex": -40840000,
      "gross_margin": 0.3634424172379559,
      "op_margin": 0.06364618312724366,
      "fcf_margin": 0.1351775854162082,
      "rev_growth_yoy": -0.08337657578309896,
      "rev_growth_yoy_accel": -0.09213480581693159,
      "op_leverage_ratio": 0.1609838818058407,
      "fcf_margin_change": -0.07695242997897841
    },
    {
      "date": "2025-03-31T00:00:00",
      "quarter_label": "2025-03 (Q1)",
      "revenue": 1017406000,
      "gross_profit": 147110000,
      "operating_income": -53910000,
      "net_income": -69277000,
      "opex": 1071316000,
      "cogs": 870296000,
      "rd": null,
      "sga": null,
      "fcf": -174460000,
      "ocf": -109638000,
      "capex": -64822000,
      "gross_margin": 0.14459321057670194,
      "op_margin": -0.05298769616062811,
      "fcf_margin": -0.17147530091232016,
      "incr_op_margin_yoy": -0.3933756886047519,
      "rev_growth_yoy": 0.8005847352940135,
      "rev_growth_yoy_accel": 0.8839613110771125,
      "op_leverage_ratio": 0.7872483588386239,
      "fcf_margin_change": -0.3066528863285284
    },
    {
      "date": "2025-06-30T00:00:00",
      "quarter_label": "2025-06 (Q2)",
      "revenue": 1102361000,
      "gross_profit": 189787000,
      "operating_income": -19253000,
      "net_income": -36556000,
      "opex": 1121614000,
      "cogs": 912574000,
      "rd": null,
      "sga": null,
      "fcf": 130976000,
      "ocf": 220161000,
      "capex": -89185000,
      "gross_margin": 0.17216410957934833,
      "op_margin": -0.017465240515584277,
      "fcf_margin": 0.11881407270395089,
      "incr_op_margin_yoy": -0.1515323382753585,
      "rev_growth_yoy": 1.1997812912199202,
      "rev_growth_yoy_accel": 0.39919655592590664,
      "op_leverage_ratio": 1.778531347714147,
      "fcf_margin_change": 0.29028937361627105
    },
    {
      "date": "2025-09-30T00:00:00",
      "quarter_label": "2025-09 (Q3)",
      "revenue": 1002543000,
      "gross_profit": 175071000,
      "operating_income": -11810000,
      "net_income": 31598000,
      "opex": 1014353000,
      "cogs": 827472000,
      "rd": null,
      "sga": null,
      "fcf": 38622000,
      "ocf": 87919000,
      "capex": -49297000,
      "gross_margin": 0.1746269237329471,
      "op_margin": -0.011780043349761557,
      "fcf_margin": 0.03852403338310676,
      "incr_op_margin_yoy": -0.30168954939114495,
      "rev_growth_yoy": 0.7439928329752721,
      "rev_growth_yoy_accel": -0.4557884582446481,
      "fcf_margin_change": -0.08029003932084414
    },
    {
      "date": "2025-12-31T00:00:00",
      "quarter_label": "2025-12 (Q4)",
      "revenue": 1042465000,
      "gross_profit": 107990000,
      "operating_income": -97088000,
      "net_income": -78981000,
      "opex": 1139553000,
      "cogs": 934475000,
      "rd": null,
      "sga": null,
      "fcf": 26033000,
      "ocf": 107310000,
      "capex": -81277000,
      "gross_margin": 0.10359100785158255,
      "op_margin": -0.09313310279002172,
      "fcf_margin": 0.024972541044543464,
      "incr_op_margin_yoy": -0.30184223590817,
      "rev_growth_yoy": 0.7511855546279047,
      "rev_growth_yoy_accel": 0.007192721652632628,
      "op_leverage_ratio": 0.32262206781636726,
      "fcf_margin_change": -0.013551492338563297
    }
  ],
  "signals": [
    {
      "quarter": "2025-09 (Q3)",
      "signal": "YoY REVENUE GROWTH DECELERATION",
      "detail": "YoY growth: +74.4% vs prior quarter YoY: +120.0% (decel: -45.6%)",
      "severity": "WARNING"
    },
    {
      "quarter": "2025-06 (Q2)",
      "signal": "FCF TURNED POSITIVE",
      "detail": "FCF margin: -17.1% -> +11.9%",
      "severity": "HIGH"
    },
    {
      "quarter": "2025-06 (Q2)",
      "signal": "OPERATING LEVERAGE",
      "detail": "Rev growth +8.4% vs OpEx growth +4.7% (leverage: 1.8x)",
      "severity": "MEDIUM"
    },
    {
      "quarter": "2025-06 (Q2)",
      "signal": "GROSS MARGIN INFLECTION",
      "detail": "GM: +36.3% -> +14.5% -> +17.2% (reversal +2.8%)",
      "severity": "MEDIUM"
    },
    {
      "quarter": "2025-06 (Q2)",
      "signal": "YoY REVENUE GROWTH ACCELERATION",
      "detail": "YoY growth: +120.0% vs prior quarter YoY: +80.1% (accel: +39.9%)",
      "severity": "HIGH"
    },
    {
      "quarter": "2025-03 (Q1)",
      "signal": "YoY REVENUE GROWTH ACCELERATION",
      "detail": "YoY growth: +80.1% vs prior quarter YoY: -8.3% (accel: +88.4%)",
      "severity": "HIGH"
    },
    {
      "quarter": "2024-12 (Q4)",
      "signal": "YoY REVENUE GROWTH DECELERATION",
      "detail": "YoY growth: -8.3% vs prior quarter YoY: +0.9% (decel: -9.2%)",
      "severity": "WARNING"
    },
    {
      "quarter": "2024-09 (Q3)",
      "signal": "FCF MARGIN EXPANSION",
      "detail": "FCF margin: +12.1% -> +21.2% (+9.1%)",
      "severity": "MEDIUM"
    },
    {
      "quarter": "2024-09 (Q3)",
      "signal": "OPERATING LEVERAGE",
      "detail": "Rev growth +14.7% vs OpEx growth +6.4% (leverage: 2.3x)",
      "severity": "MEDIUM"
    },
    {
      "quarter": "2024-09 (Q3)",
      "signal": "GROSS MARGIN INFLECTION",
      "detail": "GM: +37.3% -> +31.3% -> +38.3% (reversal +7.0%)",
      "severity": "HIGH"
    },
    {
      "quarter": "2024-09 (Q3)",
      "signal": "YoY REVENUE GROWTH ACCELERATION",
      "detail": "YoY growth: +0.9% vs prior quarter YoY: -24.2% (accel: +25.1%)",
      "severity": "HIGH"
    },
    {
      "quarter": "2024-06 (Q2)",
      "signal": "FCF MARGIN EXPANSION",
      "detail": "FCF margin: +6.2% -> +12.1% (+5.9%)",
      "severity": "MEDIUM"
    },
    {
      "quarter": "2024-06 (Q2)",
      "signal": "YoY REVENUE GROWTH DECELERATION",
      "detail": "YoY growth: -24.2% vs prior quarter YoY: -17.9% (decel: -6.2%)",
      "severity": "WARNING"
    },
    {
      "quarter": "2024-03 (Q1)",
      "signal": "YoY REVENUE GROWTH DECELERATION",
      "detail": "YoY growth: -17.9% vs prior quarter YoY: +1.9% (decel: -19.9%)",
      "severity": "WARNING"
    },
    {
      "quarter": "2023-12 (Q4)",
      "signal": "OPERATING LEVERAGE",
      "detail": "Rev growth +14.0% vs OpEx growth +5.0% (leverage: 2.8x)",
      "severity": "MEDIUM"
    },
    {
      "quarter": "2023-09 (Q3)",
      "signal": "YoY REVENUE GROWTH DECELERATION",
      "detail": "YoY growth: +1.5% vs prior quarter YoY: +21.4% (decel: -19.9%)",
      "severity": "WARNING"
    },
    {
      "quarter": "2023-06 (Q2)",
      "signal": "YoY REVENUE GROWTH DECELERATION",
      "detail": "YoY growth: +21.4% vs prior quarter YoY: +92.1% (decel: -70.7%)",
      "severity": "WARNING"
    },
    {
      "quarter": "2023-03 (Q1)",
      "signal": "FCF MARGIN EXPANSION",
      "detail": "FCF margin: +17.9% -> +31.2% (+13.3%)",
      "severity": "MEDIUM"
    },
    {
      "quarter": "2023-03 (Q1)",
      "signal": "OPERATING LEVERAGE",
      "detail": "Rev growth +8.1% vs OpEx growth +3.7% (leverage: 2.2x)",
      "severity": "MEDIUM"
    },
    {
      "quarter": "2023-03 (Q1)",
      "signal": "YoY REVENUE GROWTH ACCELERATION",
      "detail": "YoY growth: +92.1% vs prior quarter YoY: +32.6% (accel: +59.5%)",
      "severity": "HIGH"
    },
    {
      "quarter": "2022-12 (Q4)",
      "signal": "OPERATING LEVERAGE",
      "detail": "Rev growth +13.4% vs OpEx growth +8.6% (leverage: 1.6x)",
      "severity": "MEDIUM"
    },
    {
      "quarter": "2022-12 (Q4)",
      "signal": "YoY REVENUE GROWTH DECELERATION",
      "detail": "YoY growth: +32.6% vs prior quarter YoY: +276.9% (decel: -244.3%)",
      "severity": "WARNING"
    },
    {
      "quarter": "2022-09 (Q3)",
      "signal": "YoY REVENUE GROWTH ACCELERATION",
      "detail": "YoY growth: +276.9% vs prior quarter YoY: +89.7% (accel: +187.3%)",
      "severity": "HIGH"
    },
    {
      "quarter": "2022-06 (Q2)",
      "signal": "OPERATING LEVERAGE",
      "detail": "Rev growth +51.9% vs OpEx growth +7.8% (leverage: 6.7x)",
      "severity": "MEDIUM"
    },
    {
      "quarter": "2022-06 (Q2)",
      "signal": "YoY REVENUE GROWTH ACCELERATION",
      "detail": "YoY growth: +89.7% vs prior quarter YoY: +4.8% (accel: +84.9%)",
      "severity": "HIGH"
    },
    {
      "quarter": "2022-03 (Q1)",
      "signal": "FCF MARGIN EXPANSION",
      "detail": "FCF margin: +4.8% -> +31.1% (+26.3%)",
      "severity": "MEDIUM"
    },
    {
      "quarter": "2021-12 (Q4)",
      "signal": "OPERATING LEVERAGE",
      "detail": "Rev growth +222.5% vs OpEx growth +4.9% (leverage: 45.0x)",
      "severity": "MEDIUM"
    },
    {
      "quarter": "2021-09 (Q3)",
      "signal": "FCF MARGIN EXPANSION",
      "detail": "FCF margin: +17.7% -> +23.3% (+5.5%)",
      "severity": "MEDIUM"
    }
  ],
  "data_quality": {
    "n_quarters": 20,
    "coverage": {
      "revenue": [
        20,
        20
      ],
      "gross_profit": [
        8,
        20
      ],
      "op_income": [
        8,
        20
      ],
      "fcf": [
        20,
        20
      ]
    },
    "gaps": [],
    "warnings": [
      "gross_profit: 8/20Q",
      "op_income: 8/20Q"
    ]
  },
  "market_cap": null,
  "source": "SEC EDGAR",
  "last_updated": "2026-02-24T10:35:07.048863"
}