{
  "ticker": "CNS",
  "name": "Cohen & Steers, Inc.",
  "quarters": [
    {
      "date": "2020-12-31T00:00:00",
      "quarter_label": "2020-12 (Q4)",
      "revenue": 116460000,
      "gross_profit": null,
      "operating_income": -11914000,
      "net_income": -4412000,
      "opex": 128374000,
      "cogs": null,
      "rd": null,
      "sga": null,
      "fcf": 1458000,
      "ocf": 1998000,
      "capex": -540000,
      "gross_margin": null,
      "op_margin": -0.1023012193027649,
      "fcf_margin": 0.012519319938176197
    },
    {
      "date": "2021-03-31T00:00:00",
      "quarter_label": "2021-03 (Q1)",
      "revenue": 125747000,
      "gross_profit": null,
      "operating_income": 51938000,
      "net_income": 48852000,
      "opex": 73809000,
      "cogs": null,
      "rd": null,
      "sga": null,
      "fcf": 8482000,
      "ocf": 8913000,
      "capex": -431000,
      "gross_margin": null,
      "op_margin": 0.4130356986647793,
      "fcf_margin": 0.06745290146086984,
      "op_leverage_ratio": Infinity,
      "fcf_margin_change": 0.05493358152269364
    },
    {
      "date": "2021-06-30T00:00:00",
      "quarter_label": "2021-06 (Q2)",
      "revenue": 144269000,
      "gross_profit": null,
      "operating_income": 59697000,
      "net_income": 46579000,
      "opex": 84572000,
      "cogs": null,
      "rd": null,
      "sga": null,
      "fcf": 80657000,
      "ocf": 81110000,
      "capex": -453000,
      "gross_margin": null,
      "op_margin": 0.41378951819171134,
      "fcf_margin": 0.5590736748712475,
      "op_leverage_ratio": 1.0101043193655075,
      "fcf_margin_change": 0.49162077341037763
    },
    {
      "date": "2021-09-30T00:00:00",
      "quarter_label": "2021-09 (Q3)",
      "revenue": 154187000,
      "gross_profit": null,
      "operating_income": 68231000,
      "net_income": 51483000,
      "opex": 85956000,
      "cogs": null,
      "rd": null,
      "sga": null,
      "fcf": 79947000,
      "ocf": 80943000,
      "capex": -996000,
      "gross_margin": null,
      "op_margin": 0.4425210945151018,
      "fcf_margin": 0.5185067482991432,
      "op_leverage_ratio": 4.200892744634832,
      "fcf_margin_change": -0.040566926572104256
    },
    {
      "date": "2021-12-31T00:00:00",
      "quarter_label": "2021-12 (Q4)",
      "revenue": 159629000,
      "gross_profit": null,
      "operating_income": 80506000,
      "net_income": 64482000,
      "opex": 79123000,
      "cogs": null,
      "rd": null,
      "sga": null,
      "fcf": 71120000,
      "ocf": 71935000,
      "capex": -815000,
      "gross_margin": null,
      "op_margin": 0.5043319196386622,
      "fcf_margin": 0.44553307982885315,
      "incr_op_margin_yoy": 2.1408881373207627,
      "rev_growth_yoy": 0.3706766271681264,
      "op_leverage_ratio": Infinity,
      "fcf_margin_change": -0.07297366847029008
    },
    {
      "date": "2022-03-31T00:00:00",
      "quarter_label": "2022-03 (Q1)",
      "revenue": 154189000,
      "gross_profit": null,
      "operating_income": 50991000,
      "net_income": 42018000,
      "opex": 103198000,
      "cogs": null,
      "rd": null,
      "sga": null,
      "fcf": -107130000,
      "ocf": -106449000,
      "capex": -681000,
      "gross_margin": null,
      "op_margin": 0.330704524966113,
      "fcf_margin": -0.694796645675113,
      "incr_op_margin_yoy": -0.03329583011040011,
      "rev_growth_yoy": 0.22618432248880688,
      "rev_growth_yoy_accel": -0.1444923046793195,
      "fcf_margin_change": -1.1403297255039662
    },
    {
      "date": "2022-06-30T00:00:00",
      "quarter_label": "2022-06 (Q2)",
      "revenue": 147431000,
      "gross_profit": null,
      "operating_income": 60994000,
      "net_income": 51956000,
      "opex": 86437000,
      "cogs": null,
      "rd": null,
      "sga": null,
      "fcf": 56798000,
      "ocf": 57679000,
      "capex": -881000,
      "gross_margin": null,
      "op_margin": 0.41371217722188686,
      "fcf_margin": 0.3852514057423473,
      "incr_op_margin_yoy": 0.41018342820999365,
      "rev_growth_yoy": 0.021917390430376587,
      "rev_growth_yoy_accel": -0.2042669320584303,
      "fcf_margin_change": 1.0800480514174602
    },
    {
      "date": "2022-09-30T00:00:00",
      "quarter_label": "2022-09 (Q3)",
      "revenue": 139951000,
      "gross_profit": null,
      "operating_income": 57181000,
      "net_income": 44570000,
      "opex": 82770000,
      "cogs": null,
      "rd": null,
      "sga": null,
      "fcf": 51031000,
      "ocf": 52417000,
      "capex": -1386000,
      "gross_margin": null,
      "op_margin": 0.4085787168366071,
      "fcf_margin": 0.36463476502490155,
      "incr_op_margin_yoy": 0.7762011801067715,
      "rev_growth_yoy": -0.09232944411655976,
      "rev_growth_yoy_accel": -0.11424683454693635,
      "fcf_margin_change": -0.020616640717445733
    },
    {
      "date": "2022-12-31T00:00:00",
      "quarter_label": "2022-12 (Q4)",
      "revenue": 125335000,
      "gross_profit": null,
      "operating_income": 46772000,
      "net_income": 32498000,
      "opex": 78563000,
      "cogs": null,
      "rd": null,
      "sga": null,
      "fcf": 56758000,
      "ocf": 58033000,
      "capex": -1275000,
      "gross_margin": null,
      "op_margin": 0.3731758886185024,
      "fcf_margin": 0.4528503610324331,
      "incr_op_margin_yoy": 0.9836706129352073,
      "rev_growth_yoy": -0.21483565016381734,
      "rev_growth_yoy_accel": -0.12250620604725758,
      "fcf_margin_change": 0.08821559600753154
    },
    {
      "date": "2023-03-31T00:00:00",
      "quarter_label": "2023-03 (Q1)",
      "revenue": 126082000,
      "gross_profit": null,
      "operating_income": 44899000,
      "net_income": 35314000,
      "opex": 81183000,
      "cogs": null,
      "rd": null,
      "sga": null,
      "fcf": -19552000,
      "ocf": -14966000,
      "capex": -4586000,
      "gross_margin": null,
      "op_margin": 0.3561095160292508,
      "fcf_margin": -0.15507368220681778,
      "incr_op_margin_yoy": 0.21674316006688726,
      "rev_growth_yoy": -0.1822892683654476,
      "rev_growth_yoy_accel": 0.032546381798369745,
      "fcf_margin_change": -0.6079240432392509
    },
    {
      "date": "2023-06-30T00:00:00",
      "quarter_label": "2023-06 (Q2)",
      "revenue": 120630000,
      "gross_profit": null,
      "operating_income": 40841000,
      "net_income": 31778000,
      "opex": 79789000,
      "cogs": null,
      "rd": null,
      "sga": null,
      "fcf": 38136000,
      "ocf": 53681000,
      "capex": -15545000,
      "gross_margin": null,
      "op_margin": 0.33856420459255576,
      "fcf_margin": 0.31614026361601594,
      "incr_op_margin_yoy": 0.7519495541211149,
      "rev_growth_yoy": -0.18178673413325555,
      "rev_growth_yoy_accel": 0.0005025342321920423,
      "fcf_margin_change": 0.4712139458228337
    },
    {
      "date": "2023-09-30T00:00:00",
      "quarter_label": "2023-09 (Q3)",
      "revenue": 123737000,
      "gross_profit": null,
      "operating_income": 40871000,
      "net_income": 32140000,
      "opex": 82866000,
      "cogs": null,
      "rd": null,
      "sga": null,
      "fcf": 48661000,
      "ocf": 74669000,
      "capex": -26008000,
      "gross_margin": null,
      "op_margin": 0.3303054058204094,
      "fcf_margin": 0.39326151434090045,
      "incr_op_margin_yoy": 1.0059208091772542,
      "rev_growth_yoy": -0.11585483490650299,
      "rev_growth_yoy_accel": 0.06593189922675256,
      "op_leverage_ratio": 0.6678846331917222,
      "fcf_margin_change": 0.07712125072488452
    },
    {
      "date": "2023-12-31T00:00:00",
      "quarter_label": "2023-12 (Q4)",
      "revenue": 119188000,
      "gross_profit": null,
      "operating_income": 37866000,
      "net_income": 29817000,
      "opex": 81322000,
      "cogs": null,
      "rd": null,
      "sga": null,
      "fcf": 47730000,
      "ocf": 58577000,
      "capex": -10847000,
      "gross_margin": null,
      "op_margin": 0.31769976843306375,
      "fcf_margin": 0.4004597778299829,
      "incr_op_margin_yoy": 1.448836830974459,
      "rev_growth_yoy": -0.04904456057765189,
      "rev_growth_yoy_accel": 0.06681027432885109,
      "fcf_margin_change": 0.007198263489082424
    },
    {
      "date": "2024-03-31T00:00:00",
      "quarter_label": "2024-03 (Q1)",
      "revenue": 122710000,
      "gross_profit": null,
      "operating_income": 40265000,
      "net_income": 34004000,
      "opex": 82445000,
      "cogs": null,
      "rd": null,
      "sga": null,
      "fcf": 537000,
      "ocf": 4863000,
      "capex": -4326000,
      "gross_margin": null,
      "op_margin": 0.32813136663678594,
      "fcf_margin": 0.004376171461168609,
      "incr_op_margin_yoy": 1.3742586002372479,
      "rev_growth_yoy": -0.026744499611364034,
      "rev_growth_yoy_accel": 0.02230006096628786,
      "op_leverage_ratio": 2.139858785021148,
      "fcf_margin_change": -0.3960836063688143
    },
    {
      "date": "2024-06-30T00:00:00",
      "quarter_label": "2024-06 (Q2)",
      "revenue": 121721000,
      "gross_profit": null,
      "operating_income": 38402000,
      "net_income": 31771000,
      "opex": 83319000,
      "cogs": null,
      "rd": null,
      "sga": null,
      "fcf": 27135000,
      "ocf": 31374000,
      "capex": -4239000,
      "gross_margin": null,
      "op_margin": 0.315491985770738,
      "fcf_margin": 0.22292784318235967,
      "incr_op_margin_yoy": -2.2355637030247477,
      "rev_growth_yoy": 0.009044184697007377,
      "rev_growth_yoy_accel": 0.03578868430837141,
      "fcf_margin_change": 0.21855167172119105
    },
    {
      "date": "2024-09-30T00:00:00",
      "quarter_label": "2024-09 (Q3)",
      "revenue": 133203000,
      "gross_profit": null,
      "operating_income": 44873000,
      "net_income": 39668000,
      "opex": 88330000,
      "cogs": null,
      "rd": null,
      "sga": null,
      "fcf": 24217000,
      "ocf": 25625000,
      "capex": -1408000,
      "gross_margin": null,
      "op_margin": 0.3368767970691351,
      "fcf_margin": 0.18180521459726884,
      "incr_op_margin_yoy": 0.42277625184872175,
      "rev_growth_yoy": 0.07650096575801903,
      "rev_growth_yoy_accel": 0.06745678106101165,
      "op_leverage_ratio": 1.5684536059430028,
      "fcf_margin_change": -0.04112262858509083
    },
    {
      "date": "2024-12-31T00:00:00",
      "quarter_label": "2024-12 (Q4)",
      "revenue": 139783000,
      "gross_profit": null,
      "operating_income": 49337000,
      "net_income": 45822000,
      "opex": 90446000,
      "cogs": null,
      "rd": null,
      "sga": null,
      "fcf": 33149000,
      "ocf": 34827000,
      "capex": -1678000,
      "gross_margin": null,
      "op_margin": 0.35295422190108955,
      "fcf_margin": 0.23714614795790617,
      "incr_op_margin_yoy": 0.5569798494780287,
      "rev_growth_yoy": 0.17279424103097626,
      "rev_growth_yoy_accel": 0.09629327527295724,
      "op_leverage_ratio": 2.0620749883199863,
      "fcf_margin_change": 0.055340933360637334
    },
    {
      "date": "2025-03-31T00:00:00",
      "quarter_label": "2025-03 (Q1)",
      "revenue": 134467000,
      "gross_profit": null,
      "operating_income": 45198000,
      "net_income": 39778000,
      "opex": 89269000,
      "cogs": null,
      "rd": null,
      "sga": null,
      "fcf": -110023000,
      "ocf": -108948000,
      "capex": -1075000,
      "gross_margin": null,
      "op_margin": 0.336127079506496,
      "fcf_margin": -0.8182156216766939,
      "incr_op_margin_yoy": 0.4195798247852343,
      "rev_growth_yoy": 0.09581126232580882,
      "rev_growth_yoy_accel": -0.07698297870516745,
      "fcf_margin_change": -1.0553617696346
    },
    {
      "date": "2025-06-30T00:00:00",
      "quarter_label": "2025-06 (Q2)",
      "revenue": 136126000,
      "gross_profit": null,
      "operating_income": 43327000,
      "net_income": 36849000,
      "opex": 92799000,
      "cogs": null,
      "rd": null,
      "sga": null,
      "fcf": -69771000,
      "ocf": -67637000,
      "capex": -2134000,
      "gross_margin": null,
      "op_margin": 0.3182859997355391,
      "fcf_margin": -0.5125471989186489,
      "incr_op_margin_yoy": 0.3418951752863589,
      "rev_growth_yoy": 0.11834441057828969,
      "rev_growth_yoy_accel": 0.022533148252480872,
      "op_leverage_ratio": 0.3120014660336326,
      "fcf_margin_change": 0.30566842275804507
    },
    {
      "date": "2025-09-30T00:00:00",
      "quarter_label": "2025-09 (Q3)",
      "revenue": 141720000,
      "gross_profit": null,
      "operating_income": 48901000,
      "net_income": 41711000,
      "opex": 92819000,
      "cogs": null,
      "rd": null,
      "sga": null,
      "fcf": 52595000,
      "ocf": 55083000,
      "capex": -2488000,
      "gross_margin": null,
      "op_margin": 0.3450536268698843,
      "fcf_margin": 0.3711191081004798,
      "incr_op_margin_yoy": 0.472936479981214,
      "rev_growth_yoy": 0.06394000135132091,
      "rev_growth_yoy_accel": -0.05440440922696878,
      "op_leverage_ratio": Infinity,
      "fcf_margin_change": 0.8836663070191286
    }
  ],
  "signals": [
    {
      "quarter": "2025-09 (Q3)",
      "signal": "FCF TURNED POSITIVE",
      "detail": "FCF margin: -51.3% -> +37.1%",
      "severity": "HIGH"
    },
    {
      "quarter": "2025-09 (Q3)",
      "signal": "OPERATING LEVERAGE",
      "detail": "Rev growth +4.1% vs OpEx growth +0.0% (leverage: 190.7x)",
      "severity": "MEDIUM"
    },
    {
      "quarter": "2025-09 (Q3)",
      "signal": "YoY REVENUE GROWTH DECELERATION",
      "detail": "YoY growth: +6.4% vs prior quarter YoY: +11.8% (decel: -5.4%)",
      "severity": "WARNING"
    },
    {
      "quarter": "2025-09 (Q3)",
      "signal": "INCREMENTAL MARGIN (YoY)",
      "detail": "YoY Incr OPM: +47.3% vs year-ago OPM: +33.7%",
      "severity": "MEDIUM"
    },
    {
      "quarter": "2025-06 (Q2)",
      "signal": "FCF MARGIN EXPANSION",
      "detail": "FCF margin: -81.8% -> -51.3% (+30.6%)",
      "severity": "MEDIUM"
    },
    {
      "quarter": "2025-03 (Q1)",
      "signal": "YoY REVENUE GROWTH DECELERATION",
      "detail": "YoY growth: +9.6% vs prior quarter YoY: +17.3% (decel: -7.7%)",
      "severity": "WARNING"
    },
    {
      "quarter": "2024-12 (Q4)",
      "signal": "FCF MARGIN EXPANSION",
      "detail": "FCF margin: +18.2% -> +23.7% (+5.5%)",
      "severity": "MEDIUM"
    },
    {
      "quarter": "2024-12 (Q4)",
      "signal": "OPERATING LEVERAGE",
      "detail": "Rev growth +4.9% vs OpEx growth +2.4% (leverage: 2.1x)",
      "severity": "MEDIUM"
    },
    {
      "quarter": "2024-12 (Q4)",
      "signal": "YoY REVENUE GROWTH ACCELERATION",
      "detail": "YoY growth: +17.3% vs prior quarter YoY: +7.7% (accel: +9.6%)",
      "severity": "MEDIUM"
    },
    {
      "quarter": "2024-12 (Q4)",
      "signal": "INCREMENTAL MARGIN (YoY)",
      "detail": "YoY Incr OPM: +55.7% vs year-ago OPM: +31.8%",
      "severity": "HIGH"
    },
    {
      "quarter": "2024-09 (Q3)",
      "signal": "OPERATING LEVERAGE",
      "detail": "Rev growth +9.4% vs OpEx growth +6.0% (leverage: 1.6x)",
      "severity": "MEDIUM"
    },
    {
      "quarter": "2024-09 (Q3)",
      "signal": "YoY REVENUE GROWTH ACCELERATION",
      "detail": "YoY growth: +7.7% vs prior quarter YoY: +0.9% (accel: +6.7%)",
      "severity": "MEDIUM"
    },
    {
      "quarter": "2024-06 (Q2)",
      "signal": "FCF MARGIN EXPANSION",
      "detail": "FCF margin: +0.4% -> +22.3% (+21.9%)",
      "severity": "MEDIUM"
    },
    {
      "quarter": "2024-03 (Q1)",
      "signal": "OPERATING LEVERAGE",
      "detail": "Rev growth +3.0% vs OpEx growth +1.4% (leverage: 2.1x)",
      "severity": "MEDIUM"
    },
    {
      "quarter": "2024-03 (Q1)",
      "signal": "INCREMENTAL MARGIN (YoY)",
      "detail": "YoY Incr OPM: +137.4% vs year-ago OPM: +35.6%",
      "severity": "HIGH"
    },
    {
      "quarter": "2023-12 (Q4)",
      "signal": "YoY REVENUE GROWTH ACCELERATION",
      "detail": "YoY growth: -4.9% vs prior quarter YoY: -11.6% (accel: +6.7%)",
      "severity": "MEDIUM"
    },
    {
      "quarter": "2023-12 (Q4)",
      "signal": "INCREMENTAL MARGIN (YoY)",
      "detail": "YoY Incr OPM: +144.9% vs year-ago OPM: +37.3%",
      "severity": "HIGH"
    },
    {
      "quarter": "2023-09 (Q3)",
      "signal": "FCF MARGIN EXPANSION",
      "detail": "FCF margin: +31.6% -> +39.3% (+7.7%)",
      "severity": "MEDIUM"
    },
    {
      "quarter": "2023-09 (Q3)",
      "signal": "YoY REVENUE GROWTH ACCELERATION",
      "detail": "YoY growth: -11.6% vs prior quarter YoY: -18.2% (accel: +6.6%)",
      "severity": "MEDIUM"
    },
    {
      "quarter": "2023-09 (Q3)",
      "signal": "INCREMENTAL MARGIN (YoY)",
      "detail": "YoY Incr OPM: +100.6% vs year-ago OPM: +40.9%",
      "severity": "HIGH"
    },
    {
      "quarter": "2023-06 (Q2)",
      "signal": "FCF TURNED POSITIVE",
      "detail": "FCF margin: -15.5% -> +31.6%",
      "severity": "HIGH"
    },
    {
      "quarter": "2023-06 (Q2)",
      "signal": "INCREMENTAL MARGIN (YoY)",
      "detail": "YoY Incr OPM: +75.2% vs year-ago OPM: +41.4%",
      "severity": "HIGH"
    },
    {
      "quarter": "2022-12 (Q4)",
      "signal": "FCF MARGIN EXPANSION",
      "detail": "FCF margin: +36.5% -> +45.3% (+8.8%)",
      "severity": "MEDIUM"
    },
    {
      "quarter": "2022-12 (Q4)",
      "signal": "YoY REVENUE GROWTH DECELERATION",
      "detail": "YoY growth: -21.5% vs prior quarter YoY: -9.2% (decel: -12.3%)",
      "severity": "WARNING"
    },
    {
      "quarter": "2022-12 (Q4)",
      "signal": "INCREMENTAL MARGIN (YoY)",
      "detail": "YoY Incr OPM: +98.4% vs year-ago OPM: +50.4%",
      "severity": "HIGH"
    },
    {
      "quarter": "2022-09 (Q3)",
      "signal": "YoY REVENUE GROWTH DECELERATION",
      "detail": "YoY growth: -9.2% vs prior quarter YoY: +2.2% (decel: -11.4%)",
      "severity": "WARNING"
    },
    {
      "quarter": "2022-09 (Q3)",
      "signal": "INCREMENTAL MARGIN (YoY)",
      "detail": "YoY Incr OPM: +77.6% vs year-ago OPM: +44.3%",
      "severity": "HIGH"
    },
    {
      "quarter": "2022-06 (Q2)",
      "signal": "FCF TURNED POSITIVE",
      "detail": "FCF margin: -69.5% -> +38.5%",
      "severity": "HIGH"
    },
    {
      "quarter": "2022-06 (Q2)",
      "signal": "YoY REVENUE GROWTH DECELERATION",
      "detail": "YoY growth: +2.2% vs prior quarter YoY: +22.6% (decel: -20.4%)",
      "severity": "WARNING"
    },
    {
      "quarter": "2022-03 (Q1)",
      "signal": "YoY REVENUE GROWTH DECELERATION",
      "detail": "YoY growth: +22.6% vs prior quarter YoY: +37.1% (decel: -14.4%)",
      "severity": "WARNING"
    },
    {
      "quarter": "2021-12 (Q4)",
      "signal": "OP MARGIN TURNED POSITIVE (YoY)",
      "detail": "Op margin: -10.2% (year-ago) -> +50.4%",
      "severity": "HIGH"
    },
    {
      "quarter": "2021-09 (Q3)",
      "signal": "OPERATING LEVERAGE",
      "detail": "Rev growth +6.9% vs OpEx growth +1.6% (leverage: 4.2x)",
      "severity": "MEDIUM"
    },
    {
      "quarter": "2021-06 (Q2)",
      "signal": "FCF MARGIN EXPANSION",
      "detail": "FCF margin: +6.7% -> +55.9% (+49.2%)",
      "severity": "MEDIUM"
    },
    {
      "quarter": "2021-03 (Q1)",
      "signal": "FCF MARGIN EXPANSION",
      "detail": "FCF margin: +1.3% -> +6.7% (+5.5%)",
      "severity": "MEDIUM"
    },
    {
      "quarter": "2021-03 (Q1)",
      "signal": "OP MARGIN TURNED POSITIVE (QoQ)",
      "detail": "Op margin: -10.2% -> +41.3%",
      "severity": "HIGH"
    }
  ],
  "data_quality": {
    "n_quarters": 20,
    "coverage": {
      "revenue": [
        20,
        20
      ],
      "gross_profit": [
        0,
        20
      ],
      "op_income": [
        20,
        20
      ],
      "fcf": [
        20,
        20
      ]
    },
    "gaps": [],
    "warnings": [
      "gross_profit: no data"
    ]
  },
  "market_cap": null,
  "source": "SEC EDGAR",
  "last_updated": "2026-02-02T21:19:11.923991"
}