{
  "ticker": "CNTY",
  "name": "CENTURY CASINOS, INC.",
  "quarters": [
    {
      "date": "2020-12-31T00:00:00",
      "quarter_label": "2020-12 (Q4)",
      "revenue": 84801000,
      "gross_profit": null,
      "operating_income": 18747000,
      "net_income": 6713000,
      "opex": 66057000,
      "cogs": null,
      "rd": null,
      "sga": null,
      "fcf": 966000,
      "ocf": 3588000,
      "capex": -2622000,
      "gross_margin": null,
      "op_margin": 0.22107050624403013,
      "fcf_margin": 0.011391375101708706
    },
    {
      "date": "2021-03-31T00:00:00",
      "quarter_label": "2021-03 (Q1)",
      "revenue": 72415000,
      "gross_profit": null,
      "operating_income": 8248000,
      "net_income": -1419000,
      "opex": 64167000,
      "cogs": null,
      "rd": null,
      "sga": null,
      "fcf": 3482000,
      "ocf": 5081000,
      "capex": -1599000,
      "gross_margin": null,
      "op_margin": 0.11389905406338466,
      "fcf_margin": 0.048083960505420145,
      "fcf_margin_change": 0.03669258540371144
    },
    {
      "date": "2021-06-30T00:00:00",
      "quarter_label": "2021-06 (Q2)",
      "revenue": 92185000,
      "gross_profit": null,
      "operating_income": 18112000,
      "net_income": 6855000,
      "opex": 74073000,
      "cogs": null,
      "rd": null,
      "sga": null,
      "fcf": 15710000,
      "ocf": 17607000,
      "capex": -1897000,
      "gross_margin": null,
      "op_margin": 0.1964744806638824,
      "fcf_margin": 0.17041818083202256,
      "op_leverage_ratio": 1.7684449526718033,
      "fcf_margin_change": 0.12233422032660242
    },
    {
      "date": "2021-09-30T00:00:00",
      "quarter_label": "2021-09 (Q3)",
      "revenue": 116610000,
      "gross_profit": null,
      "operating_income": 25727000,
      "net_income": 11226000,
      "opex": 90883000,
      "cogs": null,
      "rd": null,
      "sga": null,
      "fcf": 22100000,
      "ocf": 25993000,
      "capex": -3893000,
      "gross_margin": null,
      "op_margin": 0.2206243032329989,
      "fcf_margin": 0.189520624303233,
      "op_leverage_ratio": 1.1675259256266906,
      "fcf_margin_change": 0.01910244347121043
    },
    {
      "date": "2021-12-31T00:00:00",
      "quarter_label": "2021-12 (Q4)",
      "revenue": 107299000,
      "gross_profit": null,
      "operating_income": 16429000,
      "net_income": 3960000,
      "opex": 90870000,
      "cogs": null,
      "rd": null,
      "sga": null,
      "fcf": 7886000,
      "ocf": 10509000,
      "capex": -2623000,
      "gross_margin": null,
      "op_margin": 0.1531141949132797,
      "fcf_margin": 0.07349555913848219,
      "incr_op_margin_yoy": -0.10303138056716153,
      "rev_growth_yoy": 0.26530347519486797,
      "fcf_margin_change": -0.1160250651647508
    },
    {
      "date": "2022-03-31T00:00:00",
      "quarter_label": "2022-03 (Q1)",
      "revenue": 103103000,
      "gross_profit": null,
      "operating_income": 13045000,
      "net_income": 218000,
      "opex": 90058000,
      "cogs": null,
      "rd": null,
      "sga": null,
      "fcf": 6297000,
      "ocf": 11545000,
      "capex": -5248000,
      "gross_margin": null,
      "op_margin": 0.12652396147541778,
      "fcf_margin": 0.06107484748261447,
      "incr_op_margin_yoy": 0.15631517205422316,
      "rev_growth_yoy": 0.4237796036732721,
      "rev_growth_yoy_accel": 0.15847612847840414,
      "fcf_margin_change": -0.012420711655867715
    },
    {
      "date": "2022-06-30T00:00:00",
      "quarter_label": "2022-06 (Q2)",
      "revenue": 111122000,
      "gross_profit": null,
      "operating_income": 20802000,
      "net_income": 8856000,
      "opex": 91383000,
      "cogs": null,
      "rd": null,
      "sga": null,
      "fcf": 10723000,
      "ocf": 14537000,
      "capex": -3814000,
      "gross_margin": null,
      "op_margin": 0.1871996544338655,
      "fcf_margin": 0.0964975432407624,
      "incr_op_margin_yoy": 0.14204995511432644,
      "rev_growth_yoy": 0.20542387590171937,
      "rev_growth_yoy_accel": -0.21835572777155274,
      "op_leverage_ratio": 5.28634290787066,
      "fcf_margin_change": 0.03542269575814793
    },
    {
      "date": "2022-09-30T00:00:00",
      "quarter_label": "2022-09 (Q3)",
      "revenue": 112552000,
      "gross_profit": null,
      "operating_income": 20006000,
      "net_income": 2944000,
      "opex": 93617000,
      "cogs": null,
      "rd": null,
      "sga": null,
      "fcf": 6730000,
      "ocf": 10606000,
      "capex": -3876000,
      "gross_margin": null,
      "op_margin": 0.17774895159570686,
      "fcf_margin": 0.05979458383680432,
      "incr_op_margin_yoy": 1.4098077870872352,
      "rev_growth_yoy": -0.034799759883371924,
      "rev_growth_yoy_accel": -0.2402236357850913,
      "op_leverage_ratio": 0.526402848510103,
      "fcf_margin_change": -0.03670295940395808
    },
    {
      "date": "2022-12-31T00:00:00",
      "quarter_label": "2022-12 (Q4)",
      "revenue": 103753000,
      "gross_profit": null,
      "operating_income": 13758000,
      "net_income": -4042000,
      "opex": 91110000,
      "cogs": null,
      "rd": null,
      "sga": null,
      "fcf": -5546000,
      "ocf": 709000,
      "capex": -6255000,
      "gross_margin": null,
      "op_margin": 0.13260339460063805,
      "fcf_margin": -0.053453876032500264,
      "incr_op_margin_yoy": 0.7532430908065426,
      "rev_growth_yoy": -0.033047838283674594,
      "rev_growth_yoy_accel": 0.00175192159969733,
      "fcf_margin_change": -0.11324845986930458
    },
    {
      "date": "2023-03-31T00:00:00",
      "quarter_label": "2023-03 (Q1)",
      "revenue": 108508000,
      "gross_profit": null,
      "operating_income": 18400000,
      "net_income": -1243000,
      "opex": 91199000,
      "cogs": null,
      "rd": null,
      "sga": null,
      "fcf": -1339000,
      "ocf": 12280000,
      "capex": -13619000,
      "gross_margin": null,
      "op_margin": 0.16957275039628414,
      "fcf_margin": -0.012340103955468721,
      "incr_op_margin_yoy": 0.9907493061979649,
      "rev_growth_yoy": 0.052423304850489315,
      "rev_growth_yoy_accel": 0.0854711431341639,
      "op_leverage_ratio": Infinity,
      "fcf_margin_change": 0.04111377207703154
    },
    {
      "date": "2023-06-30T00:00:00",
      "quarter_label": "2023-06 (Q2)",
      "revenue": 136761000,
      "gross_profit": null,
      "operating_income": 18629000,
      "net_income": -1959000,
      "opex": 118162000,
      "cogs": null,
      "rd": null,
      "sga": null,
      "fcf": -3577000,
      "ocf": 8820000,
      "capex": -12397000,
      "gross_margin": null,
      "op_margin": 0.13621573401773898,
      "fcf_margin": -0.0261551173214586,
      "incr_op_margin_yoy": -0.08475369554194781,
      "rev_growth_yoy": 0.23072838861791545,
      "rev_growth_yoy_accel": 0.17830508376742613,
      "op_leverage_ratio": 0.8806932654220558,
      "fcf_margin_change": -0.01381501336598988
    },
    {
      "date": "2023-09-30T00:00:00",
      "quarter_label": "2023-09 (Q3)",
      "revenue": 161179000,
      "gross_profit": null,
      "operating_income": 14467000,
      "net_income": -14175000,
      "opex": 146712000,
      "cogs": null,
      "rd": null,
      "sga": null,
      "fcf": -9106000,
      "ocf": 6890000,
      "capex": -15996000,
      "gross_margin": null,
      "op_margin": 0.0897573505233312,
      "fcf_margin": -0.056496193672873014,
      "incr_op_margin_yoy": -0.11390791124272523,
      "rev_growth_yoy": 0.4320403013718104,
      "rev_growth_yoy_accel": 0.20131191275389493,
      "op_leverage_ratio": 0.7389576377704488,
      "fcf_margin_change": -0.030341076351414413
    },
    {
      "date": "2023-12-31T00:00:00",
      "quarter_label": "2023-12 (Q4)",
      "revenue": 143758000,
      "gross_profit": null,
      "operating_income": 12552000,
      "net_income": -10821000,
      "opex": 131206000,
      "cogs": null,
      "rd": null,
      "sga": null,
      "fcf": -21544000,
      "ocf": -3935000,
      "capex": -17609000,
      "gross_margin": null,
      "op_margin": 0.08731340168894948,
      "fcf_margin": -0.1498629641480822,
      "incr_op_margin_yoy": -0.03014623172103487,
      "rev_growth_yoy": 0.385579212167359,
      "rev_growth_yoy_accel": -0.046461089204451356,
      "fcf_margin_change": -0.0933667704752092
    },
    {
      "date": "2024-03-31T00:00:00",
      "quarter_label": "2024-03 (Q1)",
      "revenue": 136017000,
      "gross_profit": null,
      "operating_income": 8287000,
      "net_income": -13544000,
      "opex": 127730000,
      "cogs": null,
      "rd": null,
      "sga": null,
      "fcf": -29879000,
      "ocf": -11479000,
      "capex": -18400000,
      "gross_margin": null,
      "op_margin": 0.06092620775344258,
      "fcf_margin": -0.2196710705279487,
      "incr_op_margin_yoy": -0.3676251408629903,
      "rev_growth_yoy": 0.2535204777527924,
      "rev_growth_yoy_accel": -0.13205873441456661,
      "fcf_margin_change": -0.06980810637986651
    },
    {
      "date": "2024-06-30T00:00:00",
      "quarter_label": "2024-06 (Q2)",
      "revenue": 146435000,
      "gross_profit": null,
      "operating_income": 14261000,
      "net_income": -41613000,
      "opex": 132174000,
      "cogs": null,
      "rd": null,
      "sga": null,
      "fcf": -12937000,
      "ocf": 3003000,
      "capex": -15940000,
      "gross_margin": null,
      "op_margin": 0.09738791955475125,
      "fcf_margin": -0.08834636528152423,
      "incr_op_margin_yoy": -0.4515195369030391,
      "rev_growth_yoy": 0.07073654038797611,
      "rev_growth_yoy_accel": -0.1827839373648163,
      "op_leverage_ratio": 2.201456068322375,
      "fcf_margin_change": 0.13132470524642448
    },
    {
      "date": "2024-09-30T00:00:00",
      "quarter_label": "2024-09 (Q3)",
      "revenue": 155701000,
      "gross_profit": null,
      "operating_income": 17918000,
      "net_income": -8119000,
      "opex": 137783000,
      "cogs": null,
      "rd": null,
      "sga": null,
      "fcf": -2774000,
      "ocf": 7432000,
      "capex": -10206000,
      "gross_margin": null,
      "op_margin": 0.11507954348398533,
      "fcf_margin": -0.017816198996795138,
      "incr_op_margin_yoy": -0.6299744432274553,
      "rev_growth_yoy": -0.03398705786734004,
      "rev_growth_yoy_accel": -0.10472359825531616,
      "op_leverage_ratio": 1.4911042141924895,
      "fcf_margin_change": 0.07053016628472909
    },
    {
      "date": "2024-12-31T00:00:00",
      "quarter_label": "2024-12 (Q4)",
      "revenue": 137772000,
      "gross_profit": null,
      "operating_income": -36150000,
      "net_income": -64894000,
      "opex": 173922000,
      "cogs": null,
      "rd": null,
      "sga": null,
      "fcf": -16944000,
      "ocf": -2255000,
      "capex": -14689000,
      "gross_margin": null,
      "op_margin": -0.262390035711175,
      "fcf_margin": -0.12298580263043289,
      "incr_op_margin_yoy": 8.135983962579353,
      "rev_growth_yoy": -0.041639421806090794,
      "rev_growth_yoy_accel": -0.007652363938750753,
      "fcf_margin_change": -0.10516960363363775
    },
    {
      "date": "2025-03-31T00:00:00",
      "quarter_label": "2025-03 (Q1)",
      "revenue": 130443000,
      "gross_profit": null,
      "operating_income": 7140000,
      "net_income": -20613000,
      "opex": 28878000,
      "cogs": null,
      "rd": null,
      "sga": null,
      "fcf": -11313000,
      "ocf": -4624000,
      "capex": -6689000,
      "gross_margin": null,
      "op_margin": 0.054736551597249376,
      "fcf_margin": -0.0867275361652216,
      "incr_op_margin_yoy": 0.20577682095443128,
      "rev_growth_yoy": -0.04098017159619753,
      "rev_growth_yoy_accel": 0.0006592502098932626,
      "fcf_margin_change": 0.0362582664652113
    },
    {
      "date": "2025-06-30T00:00:00",
      "quarter_label": "2025-06 (Q2)",
      "revenue": 150818000,
      "gross_profit": null,
      "operating_income": 16575000,
      "net_income": -12309000,
      "opex": 32330000,
      "cogs": null,
      "rd": null,
      "sga": null,
      "fcf": 5473000,
      "ocf": 11282000,
      "capex": -5809000,
      "gross_margin": null,
      "op_margin": 0.1099006749857444,
      "fcf_margin": 0.036288771897253644,
      "incr_op_margin_yoy": 0.5279488934519735,
      "rev_growth_yoy": 0.02993136886673268,
      "rev_growth_yoy_accel": 0.07091154046293022,
      "op_leverage_ratio": 1.3066917948711525,
      "fcf_margin_change": 0.12301630806247524
    },
    {
      "date": "2025-09-30T00:00:00",
      "quarter_label": "2025-09 (Q3)",
      "revenue": 153724000,
      "gross_profit": null,
      "operating_income": 17126000,
      "net_income": -10548000,
      "opex": 35369000,
      "cogs": null,
      "rd": null,
      "sga": null,
      "fcf": -4732000,
      "ocf": 144000,
      "capex": -4876000,
      "gross_margin": null,
      "op_margin": 0.11140745752127189,
      "fcf_margin": -0.030782441258359137,
      "incr_op_margin_yoy": 0.4006069802731411,
      "rev_growth_yoy": -0.01269741363253929,
      "rev_growth_yoy_accel": -0.04262878249927197,
      "op_leverage_ratio": 0.2049828075654436,
      "fcf_margin_change": -0.06707121315561278
    }
  ],
  "signals": [
    {
      "quarter": "2025-09 (Q3)",
      "signal": "INCREMENTAL MARGIN (YoY)",
      "detail": "YoY Incr OPM: +40.1% vs year-ago OPM: +11.5%",
      "severity": "HIGH"
    },
    {
      "quarter": "2025-06 (Q2)",
      "signal": "FCF TURNED POSITIVE",
      "detail": "FCF margin: -8.7% -> +3.6%",
      "severity": "HIGH"
    },
    {
      "quarter": "2025-06 (Q2)",
      "signal": "YoY REVENUE GROWTH ACCELERATION",
      "detail": "YoY growth: +3.0% vs prior quarter YoY: -4.1% (accel: +7.1%)",
      "severity": "MEDIUM"
    },
    {
      "quarter": "2025-06 (Q2)",
      "signal": "INCREMENTAL MARGIN (YoY)",
      "detail": "YoY Incr OPM: +52.8% vs year-ago OPM: +9.7%",
      "severity": "HIGH"
    },
    {
      "quarter": "2025-03 (Q1)",
      "signal": "INCREMENTAL MARGIN (YoY)",
      "detail": "YoY Incr OPM: +20.6% vs year-ago OPM: +6.1%",
      "severity": "MEDIUM"
    },
    {
      "quarter": "2025-03 (Q1)",
      "signal": "OP MARGIN TURNED POSITIVE (QoQ)",
      "detail": "Op margin: -26.2% -> +5.5%",
      "severity": "HIGH"
    },
    {
      "quarter": "2024-09 (Q3)",
      "signal": "FCF MARGIN EXPANSION",
      "detail": "FCF margin: -8.8% -> -1.8% (+7.1%)",
      "severity": "MEDIUM"
    },
    {
      "quarter": "2024-09 (Q3)",
      "signal": "YoY REVENUE GROWTH DECELERATION",
      "detail": "YoY growth: -3.4% vs prior quarter YoY: +7.1% (decel: -10.5%)",
      "severity": "WARNING"
    },
    {
      "quarter": "2024-06 (Q2)",
      "signal": "FCF MARGIN EXPANSION",
      "detail": "FCF margin: -22.0% -> -8.8% (+13.1%)",
      "severity": "MEDIUM"
    },
    {
      "quarter": "2024-06 (Q2)",
      "signal": "OPERATING LEVERAGE",
      "detail": "Rev growth +7.7% vs OpEx growth +3.5% (leverage: 2.2x)",
      "severity": "MEDIUM"
    },
    {
      "quarter": "2024-06 (Q2)",
      "signal": "YoY REVENUE GROWTH DECELERATION",
      "detail": "YoY growth: +7.1% vs prior quarter YoY: +25.4% (decel: -18.3%)",
      "severity": "WARNING"
    },
    {
      "quarter": "2024-03 (Q1)",
      "signal": "YoY REVENUE GROWTH DECELERATION",
      "detail": "YoY growth: +25.4% vs prior quarter YoY: +38.6% (decel: -13.2%)",
      "severity": "WARNING"
    },
    {
      "quarter": "2023-09 (Q3)",
      "signal": "YoY REVENUE GROWTH ACCELERATION",
      "detail": "YoY growth: +43.2% vs prior quarter YoY: +23.1% (accel: +20.1%)",
      "severity": "HIGH"
    },
    {
      "quarter": "2023-06 (Q2)",
      "signal": "YoY REVENUE GROWTH ACCELERATION",
      "detail": "YoY growth: +23.1% vs prior quarter YoY: +5.2% (accel: +17.8%)",
      "severity": "HIGH"
    },
    {
      "quarter": "2023-03 (Q1)",
      "signal": "OPERATING LEVERAGE",
      "detail": "Rev growth +4.6% vs OpEx growth +0.1% (leverage: 46.9x)",
      "severity": "MEDIUM"
    },
    {
      "quarter": "2023-03 (Q1)",
      "signal": "YoY REVENUE GROWTH ACCELERATION",
      "detail": "YoY growth: +5.2% vs prior quarter YoY: -3.3% (accel: +8.5%)",
      "severity": "MEDIUM"
    },
    {
      "quarter": "2023-03 (Q1)",
      "signal": "INCREMENTAL MARGIN (YoY)",
      "detail": "YoY Incr OPM: +99.1% vs year-ago OPM: +12.7%",
      "severity": "HIGH"
    },
    {
      "quarter": "2022-12 (Q4)",
      "signal": "INCREMENTAL MARGIN (YoY)",
      "detail": "YoY Incr OPM: +75.3% vs year-ago OPM: +15.3%",
      "severity": "HIGH"
    },
    {
      "quarter": "2022-09 (Q3)",
      "signal": "YoY REVENUE GROWTH DECELERATION",
      "detail": "YoY growth: -3.5% vs prior quarter YoY: +20.5% (decel: -24.0%)",
      "severity": "WARNING"
    },
    {
      "quarter": "2022-09 (Q3)",
      "signal": "INCREMENTAL MARGIN (YoY)",
      "detail": "YoY Incr OPM: +141.0% vs year-ago OPM: +22.1%",
      "severity": "HIGH"
    },
    {
      "quarter": "2022-06 (Q2)",
      "signal": "OPERATING LEVERAGE",
      "detail": "Rev growth +7.8% vs OpEx growth +1.5% (leverage: 5.3x)",
      "severity": "MEDIUM"
    },
    {
      "quarter": "2022-06 (Q2)",
      "signal": "YoY REVENUE GROWTH DECELERATION",
      "detail": "YoY growth: +20.5% vs prior quarter YoY: +42.4% (decel: -21.8%)",
      "severity": "WARNING"
    },
    {
      "quarter": "2022-03 (Q1)",
      "signal": "YoY REVENUE GROWTH ACCELERATION",
      "detail": "YoY growth: +42.4% vs prior quarter YoY: +26.5% (accel: +15.8%)",
      "severity": "HIGH"
    },
    {
      "quarter": "2021-06 (Q2)",
      "signal": "FCF MARGIN EXPANSION",
      "detail": "FCF margin: +4.8% -> +17.0% (+12.2%)",
      "severity": "MEDIUM"
    },
    {
      "quarter": "2021-06 (Q2)",
      "signal": "OPERATING LEVERAGE",
      "detail": "Rev growth +27.3% vs OpEx growth +15.4% (leverage: 1.8x)",
      "severity": "MEDIUM"
    }
  ],
  "data_quality": {
    "n_quarters": 20,
    "coverage": {
      "revenue": [
        20,
        20
      ],
      "gross_profit": [
        0,
        20
      ],
      "op_income": [
        20,
        20
      ],
      "fcf": [
        20,
        20
      ]
    },
    "gaps": [],
    "warnings": [
      "gross_profit: no data"
    ]
  },
  "market_cap": null,
  "source": "SEC EDGAR",
  "last_updated": "2026-02-02T23:40:47.947766"
}