{
  "ticker": "CNVS",
  "name": "Cineverse Corp.",
  "sector": "Communication Services",
  "industry": "Entertainment",
  "quarters": [
    {
      "date": "2021-03-31T00:00:00",
      "quarter_label": "2021-03 (Q1)",
      "revenue": 8265000,
      "gross_profit": null,
      "operating_income": -4518000,
      "net_income": -6777000,
      "opex": 12783000,
      "cogs": null,
      "rd": null,
      "sga": 6623000,
      "fcf": -6708000,
      "ocf": -3231000,
      "capex": -3477000,
      "gross_margin": null,
      "op_margin": -0.5466424682395644,
      "fcf_margin": -0.8116152450090744
    },
    {
      "date": "2021-06-30T00:00:00",
      "quarter_label": "2021-06 (Q2)",
      "revenue": 15015000,
      "gross_profit": null,
      "operating_income": 2774000,
      "net_income": 5187000,
      "opex": 12241000,
      "cogs": null,
      "rd": null,
      "sga": 6043000,
      "fcf": 3580000,
      "ocf": 3621000,
      "capex": -41000,
      "gross_margin": null,
      "op_margin": 0.18474858474858474,
      "fcf_margin": 0.23842823842823843,
      "op_leverage_ratio": null,
      "fcf_margin_change": 1.050043483437313
    },
    {
      "date": "2021-09-30T00:00:00",
      "quarter_label": "2021-09 (Q3)",
      "revenue": 10103000,
      "gross_profit": null,
      "operating_income": -1414000,
      "net_income": -184000,
      "opex": 11517000,
      "cogs": null,
      "rd": null,
      "sga": 7159000,
      "fcf": 5697000,
      "ocf": 5737000,
      "capex": -40000,
      "gross_margin": null,
      "op_margin": -0.13995842818964663,
      "fcf_margin": 0.5638919132930813,
      "fcf_margin_change": 0.32546367486484284
    },
    {
      "date": "2021-12-31T00:00:00",
      "quarter_label": "2021-12 (Q4)",
      "revenue": 14084000,
      "gross_profit": null,
      "operating_income": -764000,
      "net_income": null,
      "opex": 14848000,
      "cogs": null,
      "rd": null,
      "sga": 7736000,
      "fcf": -4823000,
      "ocf": -4612000,
      "capex": -211000,
      "gross_margin": null,
      "op_margin": -0.054245952854302754,
      "fcf_margin": -0.34244532803180916,
      "op_leverage_ratio": 1.362406035011403,
      "fcf_margin_change": -0.9063372413248905
    },
    {
      "date": "2022-03-31T00:00:00",
      "quarter_label": "2022-03 (Q1)",
      "revenue": 16852000,
      "gross_profit": null,
      "operating_income": -1521000,
      "net_income": -2324000,
      "opex": 18373000,
      "cogs": null,
      "rd": null,
      "sga": 8613000,
      "fcf": 109000,
      "ocf": 133000,
      "capex": -24000,
      "gross_margin": null,
      "op_margin": -0.0902563493947306,
      "fcf_margin": 0.006468075005934014,
      "incr_op_margin_yoy": 0.34901595434959826,
      "rev_growth_yoy": 1.0389594676346037,
      "op_leverage_ratio": 0.8278447652484284,
      "fcf_margin_change": 0.34891340303774315
    },
    {
      "date": "2022-06-30T00:00:00",
      "quarter_label": "2022-06 (Q2)",
      "revenue": 13590000,
      "gross_profit": null,
      "operating_income": -4584000,
      "net_income": -5987000,
      "opex": 18174000,
      "cogs": null,
      "rd": null,
      "sga": 9815000,
      "fcf": -1339000,
      "ocf": -1198000,
      "capex": -141000,
      "gross_margin": null,
      "op_margin": -0.3373068432671082,
      "fcf_margin": -0.09852832965415746,
      "incr_op_margin_yoy": 5.163508771929824,
      "rev_growth_yoy": -0.09490509490509491,
      "rev_growth_yoy_accel": -1.1338645625396986,
      "fcf_margin_change": -0.10499640466009147
    },
    {
      "date": "2022-09-30T00:00:00",
      "quarter_label": "2022-09 (Q3)",
      "revenue": 14006000,
      "gross_profit": null,
      "operating_income": -4711000,
      "net_income": -5655000,
      "opex": 18717000,
      "cogs": null,
      "rd": null,
      "sga": 9597000,
      "fcf": -5214000,
      "ocf": -5081000,
      "capex": -133000,
      "gross_margin": null,
      "op_margin": -0.33635584749393116,
      "fcf_margin": -0.3722690275596173,
      "incr_op_margin_yoy": -0.8447348193697156,
      "rev_growth_yoy": 0.3863208947837276,
      "rev_growth_yoy_accel": 0.4812259896888225,
      "op_leverage_ratio": 1.0245297362783001,
      "fcf_margin_change": -0.27374069790545985
    },
    {
      "date": "2022-12-31T00:00:00",
      "quarter_label": "2022-12 (Q4)",
      "revenue": 27882000,
      "gross_profit": null,
      "operating_income": 3440000,
      "net_income": 5022000,
      "opex": 24442000,
      "cogs": null,
      "rd": null,
      "sga": 9107000,
      "fcf": -1777000,
      "ocf": -1622000,
      "capex": -155000,
      "gross_margin": null,
      "op_margin": 0.12337708916146618,
      "fcf_margin": -0.06373287425579227,
      "incr_op_margin_yoy": 0.3046818379475286,
      "rev_growth_yoy": 0.9796932689576825,
      "rev_growth_yoy_accel": 0.5933723741739549,
      "op_leverage_ratio": 3.238999779882234,
      "fcf_margin_change": 0.30853615330382506
    },
    {
      "date": "2023-03-31T00:00:00",
      "quarter_label": "2023-03 (Q1)",
      "revenue": 12548000,
      "gross_profit": null,
      "operating_income": -2615000,
      "net_income": null,
      "opex": 15163000,
      "cogs": null,
      "rd": null,
      "sga": 7803000,
      "fcf": -1737000,
      "ocf": -895000,
      "capex": -842000,
      "gross_margin": null,
      "op_margin": -0.20839974497927957,
      "fcf_margin": -0.13842843481032835,
      "incr_op_margin_yoy": 0.254182156133829,
      "rev_growth_yoy": -0.2553999525278899,
      "rev_growth_yoy_accel": -1.2350932214855723,
      "fcf_margin_change": -0.07469556055453608
    },
    {
      "date": "2023-06-30T00:00:00",
      "quarter_label": "2023-06 (Q2)",
      "revenue": 12980000,
      "gross_profit": null,
      "operating_income": -2717000,
      "net_income": -3536000,
      "opex": 15697000,
      "cogs": null,
      "rd": null,
      "sga": 7888000,
      "fcf": -3260000,
      "ocf": -3260000,
      "capex": null,
      "gross_margin": null,
      "op_margin": -0.2093220338983051,
      "fcf_margin": -0.25115562403698,
      "rev_growth_yoy": -0.044885945548197206,
      "rev_growth_yoy_accel": 0.2105140069796927,
      "op_leverage_ratio": 0.9775818161630128,
      "fcf_margin_change": -0.11272718922665165
    },
    {
      "date": "2023-09-30T00:00:00",
      "quarter_label": "2023-09 (Q3)",
      "revenue": 13012000,
      "gross_profit": null,
      "operating_income": 586000,
      "net_income": -317000,
      "opex": 12426000,
      "cogs": null,
      "rd": null,
      "sga": 6827000,
      "fcf": -2914000,
      "ocf": -2914000,
      "capex": null,
      "gross_margin": null,
      "op_margin": 0.04503535198278512,
      "fcf_margin": -0.2239471257300953,
      "rev_growth_yoy": -0.07096958446380122,
      "rev_growth_yoy_accel": -0.026083638915604015,
      "fcf_margin_change": 0.02720849830688471
    },
    {
      "date": "2023-12-31T00:00:00",
      "quarter_label": "2023-12 (Q4)",
      "revenue": 13276000,
      "gross_profit": null,
      "operating_income": 427000,
      "net_income": -2736000,
      "opex": 12849000,
      "cogs": null,
      "rd": null,
      "sga": 6373000,
      "fcf": -3113000,
      "ocf": -3113000,
      "capex": null,
      "gross_margin": null,
      "op_margin": 0.03216330219945767,
      "fcf_margin": -0.234483278095812,
      "incr_op_margin_yoy": 0.20628508831986855,
      "rev_growth_yoy": -0.5238505128756904,
      "rev_growth_yoy_accel": -0.4528809284118892,
      "op_leverage_ratio": 0.5960063051454958,
      "fcf_margin_change": -0.0105361523657167
    },
    {
      "date": "2024-03-31T00:00:00",
      "quarter_label": "2024-03 (Q1)",
      "revenue": 9863000,
      "gross_profit": null,
      "operating_income": -13996000,
      "net_income": null,
      "opex": 23859000,
      "cogs": null,
      "rd": null,
      "sga": 6816000,
      "fcf": -1305000,
      "ocf": -1305000,
      "capex": null,
      "gross_margin": null,
      "op_margin": -1.4190408597789719,
      "fcf_margin": -0.13231268376761635,
      "incr_op_margin_yoy": 4.238733705772812,
      "rev_growth_yoy": -0.21397832323876315,
      "rev_growth_yoy_accel": 0.30987218963692725,
      "fcf_margin_change": 0.10217059432819564
    },
    {
      "date": "2024-06-30T00:00:00",
      "quarter_label": "2024-06 (Q2)",
      "revenue": 9127000,
      "gross_profit": null,
      "operating_income": -2778000,
      "net_income": -3050000,
      "opex": 11905000,
      "cogs": null,
      "rd": null,
      "sga": 6563000,
      "fcf": -2344000,
      "ocf": -2344000,
      "capex": null,
      "gross_margin": null,
      "op_margin": -0.3043716445710529,
      "fcf_margin": -0.2568204229210036,
      "incr_op_margin_yoy": 0.015831819361536464,
      "rev_growth_yoy": -0.2968412942989214,
      "rev_growth_yoy_accel": -0.08286297106015827,
      "fcf_margin_change": -0.12450773915338725
    },
    {
      "date": "2024-09-30T00:00:00",
      "quarter_label": "2024-09 (Q3)",
      "revenue": 12739000,
      "gross_profit": null,
      "operating_income": -861000,
      "net_income": -1203000,
      "opex": 13600000,
      "cogs": null,
      "rd": null,
      "sga": 6364000,
      "fcf": -85000,
      "ocf": -85000,
      "capex": null,
      "gross_margin": null,
      "op_margin": -0.06758772274118847,
      "fcf_margin": -0.006672423267132428,
      "rev_growth_yoy": -0.020980633261604674,
      "rev_growth_yoy_accel": 0.27586066103731677,
      "op_leverage_ratio": 2.779581345245217,
      "fcf_margin_change": 0.2501479996538712
    },
    {
      "date": "2024-12-31T00:00:00",
      "quarter_label": "2024-12 (Q4)",
      "revenue": 40740000,
      "gross_profit": null,
      "operating_income": 9436000,
      "net_income": 7161000,
      "opex": 31304000,
      "cogs": null,
      "rd": null,
      "sga": 9361000,
      "fcf": 7374000,
      "ocf": 7374000,
      "capex": null,
      "gross_margin": null,
      "op_margin": 0.2316151202749141,
      "fcf_margin": 0.18100147275405007,
      "incr_op_margin_yoy": 0.32802942033207105,
      "rev_growth_yoy": 2.0686953901777643,
      "rev_growth_yoy_accel": 2.089676023439369,
      "op_leverage_ratio": 1.6885180650969283,
      "fcf_margin_change": 0.1876738960211825
    },
    {
      "date": "2025-03-31T00:00:00",
      "quarter_label": "2025-03 (Q1)",
      "revenue": 15575000,
      "gross_profit": null,
      "operating_income": 2127000,
      "net_income": null,
      "opex": 13448000,
      "cogs": null,
      "rd": null,
      "sga": 5396000,
      "fcf": 12466000,
      "ocf": 12466000,
      "capex": null,
      "gross_margin": null,
      "op_margin": 0.1365650080256822,
      "fcf_margin": 0.8003852327447833,
      "incr_op_margin_yoy": 2.82265406162465,
      "rev_growth_yoy": 0.5791341376863024,
      "rev_growth_yoy_accel": -1.4895612524914619,
      "fcf_margin_change": 0.6193837599907333
    },
    {
      "date": "2025-06-30T00:00:00",
      "quarter_label": "2025-06 (Q2)",
      "revenue": 11119000,
      "gross_profit": null,
      "operating_income": -3702000,
      "net_income": -3516000,
      "opex": 14821000,
      "cogs": null,
      "rd": null,
      "sga": 8952000,
      "fcf": -14524000,
      "ocf": -14524000,
      "capex": null,
      "gross_margin": null,
      "op_margin": -0.33294361003687384,
      "fcf_margin": -1.306232574871841,
      "incr_op_margin_yoy": -0.463855421686747,
      "rev_growth_yoy": 0.2182535334721157,
      "rev_growth_yoy_accel": -0.36088060421418666,
      "fcf_margin_change": -2.106617807616624
    },
    {
      "date": "2025-09-30T00:00:00",
      "quarter_label": "2025-09 (Q3)",
      "revenue": 12357000,
      "gross_profit": null,
      "operating_income": -5410000,
      "net_income": -5545000,
      "opex": 17767000,
      "cogs": null,
      "rd": null,
      "sga": 11407000,
      "fcf": -7171000,
      "ocf": -7171000,
      "capex": null,
      "gross_margin": null,
      "op_margin": -0.4378085295783766,
      "fcf_margin": -0.5803188476167355,
      "rev_growth_yoy": -0.029986655153465734,
      "rev_growth_yoy_accel": -0.24824018862558145,
      "op_leverage_ratio": 0.5601439881960795,
      "fcf_margin_change": 0.7259137272551056
    },
    {
      "date": "2025-12-31T00:00:00",
      "quarter_label": "2025-12 (Q4)",
      "revenue": 16286000,
      "gross_profit": null,
      "operating_income": -656000,
      "net_income": -875000,
      "opex": 16942000,
      "cogs": null,
      "rd": null,
      "sga": 10690000,
      "fcf": -1613000,
      "ocf": -1613000,
      "capex": null,
      "gross_margin": null,
      "op_margin": -0.04027999508780548,
      "fcf_margin": -0.0990421220680339,
      "incr_op_margin_yoy": 0.41269321992312097,
      "rev_growth_yoy": -0.6002454590083456,
      "rev_growth_yoy_accel": -0.5702588038548798,
      "op_leverage_ratio": null,
      "fcf_margin_change": 0.4812767255487016
    }
  ],
  "signals": [
    {
      "quarter": "2025-12 (Q4)",
      "signal": "FCF MARGIN EXPANSION",
      "detail": "FCF margin: -58.0% -> -9.9% (+48.1%)",
      "severity": "MEDIUM"
    },
    {
      "quarter": "2025-12 (Q4)",
      "signal": "YoY REVENUE GROWTH DECELERATION",
      "detail": "YoY growth: -60.0% vs prior quarter YoY: -3.0% (decel: -57.0%)",
      "severity": "WARNING"
    },
    {
      "quarter": "2025-09 (Q3)",
      "signal": "FCF MARGIN EXPANSION",
      "detail": "FCF margin: -130.6% -> -58.0% (+72.6%)",
      "severity": "MEDIUM"
    },
    {
      "quarter": "2025-09 (Q3)",
      "signal": "YoY REVENUE GROWTH DECELERATION",
      "detail": "YoY growth: -3.0% vs prior quarter YoY: +21.8% (decel: -24.8%)",
      "severity": "WARNING"
    },
    {
      "quarter": "2025-06 (Q2)",
      "signal": "YoY REVENUE GROWTH DECELERATION",
      "detail": "YoY growth: +21.8% vs prior quarter YoY: +57.9% (decel: -36.1%)",
      "severity": "WARNING"
    },
    {
      "quarter": "2025-03 (Q1)",
      "signal": "FCF MARGIN EXPANSION",
      "detail": "FCF margin: +18.1% -> +80.0% (+61.9%)",
      "severity": "MEDIUM"
    },
    {
      "quarter": "2025-03 (Q1)",
      "signal": "YoY REVENUE GROWTH DECELERATION",
      "detail": "YoY growth: +57.9% vs prior quarter YoY: +206.9% (decel: -149.0%)",
      "severity": "WARNING"
    },
    {
      "quarter": "2025-03 (Q1)",
      "signal": "OP MARGIN TURNED POSITIVE (YoY)",
      "detail": "Op margin: -141.9% (year-ago) -> +13.7%",
      "severity": "HIGH"
    },
    {
      "quarter": "2024-12 (Q4)",
      "signal": "FCF TURNED POSITIVE",
      "detail": "FCF margin: -0.7% -> +18.1%",
      "severity": "HIGH"
    },
    {
      "quarter": "2024-12 (Q4)",
      "signal": "OPERATING LEVERAGE",
      "detail": "Rev growth +219.8% vs OpEx growth +130.2% (leverage: 1.7x)",
      "severity": "MEDIUM"
    },
    {
      "quarter": "2024-12 (Q4)",
      "signal": "YoY REVENUE GROWTH ACCELERATION",
      "detail": "YoY growth: +206.9% vs prior quarter YoY: -2.1% (accel: +209.0%)",
      "severity": "HIGH"
    },
    {
      "quarter": "2024-12 (Q4)",
      "signal": "INCREMENTAL MARGIN (YoY)",
      "detail": "YoY Incr OPM: +32.8% vs year-ago OPM: +3.2%",
      "severity": "HIGH"
    },
    {
      "quarter": "2024-12 (Q4)",
      "signal": "OP MARGIN TURNED POSITIVE (QoQ)",
      "detail": "Op margin: -6.8% -> +23.2%",
      "severity": "HIGH"
    },
    {
      "quarter": "2024-09 (Q3)",
      "signal": "FCF MARGIN EXPANSION",
      "detail": "FCF margin: -25.7% -> -0.7% (+25.0%)",
      "severity": "MEDIUM"
    },
    {
      "quarter": "2024-09 (Q3)",
      "signal": "OPERATING LEVERAGE",
      "detail": "Rev growth +39.6% vs OpEx growth +14.2% (leverage: 2.8x)",
      "severity": "MEDIUM"
    },
    {
      "quarter": "2024-09 (Q3)",
      "signal": "YoY REVENUE GROWTH ACCELERATION",
      "detail": "YoY growth: -2.1% vs prior quarter YoY: -29.7% (accel: +27.6%)",
      "severity": "HIGH"
    },
    {
      "quarter": "2024-06 (Q2)",
      "signal": "YoY REVENUE GROWTH DECELERATION",
      "detail": "YoY growth: -29.7% vs prior quarter YoY: -21.4% (decel: -8.3%)",
      "severity": "WARNING"
    },
    {
      "quarter": "2024-03 (Q1)",
      "signal": "FCF MARGIN EXPANSION",
      "detail": "FCF margin: -23.4% -> -13.2% (+10.2%)",
      "severity": "MEDIUM"
    },
    {
      "quarter": "2024-03 (Q1)",
      "signal": "YoY REVENUE GROWTH ACCELERATION",
      "detail": "YoY growth: -21.4% vs prior quarter YoY: -52.4% (accel: +31.0%)",
      "severity": "HIGH"
    },
    {
      "quarter": "2023-12 (Q4)",
      "signal": "YoY REVENUE GROWTH DECELERATION",
      "detail": "YoY growth: -52.4% vs prior quarter YoY: -7.1% (decel: -45.3%)",
      "severity": "WARNING"
    },
    {
      "quarter": "2023-09 (Q3)",
      "signal": "OP MARGIN TURNED POSITIVE (YoY)",
      "detail": "Op margin: -33.6% (year-ago) -> +4.5%",
      "severity": "HIGH"
    },
    {
      "quarter": "2023-09 (Q3)",
      "signal": "OP MARGIN TURNED POSITIVE (QoQ)",
      "detail": "Op margin: -20.9% -> +4.5%",
      "severity": "HIGH"
    },
    {
      "quarter": "2023-06 (Q2)",
      "signal": "YoY REVENUE GROWTH ACCELERATION",
      "detail": "YoY growth: -4.5% vs prior quarter YoY: -25.5% (accel: +21.1%)",
      "severity": "HIGH"
    },
    {
      "quarter": "2023-03 (Q1)",
      "signal": "YoY REVENUE GROWTH DECELERATION",
      "detail": "YoY growth: -25.5% vs prior quarter YoY: +98.0% (decel: -123.5%)",
      "severity": "WARNING"
    },
    {
      "quarter": "2022-12 (Q4)",
      "signal": "FCF MARGIN EXPANSION",
      "detail": "FCF margin: -37.2% -> -6.4% (+30.9%)",
      "severity": "MEDIUM"
    },
    {
      "quarter": "2022-12 (Q4)",
      "signal": "OPERATING LEVERAGE",
      "detail": "Rev growth +99.1% vs OpEx growth +30.6% (leverage: 3.2x)",
      "severity": "MEDIUM"
    },
    {
      "quarter": "2022-12 (Q4)",
      "signal": "YoY REVENUE GROWTH ACCELERATION",
      "detail": "YoY growth: +98.0% vs prior quarter YoY: +38.6% (accel: +59.3%)",
      "severity": "HIGH"
    },
    {
      "quarter": "2022-12 (Q4)",
      "signal": "OP MARGIN TURNED POSITIVE (YoY)",
      "detail": "Op margin: -5.4% (year-ago) -> +12.3%",
      "severity": "HIGH"
    },
    {
      "quarter": "2022-12 (Q4)",
      "signal": "OP MARGIN TURNED POSITIVE (QoQ)",
      "detail": "Op margin: -33.6% -> +12.3%",
      "severity": "HIGH"
    },
    {
      "quarter": "2022-09 (Q3)",
      "signal": "YoY REVENUE GROWTH ACCELERATION",
      "detail": "YoY growth: +38.6% vs prior quarter YoY: -9.5% (accel: +48.1%)",
      "severity": "HIGH"
    },
    {
      "quarter": "2022-06 (Q2)",
      "signal": "YoY REVENUE GROWTH DECELERATION",
      "detail": "YoY growth: -9.5% vs prior quarter YoY: +103.9% (decel: -113.4%)",
      "severity": "WARNING"
    },
    {
      "quarter": "2022-03 (Q1)",
      "signal": "FCF TURNED POSITIVE",
      "detail": "FCF margin: -34.2% -> +0.6%",
      "severity": "HIGH"
    },
    {
      "quarter": "2021-09 (Q3)",
      "signal": "FCF MARGIN EXPANSION",
      "detail": "FCF margin: +23.8% -> +56.4% (+32.5%)",
      "severity": "MEDIUM"
    },
    {
      "quarter": "2021-06 (Q2)",
      "signal": "FCF TURNED POSITIVE",
      "detail": "FCF margin: -81.2% -> +23.8%",
      "severity": "HIGH"
    },
    {
      "quarter": "2021-06 (Q2)",
      "signal": "OP MARGIN TURNED POSITIVE (QoQ)",
      "detail": "Op margin: -54.7% -> +18.5%",
      "severity": "HIGH"
    }
  ],
  "data_quality": {
    "n_quarters": 20,
    "coverage": {
      "revenue": [
        20,
        20
      ],
      "gross_profit": [
        0,
        20
      ],
      "op_income": [
        20,
        20
      ],
      "fcf": [
        20,
        20
      ]
    },
    "gaps": [],
    "warnings": [
      "gross_profit: no data"
    ]
  },
  "market_cap": null,
  "source": "SEC EDGAR",
  "last_updated": "2026-02-24T10:33:48.657328"
}