{
  "ticker": "CNX",
  "name": "CNX Resources Corporation",
  "quarters": [
    {
      "date": "2020-12-31T00:00:00",
      "quarter_label": "2020-12 (Q4)",
      "revenue": 626703000,
      "gross_profit": null,
      "operating_income": null,
      "net_income": 195758000,
      "opex": 312446000,
      "cogs": null,
      "rd": null,
      "sga": null,
      "fcf": 68669000,
      "ocf": 160724000,
      "capex": -92055000,
      "gross_margin": null,
      "op_margin": null,
      "fcf_margin": 0.10957183865403548
    },
    {
      "date": "2021-03-31T00:00:00",
      "quarter_label": "2021-03 (Q1)",
      "revenue": 473073000,
      "gross_profit": null,
      "operating_income": null,
      "net_income": 98025000,
      "opex": 299804000,
      "cogs": null,
      "rd": null,
      "sga": null,
      "fcf": 96219000,
      "ocf": 219648000,
      "capex": -123429000,
      "gross_margin": null,
      "op_margin": null,
      "fcf_margin": 0.2033914427583058,
      "fcf_margin_change": 0.09381960410427033
    },
    {
      "date": "2021-06-30T00:00:00",
      "quarter_label": "2021-06 (Q2)",
      "revenue": -127210000,
      "gross_profit": null,
      "operating_income": null,
      "net_income": -354059000,
      "opex": 280711000,
      "cogs": null,
      "rd": null,
      "sga": null,
      "fcf": 110269000,
      "ocf": 239227000,
      "capex": -128958000,
      "gross_margin": null,
      "op_margin": null,
      "fcf_margin": -0.8668265073500511,
      "fcf_margin_change": -1.0702179501083569
    },
    {
      "date": "2021-09-30T00:00:00",
      "quarter_label": "2021-09 (Q3)",
      "revenue": -880261000,
      "gross_profit": null,
      "operating_income": null,
      "net_income": -872921000,
      "opex": 304858000,
      "cogs": null,
      "rd": null,
      "sga": null,
      "fcf": 117647000,
      "ocf": 214410000,
      "capex": -96763000,
      "gross_margin": null,
      "op_margin": null,
      "fcf_margin": -0.13365013331273337,
      "op_leverage_ratio": 68.81757837814567,
      "fcf_margin_change": 0.7331763740373177
    },
    {
      "date": "2021-12-31T00:00:00",
      "quarter_label": "2021-12 (Q4)",
      "revenue": 1291191000,
      "gross_profit": null,
      "operating_income": null,
      "net_income": 630313000,
      "opex": 349502000,
      "cogs": null,
      "rd": null,
      "sga": null,
      "fcf": 136361000,
      "ocf": 253072000,
      "capex": -116711000,
      "gross_margin": null,
      "op_margin": null,
      "fcf_margin": 0.10560869770622627,
      "rev_growth_yoy": 1.0602917171291664,
      "fcf_margin_change": 0.23925883101895964
    },
    {
      "date": "2022-03-31T00:00:00",
      "quarter_label": "2022-03 (Q1)",
      "revenue": -913098000,
      "gross_profit": null,
      "operating_income": null,
      "net_income": -922941000,
      "opex": 322469000,
      "cogs": null,
      "rd": null,
      "sga": null,
      "fcf": 214079000,
      "ocf": 336395000,
      "capex": -122316000,
      "gross_margin": null,
      "op_margin": null,
      "fcf_margin": -0.23445347596862548,
      "rev_growth_yoy": -2.930141859712983,
      "rev_growth_yoy_accel": -3.9904335768421495,
      "fcf_margin_change": -0.34006217367485175
    },
    {
      "date": "2022-06-30T00:00:00",
      "quarter_label": "2022-06 (Q2)",
      "revenue": 420418000,
      "gross_profit": null,
      "operating_income": null,
      "net_income": 33357000,
      "opex": 330523000,
      "cogs": null,
      "rd": null,
      "sga": null,
      "fcf": 55299000,
      "ocf": 191967000,
      "capex": -136668000,
      "gross_margin": null,
      "op_margin": null,
      "fcf_margin": 0.131533378685023,
      "fcf_margin_change": 0.36598685465364844
    },
    {
      "date": "2022-09-30T00:00:00",
      "quarter_label": "2022-09 (Q3)",
      "revenue": 117061000,
      "gross_profit": null,
      "operating_income": null,
      "net_income": -427072000,
      "opex": 325473000,
      "cogs": null,
      "rd": null,
      "sga": null,
      "fcf": 130829000,
      "ocf": 264382000,
      "capex": -133553000,
      "gross_margin": null,
      "op_margin": null,
      "fcf_margin": 1.1176138936110234,
      "fcf_margin_change": 0.9860805149260004
    },
    {
      "date": "2022-12-31T00:00:00",
      "quarter_label": "2022-12 (Q4)",
      "revenue": 1636830000,
      "gross_profit": null,
      "operating_income": null,
      "net_income": 1174580000,
      "opex": 343173000,
      "cogs": null,
      "rd": null,
      "sga": null,
      "fcf": 269053000,
      "ocf": 442270000,
      "capex": -173217000,
      "gross_margin": null,
      "op_margin": null,
      "fcf_margin": 0.16437443106492428,
      "rev_growth_yoy": 0.2676900628954198,
      "op_leverage_ratio": 238.73002990183736,
      "fcf_margin_change": -0.9532394625460991
    },
    {
      "date": "2023-03-31T00:00:00",
      "quarter_label": "2023-03 (Q1)",
      "revenue": 1275977000,
      "gross_profit": null,
      "operating_income": null,
      "net_income": 710395000,
      "opex": 320599000,
      "cogs": null,
      "rd": null,
      "sga": null,
      "fcf": 78710000,
      "ocf": 248738000,
      "capex": -170028000,
      "gross_margin": null,
      "op_margin": null,
      "fcf_margin": 0.06168606487421011,
      "fcf_margin_change": -0.10268836619071417
    },
    {
      "date": "2023-06-30T00:00:00",
      "quarter_label": "2023-06 (Q2)",
      "revenue": 839700000,
      "gross_profit": null,
      "operating_income": null,
      "net_income": 474955000,
      "opex": 271634000,
      "cogs": null,
      "rd": null,
      "sga": null,
      "fcf": 2743000,
      "ocf": 198728000,
      "capex": -195985000,
      "gross_margin": null,
      "op_margin": null,
      "fcf_margin": 0.003266642848636418,
      "rev_growth_yoy": 0.9972979273009244,
      "fcf_margin_change": -0.058419422025573695
    },
    {
      "date": "2023-09-30T00:00:00",
      "quarter_label": "2023-09 (Q3)",
      "revenue": 350506000,
      "gross_profit": null,
      "operating_income": null,
      "net_income": 21381000,
      "opex": 299943000,
      "cogs": null,
      "rd": null,
      "sga": null,
      "fcf": 349000,
      "ocf": 205991000,
      "capex": -205642000,
      "gross_margin": null,
      "op_margin": null,
      "fcf_margin": 0.000995703354578809,
      "rev_growth_yoy": 1.994216690443444,
      "rev_growth_yoy_accel": 0.9969187631425196,
      "fcf_margin_change": -0.0022709394940576087
    },
    {
      "date": "2023-12-31T00:00:00",
      "quarter_label": "2023-12 (Q4)",
      "revenue": 968767000,
      "gross_profit": null,
      "operating_income": null,
      "net_income": 513985000,
      "opex": 299936000,
      "cogs": null,
      "rd": null,
      "sga": null,
      "fcf": 53382000,
      "ocf": 161131000,
      "capex": -107749000,
      "gross_margin": null,
      "op_margin": null,
      "fcf_margin": 0.05510303303064617,
      "rev_growth_yoy": -0.4081444010679179,
      "rev_growth_yoy_accel": -2.402361091511362,
      "op_leverage_ratio": Infinity,
      "fcf_margin_change": 0.05410732967606736
    },
    {
      "date": "2024-03-31T00:00:00",
      "quarter_label": "2024-03 (Q1)",
      "revenue": 384553000,
      "gross_profit": null,
      "operating_income": null,
      "net_income": 6851000,
      "opex": 318851000,
      "cogs": null,
      "rd": null,
      "sga": null,
      "fcf": 16881000,
      "ocf": 185065000,
      "capex": -168184000,
      "gross_margin": null,
      "op_margin": null,
      "fcf_margin": 0.043897720210218094,
      "rev_growth_yoy": -0.6986207431638658,
      "rev_growth_yoy_accel": -0.2904763420959479,
      "fcf_margin_change": -0.011205312820428075
    },
    {
      "date": "2024-06-30T00:00:00",
      "quarter_label": "2024-06 (Q2)",
      "revenue": 321443000,
      "gross_profit": null,
      "operating_income": null,
      "net_income": -18261000,
      "opex": 299544000,
      "cogs": null,
      "rd": null,
      "sga": null,
      "fcf": 39849000,
      "ocf": 191765000,
      "capex": -151916000,
      "gross_margin": null,
      "op_margin": null,
      "fcf_margin": 0.1239691018314289,
      "rev_growth_yoy": -0.6171930451351674,
      "rev_growth_yoy_accel": 0.08142769802869843,
      "fcf_margin_change": 0.0800713816212108
    },
    {
      "date": "2024-09-30T00:00:00",
      "quarter_label": "2024-09 (Q3)",
      "revenue": 424213000,
      "gross_profit": null,
      "operating_income": null,
      "net_income": 65540000,
      "opex": 318889000,
      "cogs": null,
      "rd": null,
      "sga": null,
      "fcf": 55415000,
      "ocf": 170152000,
      "capex": -114737000,
      "gross_margin": null,
      "op_margin": null,
      "fcf_margin": 0.13063013156126757,
      "rev_growth_yoy": 0.21028741305427012,
      "rev_growth_yoy_accel": 0.8274804581894375,
      "op_leverage_ratio": 4.950559387364953,
      "fcf_margin_change": 0.0066610297298386745
    },
    {
      "date": "2024-12-31T00:00:00",
      "quarter_label": "2024-12 (Q4)",
      "revenue": 136578000,
      "gross_profit": null,
      "operating_income": null,
      "net_income": -144624000,
      "opex": 323069000,
      "cogs": null,
      "rd": null,
      "sga": null,
      "fcf": 163302000,
      "ocf": 268797000,
      "capex": -105495000,
      "gross_margin": null,
      "op_margin": null,
      "fcf_margin": 1.1956684092606422,
      "rev_growth_yoy": -0.8590187320583793,
      "rev_growth_yoy_accel": -1.0693061451126495,
      "fcf_margin_change": 1.0650382776993745
    },
    {
      "date": "2025-03-31T00:00:00",
      "quarter_label": "2025-03 (Q1)",
      "revenue": 82388000,
      "gross_profit": null,
      "operating_income": null,
      "net_income": -197715000,
      "opex": 319211000,
      "cogs": null,
      "rd": null,
      "sga": null,
      "fcf": 84191000,
      "ocf": 215656000,
      "capex": -131465000,
      "gross_margin": null,
      "op_margin": null,
      "fcf_margin": 1.0218842549885905,
      "rev_growth_yoy": -0.7857564496961407,
      "rev_growth_yoy_accel": 0.07326228236223864,
      "fcf_margin_change": -0.17378415427205174
    },
    {
      "date": "2025-06-30T00:00:00",
      "quarter_label": "2025-06 (Q2)",
      "revenue": 962422000,
      "gross_profit": null,
      "operating_income": null,
      "net_income": 432521000,
      "opex": 346726000,
      "cogs": null,
      "rd": null,
      "sga": null,
      "fcf": 168926000,
      "ocf": 282491000,
      "capex": -113565000,
      "gross_margin": null,
      "op_margin": null,
      "fcf_margin": 0.1755217565683245,
      "rev_growth_yoy": 1.9940673774199469,
      "rev_growth_yoy_accel": 2.7798238271160876,
      "op_leverage_ratio": 123.92068990938492,
      "fcf_margin_change": -0.846362498420266
    },
    {
      "date": "2025-09-30T00:00:00",
      "quarter_label": "2025-09 (Q3)",
      "revenue": 583840000,
      "gross_profit": null,
      "operating_income": null,
      "net_income": 202103000,
      "opex": 340892000,
      "cogs": null,
      "rd": null,
      "sga": null,
      "fcf": 158217000,
      "ocf": 233761000,
      "capex": -75544000,
      "gross_margin": null,
      "op_margin": null,
      "fcf_margin": 0.2709937654151822,
      "rev_growth_yoy": 0.37628974123848163,
      "rev_growth_yoy_accel": -1.6177776361814653,
      "fcf_margin_change": 0.09547200884685772
    }
  ],
  "signals": [
    {
      "quarter": "2025-09 (Q3)",
      "signal": "FCF MARGIN EXPANSION",
      "detail": "FCF margin: +17.6% -> +27.1% (+9.5%)",
      "severity": "MEDIUM"
    },
    {
      "quarter": "2025-09 (Q3)",
      "signal": "YoY REVENUE GROWTH DECELERATION",
      "detail": "YoY growth: +37.6% vs prior quarter YoY: +199.4% (decel: -161.8%)",
      "severity": "WARNING"
    },
    {
      "quarter": "2025-06 (Q2)",
      "signal": "OPERATING LEVERAGE",
      "detail": "Rev growth +1068.2% vs OpEx growth +8.6% (leverage: 123.9x)",
      "severity": "MEDIUM"
    },
    {
      "quarter": "2025-06 (Q2)",
      "signal": "YoY REVENUE GROWTH ACCELERATION",
      "detail": "YoY growth: +199.4% vs prior quarter YoY: -78.6% (accel: +278.0%)",
      "severity": "HIGH"
    },
    {
      "quarter": "2025-03 (Q1)",
      "signal": "YoY REVENUE GROWTH ACCELERATION",
      "detail": "YoY growth: -78.6% vs prior quarter YoY: -85.9% (accel: +7.3%)",
      "severity": "MEDIUM"
    },
    {
      "quarter": "2024-12 (Q4)",
      "signal": "FCF MARGIN EXPANSION",
      "detail": "FCF margin: +13.1% -> +119.6% (+106.5%)",
      "severity": "MEDIUM"
    },
    {
      "quarter": "2024-12 (Q4)",
      "signal": "YoY REVENUE GROWTH DECELERATION",
      "detail": "YoY growth: -85.9% vs prior quarter YoY: +21.0% (decel: -106.9%)",
      "severity": "WARNING"
    },
    {
      "quarter": "2024-09 (Q3)",
      "signal": "OPERATING LEVERAGE",
      "detail": "Rev growth +32.0% vs OpEx growth +6.5% (leverage: 5.0x)",
      "severity": "MEDIUM"
    },
    {
      "quarter": "2024-09 (Q3)",
      "signal": "YoY REVENUE GROWTH ACCELERATION",
      "detail": "YoY growth: +21.0% vs prior quarter YoY: -61.7% (accel: +82.7%)",
      "severity": "HIGH"
    },
    {
      "quarter": "2024-06 (Q2)",
      "signal": "FCF MARGIN EXPANSION",
      "detail": "FCF margin: +4.4% -> +12.4% (+8.0%)",
      "severity": "MEDIUM"
    },
    {
      "quarter": "2024-06 (Q2)",
      "signal": "YoY REVENUE GROWTH ACCELERATION",
      "detail": "YoY growth: -61.7% vs prior quarter YoY: -69.9% (accel: +8.1%)",
      "severity": "MEDIUM"
    },
    {
      "quarter": "2024-03 (Q1)",
      "signal": "YoY REVENUE GROWTH DECELERATION",
      "detail": "YoY growth: -69.9% vs prior quarter YoY: -40.8% (decel: -29.0%)",
      "severity": "WARNING"
    },
    {
      "quarter": "2023-12 (Q4)",
      "signal": "FCF MARGIN EXPANSION",
      "detail": "FCF margin: +0.1% -> +5.5% (+5.4%)",
      "severity": "MEDIUM"
    },
    {
      "quarter": "2023-12 (Q4)",
      "signal": "YoY REVENUE GROWTH DECELERATION",
      "detail": "YoY growth: -40.8% vs prior quarter YoY: +199.4% (decel: -240.2%)",
      "severity": "WARNING"
    },
    {
      "quarter": "2023-09 (Q3)",
      "signal": "YoY REVENUE GROWTH ACCELERATION",
      "detail": "YoY growth: +199.4% vs prior quarter YoY: +99.7% (accel: +99.7%)",
      "severity": "HIGH"
    },
    {
      "quarter": "2022-12 (Q4)",
      "signal": "OPERATING LEVERAGE",
      "detail": "Rev growth +1298.3% vs OpEx growth +5.4% (leverage: 238.7x)",
      "severity": "MEDIUM"
    },
    {
      "quarter": "2022-09 (Q3)",
      "signal": "FCF MARGIN EXPANSION",
      "detail": "FCF margin: +13.2% -> +111.8% (+98.6%)",
      "severity": "MEDIUM"
    },
    {
      "quarter": "2022-06 (Q2)",
      "signal": "FCF TURNED POSITIVE",
      "detail": "FCF margin: -23.4% -> +13.2%",
      "severity": "HIGH"
    },
    {
      "quarter": "2022-03 (Q1)",
      "signal": "YoY REVENUE GROWTH DECELERATION",
      "detail": "YoY growth: -293.0% vs prior quarter YoY: +106.0% (decel: -399.0%)",
      "severity": "WARNING"
    },
    {
      "quarter": "2021-12 (Q4)",
      "signal": "FCF TURNED POSITIVE",
      "detail": "FCF margin: -13.4% -> +10.6%",
      "severity": "HIGH"
    },
    {
      "quarter": "2021-09 (Q3)",
      "signal": "FCF MARGIN EXPANSION",
      "detail": "FCF margin: -86.7% -> -13.4% (+73.3%)",
      "severity": "MEDIUM"
    },
    {
      "quarter": "2021-09 (Q3)",
      "signal": "OPERATING LEVERAGE",
      "detail": "Rev growth +592.0% vs OpEx growth +8.6% (leverage: 68.8x)",
      "severity": "MEDIUM"
    },
    {
      "quarter": "2021-03 (Q1)",
      "signal": "FCF MARGIN EXPANSION",
      "detail": "FCF margin: +11.0% -> +20.3% (+9.4%)",
      "severity": "MEDIUM"
    }
  ],
  "data_quality": {
    "n_quarters": 20,
    "coverage": {
      "revenue": [
        20,
        20
      ],
      "gross_profit": [
        0,
        20
      ],
      "op_income": [
        0,
        20
      ],
      "fcf": [
        20,
        20
      ]
    },
    "gaps": [],
    "warnings": [
      "gross_profit: no data",
      "op_income: no data"
    ]
  },
  "market_cap": null,
  "source": "SEC EDGAR",
  "last_updated": "2026-02-02T21:01:11.453003"
}