{
  "ticker": "CNXC",
  "name": "CONCENTRIX CORPORATION",
  "quarters": [
    {
      "date": "2021-02-28T00:00:00",
      "quarter_label": "2021-02 (Q1)",
      "revenue": 1353278000,
      "gross_profit": 486050000,
      "operating_income": 134889000,
      "net_income": 88811000,
      "opex": 351161000,
      "cogs": 867228000,
      "rd": null,
      "sga": 351161000,
      "fcf": -6066000,
      "ocf": 35884000,
      "capex": -41950000,
      "gross_margin": 0.3591649313740414,
      "op_margin": 0.09967575028929754,
      "fcf_margin": -0.004482449282409083
    },
    {
      "date": "2021-05-31T00:00:00",
      "quarter_label": "2021-05 (Q2)",
      "revenue": 1369878000,
      "gross_profit": 482729000,
      "operating_income": 128224000,
      "net_income": 82904000,
      "opex": 354505000,
      "cogs": 887149000,
      "rd": null,
      "sga": 354505000,
      "fcf": 174423000,
      "ocf": 203231000,
      "capex": -28808000,
      "gross_margin": 0.3523883148718353,
      "op_margin": 0.09360249598869388,
      "fcf_margin": 0.1273273970382764,
      "op_leverage_ratio": 1.2881340927053673,
      "fcf_margin_change": 0.1318098463206855
    },
    {
      "date": "2021-08-31T00:00:00",
      "quarter_label": "2021-08 (Q3)",
      "revenue": 1397251000,
      "gross_profit": 481341000,
      "operating_income": 151379000,
      "net_income": 109754000,
      "opex": 329962000,
      "cogs": 915910000,
      "rd": null,
      "sga": 329962000,
      "fcf": 50899000,
      "ocf": 93010000,
      "capex": -42111000,
      "gross_margin": 0.3444914335362795,
      "op_margin": 0.10834059163314251,
      "fcf_margin": 0.03642795746791378,
      "op_leverage_ratio": Infinity,
      "fcf_margin_change": -0.09089943957036262
    },
    {
      "date": "2021-11-30T00:00:00",
      "quarter_label": "2021-11 (Q4)",
      "revenue": 1466608000,
      "gross_profit": 519368000,
      "operating_income": 157905000,
      "net_income": 124108000,
      "opex": 361463000,
      "cogs": 947240000,
      "rd": null,
      "sga": 361463000,
      "fcf": 145843000,
      "ocf": 182053000,
      "capex": -36210000,
      "gross_margin": 0.3541287106029696,
      "op_margin": 0.10766680667226688,
      "fcf_margin": 0.09944238678638055,
      "op_leverage_ratio": 0.5199426666415629,
      "fcf_margin_change": 0.06301442931846676
    },
    {
      "date": "2022-02-28T00:00:00",
      "quarter_label": "2022-02 (Q1)",
      "revenue": 1536052000,
      "gross_profit": 538134000,
      "operating_income": 147745000,
      "net_income": 110273000,
      "opex": 390389000,
      "cogs": 997918000,
      "rd": null,
      "sga": 390389000,
      "fcf": -378000,
      "ocf": 45015000,
      "capex": -45393000,
      "gross_margin": 0.3503357959235755,
      "op_margin": 0.09618489478220789,
      "fcf_margin": -0.0002460854189832115,
      "incr_op_margin_yoy": 0.07033823191482377,
      "rev_growth_yoy": 0.13506020196884896,
      "op_leverage_ratio": 0.5916926106811767,
      "fcf_margin_change": -0.09968847220536377
    },
    {
      "date": "2022-05-31T00:00:00",
      "quarter_label": "2022-05 (Q2)",
      "revenue": 1568101000,
      "gross_profit": 558916000,
      "operating_income": 156912000,
      "net_income": 113142000,
      "opex": 402004000,
      "cogs": 1009185000,
      "rd": null,
      "sga": 402004000,
      "fcf": 141696000,
      "ocf": 167469000,
      "capex": -25773000,
      "gross_margin": 0.35642857188408145,
      "op_margin": 0.10006498305912694,
      "fcf_margin": 0.09036152645779832,
      "incr_op_margin_yoy": 0.14472588952846038,
      "rev_growth_yoy": 0.14470120696879576,
      "rev_growth_yoy_accel": 0.0096410049999468,
      "op_leverage_ratio": 0.7012726845182686,
      "fcf_margin_change": 0.09060761187678154
    },
    {
      "date": "2022-08-31T00:00:00",
      "quarter_label": "2022-08 (Q3)",
      "revenue": 1579602000,
      "gross_profit": 566848000,
      "operating_income": 157545000,
      "net_income": 106690000,
      "opex": 409303000,
      "cogs": 1012754000,
      "rd": null,
      "sga": 409303000,
      "fcf": 126447000,
      "ocf": 152557000,
      "capex": -26110000,
      "gross_margin": 0.358854952070205,
      "op_margin": 0.09973714897803371,
      "fcf_margin": 0.0800499113067722,
      "incr_op_margin_yoy": 0.03381390834160493,
      "rev_growth_yoy": 0.13050697405119052,
      "rev_growth_yoy_accel": -0.014194232917605243,
      "fcf_margin_change": -0.010311615151026118
    },
    {
      "date": "2022-11-30T00:00:00",
      "quarter_label": "2022-11 (Q4)",
      "revenue": 1640718000,
      "gross_profit": 593365000,
      "operating_income": 177990000,
      "net_income": 104944000,
      "opex": 415375000,
      "cogs": 1047353000,
      "rd": null,
      "sga": 415375000,
      "fcf": 192937000,
      "ocf": 235679000,
      "capex": -42742000,
      "gross_margin": 0.36164959487248877,
      "op_margin": 0.10848299342117293,
      "fcf_margin": 0.11759302939322906,
      "incr_op_margin_yoy": 0.11535810694388605,
      "rev_growth_yoy": 0.11871611228085487,
      "rev_growth_yoy_accel": -0.011790861770335656,
      "op_leverage_ratio": 2.6080770180798982,
      "fcf_margin_change": 0.037543118086456856
    },
    {
      "date": "2023-02-28T00:00:00",
      "quarter_label": "2023-02 (Q1)",
      "revenue": 1636404000,
      "gross_profit": 581161000,
      "operating_income": 156047000,
      "net_income": 87870000,
      "opex": 425114000,
      "cogs": 1055243000,
      "rd": null,
      "sga": 425114000,
      "fcf": 64296000,
      "ocf": 103893000,
      "capex": -39597000,
      "gross_margin": 0.3551451841965676,
      "op_margin": 0.0953597033495396,
      "fcf_margin": 0.03929103082123974,
      "incr_op_margin_yoy": 0.08272879464285714,
      "rev_growth_yoy": 0.06533112160265407,
      "rev_growth_yoy_accel": -0.053384990678200794,
      "fcf_margin_change": -0.07830199857198933
    },
    {
      "date": "2023-05-31T00:00:00",
      "quarter_label": "2023-05 (Q2)",
      "revenue": 1614706000,
      "gross_profit": 580225000,
      "operating_income": 162566000,
      "net_income": 78850000,
      "opex": 417659000,
      "cogs": 1034481000,
      "rd": null,
      "sga": 417659000,
      "fcf": 101251000,
      "ocf": 133435000,
      "capex": -32184000,
      "gross_margin": 0.35933786088613034,
      "op_margin": 0.1006783897502084,
      "fcf_margin": 0.06270553277191018,
      "incr_op_margin_yoy": 0.1213174552086686,
      "rev_growth_yoy": 0.029720662125717667,
      "rev_growth_yoy_accel": -0.035610459476936404,
      "fcf_margin_change": 0.023414501950670442
    },
    {
      "date": "2023-08-31T00:00:00",
      "quarter_label": "2023-08 (Q3)",
      "revenue": 1632834000,
      "gross_profit": 593692000,
      "operating_income": 162267000,
      "net_income": 77635000,
      "opex": 431425000,
      "cogs": 1039142000,
      "rd": null,
      "sga": 431425000,
      "fcf": 167480000,
      "ocf": 211416000,
      "capex": -43936000,
      "gross_margin": 0.3635960544672637,
      "op_margin": 0.09937752398590426,
      "fcf_margin": 0.1025701326650474,
      "incr_op_margin_yoy": 0.08870604147880974,
      "rev_growth_yoy": 0.03369962813417557,
      "rev_growth_yoy_accel": 0.0039789660084579015,
      "op_leverage_ratio": 0.340620288591602,
      "fcf_margin_change": 0.03986459989313722
    },
    {
      "date": "2023-11-30T00:00:00",
      "quarter_label": "2023-11 (Q4)",
      "revenue": 2230762000,
      "gross_profit": 822857000,
      "operating_income": 180447000,
      "net_income": 69487000,
      "opex": 642410000,
      "cogs": 1407905000,
      "rd": null,
      "sga": 642410000,
      "fcf": 164449000,
      "ocf": 229264000,
      "capex": -64815000,
      "gross_margin": 0.36886812667599683,
      "op_margin": 0.08089029667889268,
      "fcf_margin": 0.07371875619183041,
      "incr_op_margin_yoy": 0.004164096236890808,
      "rev_growth_yoy": 0.3596254810393986,
      "rev_growth_yoy_accel": 0.325925852905223,
      "op_leverage_ratio": 0.7487909448238418,
      "fcf_margin_change": -0.02885137647321699
    },
    {
      "date": "2024-02-29T00:00:00",
      "quarter_label": "2024-02 (Q1)",
      "revenue": 2402748000,
      "gross_profit": 856529000,
      "operating_income": 148439000,
      "net_income": 52102000,
      "opex": 708090000,
      "cogs": 1546219000,
      "rd": null,
      "sga": 708090000,
      "fcf": -102929000,
      "ocf": -46870000,
      "capex": -56059000,
      "gross_margin": 0.3564789149756862,
      "op_margin": 0.06177884655402897,
      "fcf_margin": -0.04283803378464991,
      "incr_op_margin_yoy": -0.009927656509348282,
      "rev_growth_yoy": 0.4683097816920516,
      "rev_growth_yoy_accel": 0.108684300652653,
      "op_leverage_ratio": 0.7540827507594694,
      "fcf_margin_change": -0.11655678997648032
    },
    {
      "date": "2024-05-31T00:00:00",
      "quarter_label": "2024-05 (Q2)",
      "revenue": 2380716000,
      "gross_profit": 857569000,
      "operating_income": 150170000,
      "net_income": 66834000,
      "opex": 707399000,
      "cogs": 1523147000,
      "rd": null,
      "sga": 707399000,
      "fcf": 178253000,
      "ocf": 238339000,
      "capex": -60086000,
      "gross_margin": 0.36021474211959764,
      "op_margin": 0.06307766235031814,
      "fcf_margin": 0.07487369346028673,
      "incr_op_margin_yoy": -0.016182556363493947,
      "rev_growth_yoy": 0.47439595814965696,
      "rev_growth_yoy_accel": 0.006086176457605341,
      "fcf_margin_change": 0.11771172724493664
    },
    {
      "date": "2024-08-31T00:00:00",
      "quarter_label": "2024-08 (Q3)",
      "revenue": 2387412000,
      "gross_profit": 864192000,
      "operating_income": 153242000,
      "net_income": 16631000,
      "opex": 710950000,
      "cogs": 1523220000,
      "rd": null,
      "sga": 710950000,
      "fcf": 128876000,
      "ocf": 191622000,
      "capex": -62746000,
      "gross_margin": 0.36197857763972036,
      "op_margin": 0.06418749675380706,
      "fcf_margin": 0.05398146612314925,
      "incr_op_margin_yoy": -0.011960327494308077,
      "rev_growth_yoy": 0.4621278096854916,
      "rev_growth_yoy_accel": -0.012268148464165352,
      "fcf_margin_change": -0.020892227337137477
    },
    {
      "date": "2024-11-30T00:00:00",
      "quarter_label": "2024-11 (Q4)",
      "revenue": 2448024000,
      "gross_profit": 870597000,
      "operating_income": 144536000,
      "net_income": 115650000,
      "opex": 726061000,
      "cogs": 1577427000,
      "rd": null,
      "sga": 726061000,
      "fcf": 224530000,
      "ocf": 284401000,
      "capex": -59871000,
      "gross_margin": 0.35563254281820766,
      "op_margin": 0.05904190481792662,
      "fcf_margin": 0.09171887203720225,
      "incr_op_margin_yoy": -0.16528891384595557,
      "rev_growth_yoy": 0.09739362603451197,
      "rev_growth_yoy_accel": -0.36473418365097965,
      "op_leverage_ratio": 1.1944750840220353,
      "fcf_margin_change": 0.037737405914052995
    },
    {
      "date": "2025-02-28T00:00:00",
      "quarter_label": "2025-02 (Q1)",
      "revenue": 2372222000,
      "gross_profit": 855899000,
      "operating_income": 168867000,
      "net_income": 70257000,
      "opex": 687032000,
      "cogs": 1516323000,
      "rd": null,
      "sga": 687032000,
      "fcf": -49210000,
      "ocf": 1408000,
      "capex": -50618000,
      "gross_margin": 0.36080054902112874,
      "op_margin": 0.07118515889322331,
      "fcf_margin": -0.02074426423833857,
      "incr_op_margin_yoy": -0.6692000262071677,
      "rev_growth_yoy": -0.012704619876907608,
      "rev_growth_yoy_accel": -0.11009824591141958,
      "fcf_margin_change": -0.11246313627554082
    },
    {
      "date": "2025-05-31T00:00:00",
      "quarter_label": "2025-05 (Q2)",
      "revenue": 2417371000,
      "gross_profit": 848148000,
      "operating_income": 148345000,
      "net_income": 42093000,
      "opex": 699803000,
      "cogs": 1569223000,
      "rd": null,
      "sga": 699803000,
      "fcf": 180744000,
      "ocf": 236536000,
      "capex": -55792000,
      "gross_margin": 0.35085553686215315,
      "op_margin": 0.061366252842447434,
      "fcf_margin": 0.07476882944322572,
      "incr_op_margin_yoy": -0.049788569090165054,
      "rev_growth_yoy": 0.015396628577285153,
      "rev_growth_yoy_accel": 0.028101248454192762,
      "op_leverage_ratio": 1.023870115800235,
      "fcf_margin_change": 0.09551309368156428
    },
    {
      "date": "2025-08-31T00:00:00",
      "quarter_label": "2025-08 (Q3)",
      "revenue": 2483253000,
      "gross_profit": 855007000,
      "operating_income": 146984000,
      "net_income": 88110000,
      "opex": 708023000,
      "cogs": 1628246000,
      "rd": null,
      "sga": 708023000,
      "fcf": 159749000,
      "ocf": 224803000,
      "capex": -65054000,
      "gross_margin": 0.3443092588632733,
      "op_margin": 0.05919010265969678,
      "fcf_margin": 0.06433053740396166,
      "incr_op_margin_yoy": -0.06529564591354431,
      "rev_growth_yoy": 0.04014430688963614,
      "rev_growth_yoy_accel": 0.024747678312350987,
      "op_leverage_ratio": 2.32021082844115,
      "fcf_margin_change": -0.010438292039264052
    },
    {
      "date": "2025-11-30T00:00:00",
      "quarter_label": "2025-11 (Q4)",
      "revenue": 2552925000,
      "gross_profit": 875957000,
      "operating_income": -1382379000,
      "net_income": -1479384000,
      "opex": 2258336000,
      "cogs": 1676968000,
      "rd": null,
      "sga": 730610000,
      "fcf": 281188000,
      "ocf": 344220000,
      "capex": -63032000,
      "gross_margin": 0.3431189713759707,
      "op_margin": -0.5414882928405652,
      "fcf_margin": 0.11014346289060588,
      "incr_op_margin_yoy": -14.555771632300932,
      "rev_growth_yoy": 0.04285129557553357,
      "rev_growth_yoy_accel": 0.0027069886858974296,
      "op_leverage_ratio": 0.012813426611926483,
      "fcf_margin_change": 0.045812925486644215
    }
  ],
  "signals": [
    {
      "quarter": "2025-08 (Q3)",
      "signal": "OPERATING LEVERAGE",
      "detail": "Rev growth +2.7% vs OpEx growth +1.2% (leverage: 2.3x)",
      "severity": "MEDIUM"
    },
    {
      "quarter": "2025-05 (Q2)",
      "signal": "FCF TURNED POSITIVE",
      "detail": "FCF margin: -2.1% -> +7.5%",
      "severity": "HIGH"
    },
    {
      "quarter": "2025-02 (Q1)",
      "signal": "YoY REVENUE GROWTH DECELERATION",
      "detail": "YoY growth: -1.3% vs prior quarter YoY: +9.7% (decel: -11.0%)",
      "severity": "WARNING"
    },
    {
      "quarter": "2024-11 (Q4)",
      "signal": "YoY REVENUE GROWTH DECELERATION",
      "detail": "YoY growth: +9.7% vs prior quarter YoY: +46.2% (decel: -36.5%)",
      "severity": "WARNING"
    },
    {
      "quarter": "2024-05 (Q2)",
      "signal": "FCF TURNED POSITIVE",
      "detail": "FCF margin: -4.3% -> +7.5%",
      "severity": "HIGH"
    },
    {
      "quarter": "2024-02 (Q1)",
      "signal": "YoY REVENUE GROWTH ACCELERATION",
      "detail": "YoY growth: +46.8% vs prior quarter YoY: +36.0% (accel: +10.9%)",
      "severity": "MEDIUM"
    },
    {
      "quarter": "2023-11 (Q4)",
      "signal": "YoY REVENUE GROWTH ACCELERATION",
      "detail": "YoY growth: +36.0% vs prior quarter YoY: +3.4% (accel: +32.6%)",
      "severity": "HIGH"
    },
    {
      "quarter": "2023-02 (Q1)",
      "signal": "YoY REVENUE GROWTH DECELERATION",
      "detail": "YoY growth: +6.5% vs prior quarter YoY: +11.9% (decel: -5.3%)",
      "severity": "WARNING"
    },
    {
      "quarter": "2022-11 (Q4)",
      "signal": "OPERATING LEVERAGE",
      "detail": "Rev growth +3.9% vs OpEx growth +1.5% (leverage: 2.6x)",
      "severity": "MEDIUM"
    },
    {
      "quarter": "2022-05 (Q2)",
      "signal": "FCF TURNED POSITIVE",
      "detail": "FCF margin: -0.0% -> +9.0%",
      "severity": "HIGH"
    },
    {
      "quarter": "2021-11 (Q4)",
      "signal": "FCF MARGIN EXPANSION",
      "detail": "FCF margin: +3.6% -> +9.9% (+6.3%)",
      "severity": "MEDIUM"
    },
    {
      "quarter": "2021-05 (Q2)",
      "signal": "FCF TURNED POSITIVE",
      "detail": "FCF margin: -0.4% -> +12.7%",
      "severity": "HIGH"
    }
  ],
  "data_quality": {
    "n_quarters": 20,
    "coverage": {
      "revenue": [
        20,
        20
      ],
      "gross_profit": [
        20,
        20
      ],
      "op_income": [
        20,
        20
      ],
      "fcf": [
        20,
        20
      ]
    },
    "gaps": [],
    "warnings": []
  },
  "market_cap": null,
  "source": "SEC EDGAR",
  "last_updated": "2026-02-02T21:28:35.990788",
  "sector": "Technology",
  "industry": "Information Technology Services"
}