{
  "ticker": "CODQL",
  "name": "Coronado Global Resources Inc.",
  "quarters": [
    {
      "date": "2020-12-31T00:00:00",
      "quarter_label": "2020-12 (Q4)",
      "revenue": 372212000,
      "gross_profit": 102536000,
      "operating_income": -55918000,
      "net_income": -61485000,
      "opex": 428133000,
      "cogs": 269676000,
      "rd": null,
      "sga": 10214000,
      "fcf": 2476000,
      "ocf": 35095000,
      "capex": -32619000,
      "gross_margin": 0.27547741609620324,
      "op_margin": -0.15023158844959325,
      "fcf_margin": 0.00665212298367597
    },
    {
      "date": "2021-03-31T00:00:00",
      "quarter_label": "2021-03 (Q1)",
      "revenue": 376111000,
      "gross_profit": 102008000,
      "operating_income": -45755000,
      "net_income": -40970000,
      "opex": 421866000,
      "cogs": 274103000,
      "rd": null,
      "sga": 5775000,
      "fcf": -23365000,
      "ocf": 5239000,
      "capex": -28604000,
      "gross_margin": 0.2712178053819218,
      "op_margin": -0.1216529162933283,
      "fcf_margin": -0.06212261805690342,
      "op_leverage_ratio": Infinity,
      "fcf_margin_change": -0.06877474104057939
    },
    {
      "date": "2021-06-30T00:00:00",
      "quarter_label": "2021-06 (Q2)",
      "revenue": 424256000,
      "gross_profit": 118101000,
      "operating_income": -26997000,
      "net_income": -55085000,
      "opex": 451253000,
      "cogs": 306155000,
      "rd": null,
      "sga": 7431000,
      "fcf": 21982000,
      "ocf": 51685000,
      "capex": -29703000,
      "gross_margin": 0.27837202066676725,
      "op_margin": -0.06363374943430382,
      "fcf_margin": 0.051813056267913715,
      "op_leverage_ratio": 1.8376145797441827,
      "fcf_margin_change": 0.11393567432481713
    },
    {
      "date": "2021-09-30T00:00:00",
      "quarter_label": "2021-09 (Q3)",
      "revenue": 573591000,
      "gross_profit": 264078000,
      "operating_income": 108157000,
      "net_income": 81988000,
      "opex": 465434000,
      "cogs": 309513000,
      "rd": null,
      "sga": 8044000,
      "fcf": 96601000,
      "ocf": 114191000,
      "capex": -17590000,
      "gross_margin": 0.4603942530479035,
      "op_margin": 0.18856118732685834,
      "fcf_margin": 0.16841442770196882,
      "op_leverage_ratio": 11.200743669118662,
      "fcf_margin_change": 0.1166013714340551
    },
    {
      "date": "2021-12-31T00:00:00",
      "quarter_label": "2021-12 (Q4)",
      "revenue": 774513000,
      "gross_profit": 469034000,
      "operating_income": null,
      "net_income": 203492000,
      "opex": 507554000,
      "cogs": 305479000,
      "rd": null,
      "sga": 9416000,
      "fcf": 257135000,
      "ocf": 270899000,
      "capex": -13764000,
      "gross_margin": 0.6055857035324133,
      "op_margin": null,
      "fcf_margin": 0.33199571859994603,
      "rev_growth_yoy": 1.0808383394409637,
      "op_leverage_ratio": 3.8707480797700136,
      "fcf_margin_change": 0.1635812908979772
    },
    {
      "date": "2022-03-31T00:00:00",
      "quarter_label": "2022-03 (Q1)",
      "revenue": 947125000,
      "gross_profit": 589625000,
      "operating_income": null,
      "net_income": 269898000,
      "opex": 574734000,
      "cogs": 357500000,
      "rd": null,
      "sga": 7876000,
      "fcf": 134081000,
      "ocf": 171849000,
      "capex": -37768000,
      "gross_margin": 0.622541903127887,
      "op_margin": null,
      "fcf_margin": 0.14156631912366371,
      "rev_growth_yoy": 1.5182060615084376,
      "rev_growth_yoy_accel": 0.4373677220674739,
      "op_leverage_ratio": 1.6837768268582278,
      "fcf_margin_change": -0.19042939947628232
    },
    {
      "date": "2022-06-30T00:00:00",
      "quarter_label": "2022-06 (Q2)",
      "revenue": 1032704000,
      "gross_profit": 635241000,
      "operating_income": null,
      "net_income": 291995000,
      "opex": 646129000,
      "cogs": 397463000,
      "rd": null,
      "sga": 10376000,
      "fcf": 296336000,
      "ocf": 346443000,
      "capex": -50107000,
      "gross_margin": 0.6151239851883986,
      "op_margin": null,
      "fcf_margin": 0.28695153693604364,
      "rev_growth_yoy": 1.4341529642480013,
      "rev_growth_yoy_accel": -0.0840530972604363,
      "op_leverage_ratio": 0.7273760531554357,
      "fcf_margin_change": 0.14538521781237992
    },
    {
      "date": "2022-09-30T00:00:00",
      "quarter_label": "2022-09 (Q3)",
      "revenue": 874657000,
      "gross_profit": 489153000,
      "operating_income": null,
      "net_income": 150575000,
      "opex": 688349000,
      "cogs": 385504000,
      "rd": null,
      "sga": 10405000,
      "fcf": 373039000,
      "ocf": 427092000,
      "capex": -54053000,
      "gross_margin": 0.5592512264807805,
      "op_margin": null,
      "fcf_margin": 0.42649747272359334,
      "rev_growth_yoy": 0.524879225789805,
      "rev_growth_yoy_accel": -0.9092737384581964,
      "fcf_margin_change": 0.1395459357875497
    },
    {
      "date": "2022-12-31T00:00:00",
      "quarter_label": "2022-12 (Q4)",
      "revenue": 717056000,
      "gross_profit": 341938000,
      "operating_income": null,
      "net_income": 59235000,
      "opex": 616059000,
      "cogs": 375118000,
      "rd": null,
      "sga": 13842000,
      "fcf": -76529000,
      "ocf": -18741000,
      "capex": -57788000,
      "gross_margin": 0.4768637317029632,
      "op_margin": null,
      "fcf_margin": -0.10672667127811496,
      "rev_growth_yoy": -0.07418468121258133,
      "rev_growth_yoy_accel": -0.5990639070023863,
      "fcf_margin_change": -0.5332241440017083
    },
    {
      "date": "2023-03-31T00:00:00",
      "quarter_label": "2023-03 (Q1)",
      "revenue": 765714000,
      "gross_profit": 385240000,
      "operating_income": null,
      "net_income": null,
      "opex": 616189000,
      "cogs": 380474000,
      "rd": null,
      "sga": 7774000,
      "fcf": 168787000,
      "ocf": 223626000,
      "capex": -54839000,
      "gross_margin": 0.5031121280269134,
      "op_margin": null,
      "fcf_margin": 0.22043086583241261,
      "rev_growth_yoy": -0.19153860366899828,
      "rev_growth_yoy_accel": -0.11735392245641695,
      "op_leverage_ratio": Infinity,
      "fcf_margin_change": 0.3271575371105276
    },
    {
      "date": "2023-06-30T00:00:00",
      "quarter_label": "2023-06 (Q2)",
      "revenue": 727526000,
      "gross_profit": 346564000,
      "operating_income": null,
      "net_income": null,
      "opex": 606264000,
      "cogs": 380962000,
      "rd": null,
      "sga": 9981000,
      "fcf": -49766000,
      "ocf": 248000,
      "capex": -50014000,
      "gross_margin": 0.4763596077665953,
      "op_margin": null,
      "fcf_margin": -0.068404428157894,
      "rev_growth_yoy": -0.2955135256569162,
      "rev_growth_yoy_accel": -0.10397492198791791,
      "fcf_margin_change": -0.2888352939903066
    },
    {
      "date": "2023-09-30T00:00:00",
      "quarter_label": "2023-09 (Q3)",
      "revenue": 717830000,
      "gross_profit": 216359000,
      "operating_income": null,
      "net_income": null,
      "opex": 749987000,
      "cogs": 501471000,
      "rd": null,
      "sga": 12221000,
      "fcf": -77782000,
      "ocf": -193000,
      "capex": -77589000,
      "gross_margin": 0.30140701837482414,
      "op_margin": null,
      "fcf_margin": -0.10835713191145536,
      "rev_growth_yoy": -0.179301143190988,
      "rev_growth_yoy_accel": 0.11621238246592819,
      "fcf_margin_change": -0.03995270375356136
    },
    {
      "date": "2023-12-31T00:00:00",
      "quarter_label": "2023-12 (Q4)",
      "revenue": 679533000,
      "gross_profit": 210810000,
      "operating_income": null,
      "net_income": null,
      "opex": 746193000,
      "cogs": 468723000,
      "rd": null,
      "sga": 54201000,
      "fcf": -10162000,
      "ocf": 44601000,
      "capex": -54763000,
      "gross_margin": 0.3102277593582652,
      "op_margin": null,
      "fcf_margin": -0.014954387792792992,
      "rev_growth_yoy": -0.05232924625133881,
      "rev_growth_yoy_accel": 0.1269718969396492,
      "fcf_margin_change": 0.09340274411866237
    },
    {
      "date": "2024-03-31T00:00:00",
      "quarter_label": "2024-03 (Q1)",
      "revenue": 668149000,
      "gross_profit": 195628000,
      "operating_income": null,
      "net_income": null,
      "opex": 700118000,
      "cogs": 472521000,
      "rd": null,
      "sga": 8815000,
      "fcf": -108707000,
      "ocf": -53776000,
      "capex": -54931000,
      "gross_margin": 0.29279097925762065,
      "op_margin": null,
      "fcf_margin": -0.1626987393530485,
      "rev_growth_yoy": -0.1274170251556064,
      "rev_growth_yoy_accel": -0.0750877789042676,
      "fcf_margin_change": -0.1477443515602555
    },
    {
      "date": "2024-06-30T00:00:00",
      "quarter_label": "2024-06 (Q2)",
      "revenue": 673828000,
      "gross_profit": 301085000,
      "operating_income": null,
      "net_income": null,
      "opex": 607232000,
      "cogs": 372743000,
      "rd": null,
      "sga": 8646000,
      "fcf": -3675000,
      "ocf": 64871000,
      "capex": -68546000,
      "gross_margin": 0.4468276770926705,
      "op_margin": null,
      "fcf_margin": -0.005453914055218839,
      "rev_growth_yoy": -0.0738090459997306,
      "rev_growth_yoy_accel": 0.05360797915587581,
      "fcf_margin_change": 0.15724482529782965
    },
    {
      "date": "2024-09-30T00:00:00",
      "quarter_label": "2024-09 (Q3)",
      "revenue": 608215000,
      "gross_profit": 142102000,
      "operating_income": null,
      "net_income": null,
      "opex": 675383000,
      "cogs": 466113000,
      "rd": null,
      "sga": 9174000,
      "fcf": -77293000,
      "ocf": 377000,
      "capex": -77670000,
      "gross_margin": 0.23363777611535394,
      "op_margin": null,
      "fcf_margin": -0.12708170630451404,
      "rev_growth_yoy": -0.1527032862934121,
      "rev_growth_yoy_accel": -0.0788942402936815,
      "fcf_margin_change": -0.12162779224929521
    },
    {
      "date": "2024-12-31T00:00:00",
      "quarter_label": "2024-12 (Q4)",
      "revenue": 557521000,
      "gross_profit": 153911000,
      "operating_income": null,
      "net_income": null,
      "opex": 604523000,
      "cogs": 403610000,
      "rd": null,
      "sga": 10309000,
      "fcf": 15572000,
      "ocf": 62567000,
      "capex": -46995000,
      "gross_margin": 0.2760631438098296,
      "op_margin": null,
      "fcf_margin": 0.027930786463648903,
      "rev_growth_yoy": -0.17955272223718347,
      "rev_growth_yoy_accel": -0.02684943594377137,
      "fcf_margin_change": 0.15501249276816295
    },
    {
      "date": "2025-03-31T00:00:00",
      "quarter_label": "2025-03 (Q1)",
      "revenue": 449248000,
      "gross_profit": 58957000,
      "operating_income": null,
      "net_income": null,
      "opex": 562539000,
      "cogs": 390291000,
      "rd": null,
      "sga": 8333000,
      "fcf": -109323000,
      "ocf": -37265000,
      "capex": -72058000,
      "gross_margin": 0.1312348635942731,
      "op_margin": null,
      "fcf_margin": -0.2433466593062184,
      "rev_growth_yoy": -0.32762303019236727,
      "rev_growth_yoy_accel": -0.1480703079551838,
      "fcf_margin_change": -0.2712774457698673
    },
    {
      "date": "2025-06-30T00:00:00",
      "quarter_label": "2025-06 (Q2)",
      "revenue": 467879000,
      "gross_profit": 128247000,
      "operating_income": null,
      "net_income": null,
      "opex": 515391000,
      "cogs": 339632000,
      "rd": null,
      "sga": 7600000,
      "fcf": 2010000,
      "ocf": 77353000,
      "capex": -75343000,
      "gross_margin": 0.2741029197719923,
      "op_margin": null,
      "fcf_margin": 0.004295982508298085,
      "rev_growth_yoy": -0.3056403117709564,
      "rev_growth_yoy_accel": 0.021982718421410863,
      "op_leverage_ratio": Infinity,
      "fcf_margin_change": 0.24764264181451648
    },
    {
      "date": "2025-09-30T00:00:00",
      "quarter_label": "2025-09 (Q3)",
      "revenue": 482127000,
      "gross_profit": 121539000,
      "operating_income": null,
      "net_income": null,
      "opex": 554071000,
      "cogs": 360588000,
      "rd": null,
      "sga": 7541000,
      "fcf": -44710000,
      "ocf": 14762000,
      "capex": -59472000,
      "gross_margin": 0.25208917982191414,
      "op_margin": null,
      "fcf_margin": -0.09273490179973326,
      "rev_growth_yoy": -0.20730827092393314,
      "rev_growth_yoy_accel": 0.09833204084702327,
      "op_leverage_ratio": 0.4057613889172457,
      "fcf_margin_change": -0.09703088430803135
    }
  ],
  "signals": [
    {
      "quarter": "2025-09 (Q3)",
      "signal": "YoY REVENUE GROWTH ACCELERATION",
      "detail": "YoY growth: -20.7% vs prior quarter YoY: -30.6% (accel: +9.8%)",
      "severity": "MEDIUM"
    },
    {
      "quarter": "2025-06 (Q2)",
      "signal": "FCF TURNED POSITIVE",
      "detail": "FCF margin: -24.3% -> +0.4%",
      "severity": "HIGH"
    },
    {
      "quarter": "2025-06 (Q2)",
      "signal": "GROSS MARGIN INFLECTION",
      "detail": "GM: +27.6% -> +13.1% -> +27.4% (reversal +14.3%)",
      "severity": "HIGH"
    },
    {
      "quarter": "2025-03 (Q1)",
      "signal": "YoY REVENUE GROWTH DECELERATION",
      "detail": "YoY growth: -32.8% vs prior quarter YoY: -18.0% (decel: -14.8%)",
      "severity": "WARNING"
    },
    {
      "quarter": "2024-12 (Q4)",
      "signal": "FCF TURNED POSITIVE",
      "detail": "FCF margin: -12.7% -> +2.8%",
      "severity": "HIGH"
    },
    {
      "quarter": "2024-12 (Q4)",
      "signal": "GROSS MARGIN INFLECTION",
      "detail": "GM: +44.7% -> +23.4% -> +27.6% (reversal +4.2%)",
      "severity": "MEDIUM"
    },
    {
      "quarter": "2024-09 (Q3)",
      "signal": "YoY REVENUE GROWTH DECELERATION",
      "detail": "YoY growth: -15.3% vs prior quarter YoY: -7.4% (decel: -7.9%)",
      "severity": "WARNING"
    },
    {
      "quarter": "2024-06 (Q2)",
      "signal": "FCF MARGIN EXPANSION",
      "detail": "FCF margin: -16.3% -> -0.5% (+15.7%)",
      "severity": "MEDIUM"
    },
    {
      "quarter": "2024-06 (Q2)",
      "signal": "GROSS MARGIN INFLECTION",
      "detail": "GM: +31.0% -> +29.3% -> +44.7% (reversal +15.4%)",
      "severity": "HIGH"
    },
    {
      "quarter": "2024-06 (Q2)",
      "signal": "YoY REVENUE GROWTH ACCELERATION",
      "detail": "YoY growth: -7.4% vs prior quarter YoY: -12.7% (accel: +5.4%)",
      "severity": "MEDIUM"
    },
    {
      "quarter": "2024-03 (Q1)",
      "signal": "YoY REVENUE GROWTH DECELERATION",
      "detail": "YoY growth: -12.7% vs prior quarter YoY: -5.2% (decel: -7.5%)",
      "severity": "WARNING"
    },
    {
      "quarter": "2023-12 (Q4)",
      "signal": "FCF MARGIN EXPANSION",
      "detail": "FCF margin: -10.8% -> -1.5% (+9.3%)",
      "severity": "MEDIUM"
    },
    {
      "quarter": "2023-12 (Q4)",
      "signal": "YoY REVENUE GROWTH ACCELERATION",
      "detail": "YoY growth: -5.2% vs prior quarter YoY: -17.9% (accel: +12.7%)",
      "severity": "MEDIUM"
    },
    {
      "quarter": "2023-09 (Q3)",
      "signal": "YoY REVENUE GROWTH ACCELERATION",
      "detail": "YoY growth: -17.9% vs prior quarter YoY: -29.6% (accel: +11.6%)",
      "severity": "MEDIUM"
    },
    {
      "quarter": "2023-06 (Q2)",
      "signal": "YoY REVENUE GROWTH DECELERATION",
      "detail": "YoY growth: -29.6% vs prior quarter YoY: -19.2% (decel: -10.4%)",
      "severity": "WARNING"
    },
    {
      "quarter": "2023-03 (Q1)",
      "signal": "FCF TURNED POSITIVE",
      "detail": "FCF margin: -10.7% -> +22.0%",
      "severity": "HIGH"
    },
    {
      "quarter": "2023-03 (Q1)",
      "signal": "OPERATING LEVERAGE",
      "detail": "Rev growth +6.8% vs OpEx growth +0.0% (leverage: 321.6x)",
      "severity": "MEDIUM"
    },
    {
      "quarter": "2023-03 (Q1)",
      "signal": "GROSS MARGIN INFLECTION",
      "detail": "GM: +55.9% -> +47.7% -> +50.3% (reversal +2.6%)",
      "severity": "MEDIUM"
    },
    {
      "quarter": "2023-03 (Q1)",
      "signal": "YoY REVENUE GROWTH DECELERATION",
      "detail": "YoY growth: -19.2% vs prior quarter YoY: -7.4% (decel: -11.7%)",
      "severity": "WARNING"
    },
    {
      "quarter": "2022-12 (Q4)",
      "signal": "YoY REVENUE GROWTH DECELERATION",
      "detail": "YoY growth: -7.4% vs prior quarter YoY: +52.5% (decel: -59.9%)",
      "severity": "WARNING"
    },
    {
      "quarter": "2022-09 (Q3)",
      "signal": "FCF MARGIN EXPANSION",
      "detail": "FCF margin: +28.7% -> +42.6% (+14.0%)",
      "severity": "MEDIUM"
    },
    {
      "quarter": "2022-09 (Q3)",
      "signal": "YoY REVENUE GROWTH DECELERATION",
      "detail": "YoY growth: +52.5% vs prior quarter YoY: +143.4% (decel: -90.9%)",
      "severity": "WARNING"
    },
    {
      "quarter": "2022-06 (Q2)",
      "signal": "FCF MARGIN EXPANSION",
      "detail": "FCF margin: +14.2% -> +28.7% (+14.5%)",
      "severity": "MEDIUM"
    },
    {
      "quarter": "2022-06 (Q2)",
      "signal": "YoY REVENUE GROWTH DECELERATION",
      "detail": "YoY growth: +143.4% vs prior quarter YoY: +151.8% (decel: -8.4%)",
      "severity": "WARNING"
    },
    {
      "quarter": "2022-03 (Q1)",
      "signal": "OPERATING LEVERAGE",
      "detail": "Rev growth +22.3% vs OpEx growth +13.2% (leverage: 1.7x)",
      "severity": "MEDIUM"
    },
    {
      "quarter": "2022-03 (Q1)",
      "signal": "YoY REVENUE GROWTH ACCELERATION",
      "detail": "YoY growth: +151.8% vs prior quarter YoY: +108.1% (accel: +43.7%)",
      "severity": "HIGH"
    },
    {
      "quarter": "2021-12 (Q4)",
      "signal": "FCF MARGIN EXPANSION",
      "detail": "FCF margin: +16.8% -> +33.2% (+16.4%)",
      "severity": "MEDIUM"
    },
    {
      "quarter": "2021-12 (Q4)",
      "signal": "OPERATING LEVERAGE",
      "detail": "Rev growth +35.0% vs OpEx growth +9.0% (leverage: 3.9x)",
      "severity": "MEDIUM"
    },
    {
      "quarter": "2021-09 (Q3)",
      "signal": "FCF MARGIN EXPANSION",
      "detail": "FCF margin: +5.2% -> +16.8% (+11.7%)",
      "severity": "MEDIUM"
    },
    {
      "quarter": "2021-09 (Q3)",
      "signal": "OPERATING LEVERAGE",
      "detail": "Rev growth +35.2% vs OpEx growth +3.1% (leverage: 11.2x)",
      "severity": "MEDIUM"
    },
    {
      "quarter": "2021-09 (Q3)",
      "signal": "OP MARGIN TURNED POSITIVE (QoQ)",
      "detail": "Op margin: -6.4% -> +18.9%",
      "severity": "HIGH"
    },
    {
      "quarter": "2021-06 (Q2)",
      "signal": "FCF TURNED POSITIVE",
      "detail": "FCF margin: -6.2% -> +5.2%",
      "severity": "HIGH"
    },
    {
      "quarter": "2021-06 (Q2)",
      "signal": "OPERATING LEVERAGE",
      "detail": "Rev growth +12.8% vs OpEx growth +7.0% (leverage: 1.8x)",
      "severity": "MEDIUM"
    }
  ],
  "data_quality": {
    "n_quarters": 20,
    "coverage": {
      "revenue": [
        20,
        20
      ],
      "gross_profit": [
        20,
        20
      ],
      "op_income": [
        4,
        20
      ],
      "fcf": [
        20,
        20
      ]
    },
    "gaps": [],
    "warnings": [
      "op_income: 4/20Q"
    ]
  },
  "market_cap": null,
  "source": "SEC EDGAR",
  "last_updated": "2026-02-03T00:56:14.935302"
}