{
  "ticker": "COF-PK",
  "name": "CAPITAL ONE FINANCIAL CORP",
  "quarters": [
    {
      "date": "2020-12-31T00:00:00",
      "quarter_label": "2020-12 (Q4)",
      "revenue": 7337000000,
      "gross_profit": null,
      "operating_income": null,
      "net_income": 2566000000,
      "opex": null,
      "cogs": null,
      "rd": null,
      "sga": null,
      "fcf": 4460000000,
      "ocf": 4627000000,
      "capex": -167000000,
      "gross_margin": null,
      "op_margin": null,
      "fcf_margin": 0.607877879242197
    },
    {
      "date": "2021-03-31T00:00:00",
      "quarter_label": "2021-03 (Q1)",
      "revenue": 7113000000,
      "gross_profit": null,
      "operating_income": null,
      "net_income": 3325000000,
      "opex": null,
      "cogs": null,
      "rd": null,
      "sga": null,
      "fcf": 1458000000,
      "ocf": 1636000000,
      "capex": -178000000,
      "gross_margin": null,
      "op_margin": null,
      "fcf_margin": 0.20497680303669338,
      "fcf_margin_change": -0.40290107620550364
    },
    {
      "date": "2021-06-30T00:00:00",
      "quarter_label": "2021-06 (Q2)",
      "revenue": 7374000000,
      "gross_profit": null,
      "operating_income": null,
      "net_income": 3536000000,
      "opex": null,
      "cogs": null,
      "rd": null,
      "sga": null,
      "fcf": 3895000000,
      "ocf": 4058000000,
      "capex": -163000000,
      "gross_margin": null,
      "op_margin": null,
      "fcf_margin": 0.5282072145375644,
      "fcf_margin_change": 0.32323041150087095
    },
    {
      "date": "2021-09-30T00:00:00",
      "quarter_label": "2021-09 (Q3)",
      "revenue": 7830000000,
      "gross_profit": null,
      "operating_income": null,
      "net_income": 3104000000,
      "opex": null,
      "cogs": null,
      "rd": null,
      "sga": null,
      "fcf": 1791000000,
      "ocf": 1954000000,
      "capex": -163000000,
      "gross_margin": null,
      "op_margin": null,
      "fcf_margin": 0.22873563218390805,
      "fcf_margin_change": -0.29947158235365634
    },
    {
      "date": "2021-12-31T00:00:00",
      "quarter_label": "2021-12 (Q4)",
      "revenue": 8118000000,
      "gross_profit": null,
      "operating_income": null,
      "net_income": 2425000000,
      "opex": null,
      "cogs": null,
      "rd": null,
      "sga": null,
      "fcf": 4468000000,
      "ocf": 4662000000,
      "capex": -194000000,
      "gross_margin": null,
      "op_margin": null,
      "fcf_margin": 0.5503818674550381,
      "rev_growth_yoy": 0.10644677661169415,
      "fcf_margin_change": 0.3216462352711301
    },
    {
      "date": "2022-03-31T00:00:00",
      "quarter_label": "2022-03 (Q1)",
      "revenue": 8173000000,
      "gross_profit": null,
      "operating_income": null,
      "net_income": 2403000000,
      "opex": null,
      "cogs": null,
      "rd": null,
      "sga": null,
      "fcf": -309000000,
      "ocf": -79000000,
      "capex": -230000000,
      "gross_margin": null,
      "op_margin": null,
      "fcf_margin": -0.03780741465802031,
      "rev_growth_yoy": 0.14902291578799381,
      "rev_growth_yoy_accel": 0.04257613917629967,
      "fcf_margin_change": -0.5881892821130584
    },
    {
      "date": "2022-06-30T00:00:00",
      "quarter_label": "2022-06 (Q2)",
      "revenue": 8232000000,
      "gross_profit": null,
      "operating_income": null,
      "net_income": 2031000000,
      "opex": null,
      "cogs": null,
      "rd": null,
      "sga": null,
      "fcf": 2761000000,
      "ocf": 2954000000,
      "capex": -193000000,
      "gross_margin": null,
      "op_margin": null,
      "fcf_margin": 0.33539844509232264,
      "rev_growth_yoy": 0.11635475996745322,
      "rev_growth_yoy_accel": -0.0326681558205406,
      "fcf_margin_change": 0.3732058597503429
    },
    {
      "date": "2022-09-30T00:00:00",
      "quarter_label": "2022-09 (Q3)",
      "revenue": 8805000000,
      "gross_profit": null,
      "operating_income": null,
      "net_income": 1694000000,
      "opex": null,
      "cogs": null,
      "rd": null,
      "sga": null,
      "fcf": 2556000000,
      "ocf": 2777000000,
      "capex": -221000000,
      "gross_margin": null,
      "op_margin": null,
      "fcf_margin": 0.2902896081771721,
      "rev_growth_yoy": 0.12452107279693486,
      "rev_growth_yoy_accel": 0.008166312829481645,
      "fcf_margin_change": -0.04510883691515055
    },
    {
      "date": "2022-12-31T00:00:00",
      "quarter_label": "2022-12 (Q4)",
      "revenue": 9040000000,
      "gross_profit": null,
      "operating_income": null,
      "net_income": 1232000000,
      "opex": null,
      "cogs": null,
      "rd": null,
      "sga": null,
      "fcf": 7867000000,
      "ocf": 8157000000,
      "capex": -290000000,
      "gross_margin": null,
      "op_margin": null,
      "fcf_margin": 0.8702433628318584,
      "rev_growth_yoy": 0.11357477211135748,
      "rev_growth_yoy_accel": -0.010946300685577379,
      "fcf_margin_change": 0.5799537546546863
    },
    {
      "date": "2023-03-31T00:00:00",
      "quarter_label": "2023-03 (Q1)",
      "revenue": 8903000000,
      "gross_profit": null,
      "operating_income": null,
      "net_income": 960000000,
      "opex": null,
      "cogs": null,
      "rd": null,
      "sga": null,
      "fcf": 2757000000,
      "ocf": 2992000000,
      "capex": -235000000,
      "gross_margin": null,
      "op_margin": null,
      "fcf_margin": 0.30967089745029763,
      "rev_growth_yoy": 0.08931848770341368,
      "rev_growth_yoy_accel": -0.024256284407943807,
      "fcf_margin_change": -0.5605724653815608
    },
    {
      "date": "2023-06-30T00:00:00",
      "quarter_label": "2023-06 (Q2)",
      "revenue": 9012000000,
      "gross_profit": null,
      "operating_income": null,
      "net_income": 1431000000,
      "opex": null,
      "cogs": null,
      "rd": null,
      "sga": null,
      "fcf": 3148000000,
      "ocf": 3354000000,
      "capex": -206000000,
      "gross_margin": null,
      "op_margin": null,
      "fcf_margin": 0.349312028406569,
      "rev_growth_yoy": 0.09475218658892129,
      "rev_growth_yoy_accel": 0.005433698885507612,
      "fcf_margin_change": 0.039641130956271364
    },
    {
      "date": "2023-09-30T00:00:00",
      "quarter_label": "2023-09 (Q3)",
      "revenue": 9366000000,
      "gross_profit": null,
      "operating_income": null,
      "net_income": 1790000000,
      "opex": null,
      "cogs": null,
      "rd": null,
      "sga": null,
      "fcf": 6870000000,
      "ocf": 7129000000,
      "capex": -259000000,
      "gross_margin": null,
      "op_margin": null,
      "fcf_margin": 0.7335041639974376,
      "rev_growth_yoy": 0.0637137989778535,
      "rev_growth_yoy_accel": -0.031038387611067794,
      "fcf_margin_change": 0.38419213559086857
    },
    {
      "date": "2023-12-31T00:00:00",
      "quarter_label": "2023-12 (Q4)",
      "revenue": 9506000000,
      "gross_profit": null,
      "operating_income": null,
      "net_income": 706000000,
      "opex": null,
      "cogs": null,
      "rd": null,
      "sga": null,
      "fcf": 6839000000,
      "ocf": 7100000000,
      "capex": -261000000,
      "gross_margin": null,
      "op_margin": null,
      "fcf_margin": 0.719440353460972,
      "rev_growth_yoy": 0.05154867256637168,
      "rev_growth_yoy_accel": -0.012165126411481812,
      "fcf_margin_change": -0.014063810536465549
    },
    {
      "date": "2024-03-31T00:00:00",
      "quarter_label": "2024-03 (Q1)",
      "revenue": 9402000000,
      "gross_profit": null,
      "operating_income": null,
      "net_income": 1280000000,
      "opex": null,
      "cogs": null,
      "rd": null,
      "sga": null,
      "fcf": 2763000000,
      "ocf": 3010000000,
      "capex": -247000000,
      "gross_margin": null,
      "op_margin": null,
      "fcf_margin": 0.293873643905552,
      "rev_growth_yoy": 0.056048522969785464,
      "rev_growth_yoy_accel": 0.004499850403413781,
      "fcf_margin_change": -0.42556670955542003
    },
    {
      "date": "2024-06-30T00:00:00",
      "quarter_label": "2024-06 (Q2)",
      "revenue": 9506000000,
      "gross_profit": null,
      "operating_income": null,
      "net_income": 597000000,
      "opex": null,
      "cogs": null,
      "rd": null,
      "sga": null,
      "fcf": 5954000000,
      "ocf": 6243000000,
      "capex": -289000000,
      "gross_margin": null,
      "op_margin": null,
      "fcf_margin": 0.6263412581527457,
      "rev_growth_yoy": 0.054815801154016866,
      "rev_growth_yoy_accel": -0.0012327218157685976,
      "fcf_margin_change": 0.3324676142471937
    },
    {
      "date": "2024-09-30T00:00:00",
      "quarter_label": "2024-09 (Q3)",
      "revenue": 10014000000,
      "gross_profit": null,
      "operating_income": null,
      "net_income": 1777000000,
      "opex": null,
      "cogs": null,
      "rd": null,
      "sga": null,
      "fcf": 6146000000,
      "ocf": 6458000000,
      "capex": -312000000,
      "gross_margin": null,
      "op_margin": null,
      "fcf_margin": 0.6137407629318954,
      "rev_growth_yoy": 0.06918641896220372,
      "rev_growth_yoy_accel": 0.014370617808186853,
      "fcf_margin_change": -0.012600495220850272
    },
    {
      "date": "2024-12-31T00:00:00",
      "quarter_label": "2024-12 (Q4)",
      "revenue": 10190000000,
      "gross_profit": null,
      "operating_income": null,
      "net_income": 1096000000,
      "opex": null,
      "cogs": null,
      "rd": null,
      "sga": null,
      "fcf": 2092000000,
      "ocf": 2448000000,
      "capex": -356000000,
      "gross_margin": null,
      "op_margin": null,
      "fcf_margin": 0.20529931305201177,
      "rev_growth_yoy": 0.07195455501788345,
      "rev_growth_yoy_accel": 0.002768136055679729,
      "fcf_margin_change": -0.4084414498798836
    },
    {
      "date": "2025-03-31T00:00:00",
      "quarter_label": "2025-03 (Q1)",
      "revenue": 10000000000,
      "gross_profit": null,
      "operating_income": null,
      "net_income": 1404000000,
      "opex": null,
      "cogs": null,
      "rd": null,
      "sga": null,
      "fcf": 4319000000,
      "ocf": 4667000000,
      "capex": -348000000,
      "gross_margin": null,
      "op_margin": null,
      "fcf_margin": 0.4319,
      "rev_growth_yoy": 0.06360348861944268,
      "rev_growth_yoy_accel": -0.00835106639844077,
      "fcf_margin_change": 0.22660068694798824
    },
    {
      "date": "2025-06-30T00:00:00",
      "quarter_label": "2025-06 (Q2)",
      "revenue": 12492000000,
      "gross_profit": null,
      "operating_income": null,
      "net_income": -4277000000,
      "opex": null,
      "cogs": null,
      "rd": null,
      "sga": null,
      "fcf": 5667000000,
      "ocf": 6066000000,
      "capex": -399000000,
      "gross_margin": null,
      "op_margin": null,
      "fcf_margin": 0.4536503362151777,
      "rev_growth_yoy": 0.31411739953713447,
      "rev_growth_yoy_accel": 0.2505139109176918,
      "fcf_margin_change": 0.02175033621517769
    },
    {
      "date": "2025-09-30T00:00:00",
      "quarter_label": "2025-09 (Q3)",
      "revenue": 15359000000,
      "gross_profit": null,
      "operating_income": null,
      "net_income": 3192000000,
      "opex": null,
      "cogs": null,
      "rd": null,
      "sga": null,
      "fcf": 8767000000,
      "ocf": 9154000000,
      "capex": -387000000,
      "gross_margin": null,
      "op_margin": null,
      "fcf_margin": 0.570805390975975,
      "rev_growth_yoy": 0.5337527461553825,
      "rev_growth_yoy_accel": 0.21963534661824802,
      "fcf_margin_change": 0.11715505476079735
    }
  ],
  "signals": [
    {
      "quarter": "2025-09 (Q3)",
      "signal": "FCF MARGIN EXPANSION",
      "detail": "FCF margin: +45.4% -> +57.1% (+11.7%)",
      "severity": "MEDIUM"
    },
    {
      "quarter": "2025-09 (Q3)",
      "signal": "YoY REVENUE GROWTH ACCELERATION",
      "detail": "YoY growth: +53.4% vs prior quarter YoY: +31.4% (accel: +22.0%)",
      "severity": "HIGH"
    },
    {
      "quarter": "2025-06 (Q2)",
      "signal": "YoY REVENUE GROWTH ACCELERATION",
      "detail": "YoY growth: +31.4% vs prior quarter YoY: +6.4% (accel: +25.1%)",
      "severity": "HIGH"
    },
    {
      "quarter": "2025-03 (Q1)",
      "signal": "FCF MARGIN EXPANSION",
      "detail": "FCF margin: +20.5% -> +43.2% (+22.7%)",
      "severity": "MEDIUM"
    },
    {
      "quarter": "2024-06 (Q2)",
      "signal": "FCF MARGIN EXPANSION",
      "detail": "FCF margin: +29.4% -> +62.6% (+33.2%)",
      "severity": "MEDIUM"
    },
    {
      "quarter": "2023-09 (Q3)",
      "signal": "FCF MARGIN EXPANSION",
      "detail": "FCF margin: +34.9% -> +73.4% (+38.4%)",
      "severity": "MEDIUM"
    },
    {
      "quarter": "2022-12 (Q4)",
      "signal": "FCF MARGIN EXPANSION",
      "detail": "FCF margin: +29.0% -> +87.0% (+58.0%)",
      "severity": "MEDIUM"
    },
    {
      "quarter": "2022-06 (Q2)",
      "signal": "FCF TURNED POSITIVE",
      "detail": "FCF margin: -3.8% -> +33.5%",
      "severity": "HIGH"
    },
    {
      "quarter": "2021-12 (Q4)",
      "signal": "FCF MARGIN EXPANSION",
      "detail": "FCF margin: +22.9% -> +55.0% (+32.2%)",
      "severity": "MEDIUM"
    },
    {
      "quarter": "2021-06 (Q2)",
      "signal": "FCF MARGIN EXPANSION",
      "detail": "FCF margin: +20.5% -> +52.8% (+32.3%)",
      "severity": "MEDIUM"
    }
  ],
  "data_quality": {
    "n_quarters": 20,
    "coverage": {
      "revenue": [
        20,
        20
      ],
      "gross_profit": [
        0,
        20
      ],
      "op_income": [
        0,
        20
      ],
      "fcf": [
        20,
        20
      ]
    },
    "gaps": [],
    "warnings": [
      "gross_profit: no data",
      "op_income: no data"
    ]
  },
  "market_cap": null,
  "source": "SEC EDGAR",
  "last_updated": "2026-02-03T01:07:54.218975",
  "sector": "Financial Services",
  "industry": "Credit Services"
}