{
  "ticker": "COFS",
  "name": "ChoiceOne Financial Services, Inc.",
  "quarters": [
    {
      "date": "2020-06-30T00:00:00",
      "quarter_label": "2020-06 (Q2)",
      "revenue": 1830000,
      "gross_profit": null,
      "operating_income": null,
      "net_income": null,
      "opex": null,
      "cogs": null,
      "rd": null,
      "sga": null,
      "fcf": null,
      "ocf": null,
      "capex": null,
      "gross_margin": null,
      "op_margin": null,
      "fcf_margin": null
    },
    {
      "date": "2020-09-30T00:00:00",
      "quarter_label": "2020-09 (Q3)",
      "revenue": 2490000,
      "gross_profit": null,
      "operating_income": null,
      "net_income": null,
      "opex": null,
      "cogs": null,
      "rd": null,
      "sga": null,
      "fcf": null,
      "ocf": null,
      "capex": null,
      "gross_margin": null,
      "op_margin": null,
      "fcf_margin": null
    },
    {
      "date": "2021-03-31T00:00:00",
      "quarter_label": "2021-03 (Q1)",
      "revenue": 2495000,
      "gross_profit": null,
      "operating_income": null,
      "net_income": 6238000,
      "opex": null,
      "cogs": null,
      "rd": null,
      "sga": null,
      "fcf": 1172000,
      "ocf": 2210000,
      "capex": -1038000,
      "gross_margin": null,
      "op_margin": null,
      "fcf_margin": 0.46973947895791585
    },
    {
      "date": "2021-06-30T00:00:00",
      "quarter_label": "2021-06 (Q2)",
      "revenue": 2723000,
      "gross_profit": null,
      "operating_income": null,
      "net_income": 5043000,
      "opex": null,
      "cogs": null,
      "rd": null,
      "sga": null,
      "fcf": 14511000,
      "ocf": 14934000,
      "capex": -423000,
      "gross_margin": null,
      "op_margin": null,
      "fcf_margin": 5.32904884318766,
      "rev_growth_yoy": 0.48797814207650275,
      "fcf_margin_change": 4.859309364229745
    },
    {
      "date": "2021-09-30T00:00:00",
      "quarter_label": "2021-09 (Q3)",
      "revenue": 2748000,
      "gross_profit": null,
      "operating_income": null,
      "net_income": 5749000,
      "opex": null,
      "cogs": null,
      "rd": null,
      "sga": null,
      "fcf": 11686000,
      "ocf": 12418000,
      "capex": -732000,
      "gross_margin": null,
      "op_margin": null,
      "fcf_margin": 4.25254730713246,
      "rev_growth_yoy": 0.10361445783132531,
      "rev_growth_yoy_accel": -0.3843636842451774,
      "fcf_margin_change": -1.0765015360552006
    },
    {
      "date": "2022-03-31T00:00:00",
      "quarter_label": "2022-03 (Q1)",
      "revenue": 2719000,
      "gross_profit": null,
      "operating_income": null,
      "net_income": 5528000,
      "opex": null,
      "cogs": null,
      "rd": null,
      "sga": null,
      "fcf": 2276000,
      "ocf": 2802000,
      "capex": -526000,
      "gross_margin": null,
      "op_margin": null,
      "fcf_margin": 0.8370724531077602,
      "rev_growth_yoy": 0.08977955911823647,
      "rev_growth_yoy_accel": -0.013834898713088836,
      "fcf_margin_change": -3.4154748540246995
    },
    {
      "date": "2022-06-30T00:00:00",
      "quarter_label": "2022-06 (Q2)",
      "revenue": 2887000,
      "gross_profit": null,
      "operating_income": null,
      "net_income": 5615000,
      "opex": null,
      "cogs": null,
      "rd": null,
      "sga": null,
      "fcf": 19327000,
      "ocf": 19502000,
      "capex": -175000,
      "gross_margin": null,
      "op_margin": null,
      "fcf_margin": 6.694492552822999,
      "rev_growth_yoy": 0.060227690047741464,
      "rev_growth_yoy_accel": -0.029551869070495007,
      "fcf_margin_change": 5.857420099715239
    },
    {
      "date": "2022-09-30T00:00:00",
      "quarter_label": "2022-09 (Q3)",
      "revenue": 2903000,
      "gross_profit": null,
      "operating_income": null,
      "net_income": 5813000,
      "opex": null,
      "cogs": null,
      "rd": null,
      "sga": null,
      "fcf": 9184000,
      "ocf": 9721000,
      "capex": -537000,
      "gross_margin": null,
      "op_margin": null,
      "fcf_margin": 3.163623837409576,
      "rev_growth_yoy": 0.05640465793304221,
      "rev_growth_yoy_accel": -0.003823032114699254,
      "fcf_margin_change": -3.530868715413423
    },
    {
      "date": "2022-12-31T00:00:00",
      "quarter_label": "2022-12 (Q4)",
      "revenue": 80621000,
      "gross_profit": null,
      "operating_income": null,
      "net_income": 6684000,
      "opex": null,
      "cogs": null,
      "rd": null,
      "sga": null,
      "fcf": 12376000,
      "ocf": 12302000,
      "capex": 74000,
      "gross_margin": null,
      "op_margin": null,
      "fcf_margin": 0.15350839111397774,
      "fcf_margin_change": -3.0101154462955986
    },
    {
      "date": "2023-03-31T00:00:00",
      "quarter_label": "2023-03 (Q1)",
      "revenue": 2784000,
      "gross_profit": null,
      "operating_income": null,
      "net_income": 5633000,
      "opex": null,
      "cogs": null,
      "rd": null,
      "sga": null,
      "fcf": 8144000,
      "ocf": 9169000,
      "capex": -1025000,
      "gross_margin": null,
      "op_margin": null,
      "fcf_margin": 2.925287356321839,
      "rev_growth_yoy": 0.023905847738139023,
      "fcf_margin_change": 2.7717789652078615
    },
    {
      "date": "2023-06-30T00:00:00",
      "quarter_label": "2023-06 (Q2)",
      "revenue": 2794000,
      "gross_profit": null,
      "operating_income": null,
      "net_income": 5213000,
      "opex": null,
      "cogs": null,
      "rd": null,
      "sga": null,
      "fcf": 14807000,
      "ocf": 15994000,
      "capex": -1187000,
      "gross_margin": null,
      "op_margin": null,
      "fcf_margin": 5.299570508231926,
      "rev_growth_yoy": -0.03221337028056807,
      "rev_growth_yoy_accel": -0.05611921801870709,
      "fcf_margin_change": 2.374283151910087
    },
    {
      "date": "2023-09-30T00:00:00",
      "quarter_label": "2023-09 (Q3)",
      "revenue": 2936000,
      "gross_profit": null,
      "operating_income": null,
      "net_income": 5122000,
      "opex": null,
      "cogs": null,
      "rd": null,
      "sga": null,
      "fcf": 30925000,
      "ocf": 32167000,
      "capex": -1242000,
      "gross_margin": null,
      "op_margin": null,
      "fcf_margin": 10.533038147138965,
      "rev_growth_yoy": 0.011367550809507406,
      "rev_growth_yoy_accel": 0.04358092109007547,
      "fcf_margin_change": 5.233467638907039
    },
    {
      "date": "2023-12-31T00:00:00",
      "quarter_label": "2023-12 (Q4)",
      "revenue": 105372000,
      "gross_profit": null,
      "operating_income": null,
      "net_income": 5293000,
      "opex": null,
      "cogs": null,
      "rd": null,
      "sga": null,
      "fcf": -11628000,
      "ocf": -10848000,
      "capex": -780000,
      "gross_margin": null,
      "op_margin": null,
      "fcf_margin": -0.11035189613939186,
      "rev_growth_yoy": 0.3070043785118021,
      "rev_growth_yoy_accel": 0.2956368277022947,
      "fcf_margin_change": -10.643390043278357
    },
    {
      "date": "2024-03-31T00:00:00",
      "quarter_label": "2024-03 (Q1)",
      "revenue": 32483000,
      "gross_profit": null,
      "operating_income": null,
      "net_income": 5634000,
      "opex": null,
      "cogs": null,
      "rd": null,
      "sga": null,
      "fcf": 15003000,
      "ocf": 15314000,
      "capex": -311000,
      "gross_margin": null,
      "op_margin": null,
      "fcf_margin": 0.46187236400578763,
      "rev_growth_yoy": 10.667744252873563,
      "rev_growth_yoy_accel": 10.36073987436176,
      "fcf_margin_change": 0.5722242601451795
    },
    {
      "date": "2024-06-30T00:00:00",
      "quarter_label": "2024-06 (Q2)",
      "revenue": 3171000,
      "gross_profit": null,
      "operating_income": null,
      "net_income": 6586000,
      "opex": null,
      "cogs": null,
      "rd": null,
      "sga": null,
      "fcf": 15253000,
      "ocf": 15736000,
      "capex": -483000,
      "gross_margin": null,
      "op_margin": null,
      "fcf_margin": 4.810154525386314,
      "rev_growth_yoy": 0.13493199713672155,
      "rev_growth_yoy_accel": -10.532812255736841,
      "fcf_margin_change": 4.348282161380526
    },
    {
      "date": "2024-09-30T00:00:00",
      "quarter_label": "2024-09 (Q3)",
      "revenue": 3351000,
      "gross_profit": null,
      "operating_income": null,
      "net_income": 7348000,
      "opex": null,
      "cogs": null,
      "rd": null,
      "sga": null,
      "fcf": -7609000,
      "ocf": -7356000,
      "capex": -253000,
      "gross_margin": null,
      "op_margin": null,
      "fcf_margin": -2.2706654729931364,
      "rev_growth_yoy": 0.14134877384196184,
      "rev_growth_yoy_accel": 0.006416776705240296,
      "fcf_margin_change": -7.08081999837945
    },
    {
      "date": "2024-12-31T00:00:00",
      "quarter_label": "2024-12 (Q4)",
      "revenue": 36032000,
      "gross_profit": null,
      "operating_income": null,
      "net_income": 7159000,
      "opex": null,
      "cogs": null,
      "rd": null,
      "sga": null,
      "fcf": 24293000,
      "ocf": 24952000,
      "capex": -659000,
      "gross_margin": null,
      "op_margin": null,
      "fcf_margin": 0.6742062611012434,
      "rev_growth_yoy": -0.6580495767376533,
      "rev_growth_yoy_accel": -0.7993983505796152,
      "fcf_margin_change": 2.94487173409438
    },
    {
      "date": "2025-03-31T00:00:00",
      "quarter_label": "2025-03 (Q1)",
      "revenue": 44881000,
      "gross_profit": null,
      "operating_income": null,
      "net_income": -13906000,
      "opex": null,
      "cogs": null,
      "rd": null,
      "sga": null,
      "fcf": -7307000,
      "ocf": -6472000,
      "capex": -835000,
      "gross_margin": null,
      "op_margin": null,
      "fcf_margin": -0.16280831532274237,
      "rev_growth_yoy": 0.38167656928239385,
      "rev_growth_yoy_accel": 1.039726146020047,
      "fcf_margin_change": -0.8370145764239858
    },
    {
      "date": "2025-06-30T00:00:00",
      "quarter_label": "2025-06 (Q2)",
      "revenue": 4818000,
      "gross_profit": null,
      "operating_income": null,
      "net_income": 13534000,
      "opex": null,
      "cogs": null,
      "rd": null,
      "sga": null,
      "fcf": 6883000,
      "ocf": 8958000,
      "capex": -2075000,
      "gross_margin": null,
      "op_margin": null,
      "fcf_margin": 1.4286010792860109,
      "rev_growth_yoy": 0.5193945127719962,
      "rev_growth_yoy_accel": 0.13771794348960237,
      "fcf_margin_change": 1.5914093946087533
    },
    {
      "date": "2025-09-30T00:00:00",
      "quarter_label": "2025-09 (Q3)",
      "revenue": 5285000,
      "gross_profit": null,
      "operating_income": null,
      "net_income": 14681000,
      "opex": null,
      "cogs": null,
      "rd": null,
      "sga": null,
      "fcf": 13694000,
      "ocf": 15294000,
      "capex": -1600000,
      "gross_margin": null,
      "op_margin": null,
      "fcf_margin": 2.5911069063386942,
      "rev_growth_yoy": 0.5771411518949567,
      "rev_growth_yoy_accel": 0.05774663912296052,
      "fcf_margin_change": 1.1625058270526833
    }
  ],
  "signals": [
    {
      "quarter": "2025-09 (Q3)",
      "signal": "FCF MARGIN EXPANSION",
      "detail": "FCF margin: +142.9% -> +259.1% (+116.3%)",
      "severity": "MEDIUM"
    },
    {
      "quarter": "2025-09 (Q3)",
      "signal": "YoY REVENUE GROWTH ACCELERATION",
      "detail": "YoY growth: +57.7% vs prior quarter YoY: +51.9% (accel: +5.8%)",
      "severity": "MEDIUM"
    },
    {
      "quarter": "2025-06 (Q2)",
      "signal": "FCF TURNED POSITIVE",
      "detail": "FCF margin: -16.3% -> +142.9%",
      "severity": "HIGH"
    },
    {
      "quarter": "2025-06 (Q2)",
      "signal": "YoY REVENUE GROWTH ACCELERATION",
      "detail": "YoY growth: +51.9% vs prior quarter YoY: +38.2% (accel: +13.8%)",
      "severity": "MEDIUM"
    },
    {
      "quarter": "2025-03 (Q1)",
      "signal": "YoY REVENUE GROWTH ACCELERATION",
      "detail": "YoY growth: +38.2% vs prior quarter YoY: -65.8% (accel: +104.0%)",
      "severity": "HIGH"
    },
    {
      "quarter": "2024-12 (Q4)",
      "signal": "FCF TURNED POSITIVE",
      "detail": "FCF margin: -227.1% -> +67.4%",
      "severity": "HIGH"
    },
    {
      "quarter": "2024-12 (Q4)",
      "signal": "YoY REVENUE GROWTH DECELERATION",
      "detail": "YoY growth: -65.8% vs prior quarter YoY: +14.1% (decel: -79.9%)",
      "severity": "WARNING"
    },
    {
      "quarter": "2024-06 (Q2)",
      "signal": "FCF MARGIN EXPANSION",
      "detail": "FCF margin: +46.2% -> +481.0% (+434.8%)",
      "severity": "MEDIUM"
    },
    {
      "quarter": "2024-06 (Q2)",
      "signal": "YoY REVENUE GROWTH DECELERATION",
      "detail": "YoY growth: +13.5% vs prior quarter YoY: +1066.8% (decel: -1053.3%)",
      "severity": "WARNING"
    },
    {
      "quarter": "2024-03 (Q1)",
      "signal": "FCF TURNED POSITIVE",
      "detail": "FCF margin: -11.0% -> +46.2%",
      "severity": "HIGH"
    },
    {
      "quarter": "2024-03 (Q1)",
      "signal": "YoY REVENUE GROWTH ACCELERATION",
      "detail": "YoY growth: +1066.8% vs prior quarter YoY: +30.7% (accel: +1036.1%)",
      "severity": "HIGH"
    },
    {
      "quarter": "2023-12 (Q4)",
      "signal": "YoY REVENUE GROWTH ACCELERATION",
      "detail": "YoY growth: +30.7% vs prior quarter YoY: +1.1% (accel: +29.6%)",
      "severity": "HIGH"
    },
    {
      "quarter": "2023-09 (Q3)",
      "signal": "FCF MARGIN EXPANSION",
      "detail": "FCF margin: +530.0% -> +1053.3% (+523.3%)",
      "severity": "MEDIUM"
    },
    {
      "quarter": "2023-06 (Q2)",
      "signal": "FCF MARGIN EXPANSION",
      "detail": "FCF margin: +292.5% -> +530.0% (+237.4%)",
      "severity": "MEDIUM"
    },
    {
      "quarter": "2023-06 (Q2)",
      "signal": "YoY REVENUE GROWTH DECELERATION",
      "detail": "YoY growth: -3.2% vs prior quarter YoY: +2.4% (decel: -5.6%)",
      "severity": "WARNING"
    },
    {
      "quarter": "2023-03 (Q1)",
      "signal": "FCF MARGIN EXPANSION",
      "detail": "FCF margin: +15.4% -> +292.5% (+277.2%)",
      "severity": "MEDIUM"
    },
    {
      "quarter": "2022-06 (Q2)",
      "signal": "FCF MARGIN EXPANSION",
      "detail": "FCF margin: +83.7% -> +669.4% (+585.7%)",
      "severity": "MEDIUM"
    },
    {
      "quarter": "2021-09 (Q3)",
      "signal": "YoY REVENUE GROWTH DECELERATION",
      "detail": "YoY growth: +10.4% vs prior quarter YoY: +48.8% (decel: -38.4%)",
      "severity": "WARNING"
    },
    {
      "quarter": "2021-06 (Q2)",
      "signal": "FCF MARGIN EXPANSION",
      "detail": "FCF margin: +47.0% -> +532.9% (+485.9%)",
      "severity": "MEDIUM"
    }
  ],
  "data_quality": {
    "n_quarters": 20,
    "coverage": {
      "revenue": [
        20,
        20
      ],
      "gross_profit": [
        0,
        20
      ],
      "op_income": [
        0,
        20
      ],
      "fcf": [
        18,
        20
      ]
    },
    "gaps": [
      [
        "2020-09 (Q3)",
        "2021-03 (Q1)",
        182
      ],
      [
        "2021-09 (Q3)",
        "2022-03 (Q1)",
        182
      ]
    ],
    "warnings": [
      "gross_profit: no data",
      "op_income: no data",
      "gap: 1Q missing between 2020-09 (Q3) and 2021-03 (Q1)",
      "gap: 1Q missing between 2021-09 (Q3) and 2022-03 (Q1)"
    ]
  },
  "market_cap": null,
  "source": "SEC EDGAR",
  "last_updated": "2026-02-02T22:31:01.383534",
  "sector": "Financial Services",
  "industry": "Banks - Regional"
}