{
  "ticker": "COIN",
  "name": "Coinbase Global, Inc.",
  "sector": "Financial Services",
  "industry": "Financial Data & Stock Exchanges",
  "quarters": [
    {
      "date": "2021-03-31T00:00:00",
      "quarter_label": "2021-03 (Q1)",
      "revenue": 1801112000,
      "gross_profit": null,
      "operating_income": 987713000,
      "net_income": 771463000,
      "opex": 813399000,
      "cogs": null,
      "rd": 184225000,
      "sga": null,
      "fcf": 3411747000,
      "ocf": 3411765000,
      "capex": -18000,
      "gross_margin": null,
      "op_margin": 0.5483906608806115,
      "fcf_margin": 1.8942447776706834
    },
    {
      "date": "2021-06-30T00:00:00",
      "quarter_label": "2021-06 (Q2)",
      "revenue": 2227962000,
      "gross_profit": null,
      "operating_income": 874725000,
      "net_income": 1606349000,
      "opex": 1353237000,
      "cogs": null,
      "rd": 291461000,
      "sga": null,
      "fcf": 3982682000,
      "ocf": 3982899000,
      "capex": -217000,
      "gross_margin": null,
      "op_margin": 0.3926121720208873,
      "fcf_margin": 1.787589734474825,
      "op_leverage_ratio": 0.35708758257683043,
      "fcf_margin_change": -0.10665504319585839
    },
    {
      "date": "2021-09-30T00:00:00",
      "quarter_label": "2021-09 (Q3)",
      "revenue": 1311908000,
      "gross_profit": null,
      "operating_income": 291808000,
      "net_income": 406100000,
      "opex": 1020100000,
      "cogs": null,
      "rd": 356264000,
      "sga": null,
      "fcf": 340654000,
      "ocf": 342047000,
      "capex": -1393000,
      "gross_margin": null,
      "op_margin": 0.2224302313881766,
      "fcf_margin": 0.2596630251511539,
      "fcf_margin_change": -1.5279267093236713
    },
    {
      "date": "2021-12-31T00:00:00",
      "quarter_label": "2021-12 (Q4)",
      "revenue": 2498463000,
      "gross_profit": null,
      "operating_income": 922324000,
      "net_income": 840208000,
      "opex": 1576139000,
      "cogs": null,
      "rd": 459611000,
      "sga": null,
      "fcf": -3699821000,
      "ocf": -3698539000,
      "capex": -1282000,
      "gross_margin": null,
      "op_margin": 0.3691565574515212,
      "fcf_margin": -1.4808388197063556,
      "op_leverage_ratio": 1.6592888210992431,
      "fcf_margin_change": -1.7405018448575094
    },
    {
      "date": "2022-03-31T00:00:00",
      "quarter_label": "2022-03 (Q1)",
      "revenue": 1166436000,
      "gross_profit": null,
      "operating_income": -554463000,
      "net_income": -429659000,
      "opex": 1720899000,
      "cogs": null,
      "rd": 570664000,
      "sga": null,
      "fcf": -92555000,
      "ocf": -91356000,
      "capex": -1199000,
      "gross_margin": null,
      "op_margin": -0.47534798308694176,
      "fcf_margin": -0.07934854548384995,
      "incr_op_margin_yoy": 2.4298634263781835,
      "rev_growth_yoy": -0.35238008519181485,
      "fcf_margin_change": 1.4014902742225055
    },
    {
      "date": "2022-06-30T00:00:00",
      "quarter_label": "2022-06 (Q2)",
      "revenue": 808325000,
      "gross_profit": null,
      "operating_income": -1044389000,
      "net_income": -1093654000,
      "opex": 1852714000,
      "cogs": null,
      "rd": 609249000,
      "sga": null,
      "fcf": -353674000,
      "ocf": -351132000,
      "capex": -2542000,
      "gross_margin": null,
      "op_margin": -1.2920409488757616,
      "fcf_margin": -0.43753935607583583,
      "incr_op_margin_yoy": 1.3518343069390273,
      "rev_growth_yoy": -0.63719084975417,
      "rev_growth_yoy_accel": -0.2848107645623551,
      "fcf_margin_change": -0.3581908105919859
    },
    {
      "date": "2022-09-30T00:00:00",
      "quarter_label": "2022-09 (Q3)",
      "revenue": 590339000,
      "gross_profit": null,
      "operating_income": -556484000,
      "net_income": -544635000,
      "opex": 1146823000,
      "cogs": null,
      "rd": 556338000,
      "sga": null,
      "fcf": -397501000,
      "ocf": -397495000,
      "capex": -6000,
      "gross_margin": null,
      "op_margin": -0.9426515951004423,
      "fcf_margin": -0.6733436212074757,
      "incr_op_margin_yoy": 1.175621458238921,
      "rev_growth_yoy": -0.5500149400720172,
      "rev_growth_yoy_accel": 0.08717590968215272,
      "fcf_margin_change": -0.23580426513163988
    },
    {
      "date": "2022-12-31T00:00:00",
      "quarter_label": "2022-12 (Q4)",
      "revenue": 629108000,
      "gross_profit": null,
      "operating_income": -554872000,
      "net_income": -557001000,
      "opex": 1183980000,
      "cogs": null,
      "rd": 590103000,
      "sga": null,
      "fcf": -744622000,
      "ocf": -745436000,
      "capex": 814000,
      "gross_margin": null,
      "op_margin": -0.8819980035224476,
      "fcf_margin": -1.1836155318323722,
      "incr_op_margin_yoy": 0.7902169464868899,
      "rev_growth_yoy": -0.7482019945862717,
      "rev_growth_yoy_accel": -0.19818705451425445,
      "op_leverage_ratio": 2.0269305834822253,
      "fcf_margin_change": -0.5102719106248965
    },
    {
      "date": "2023-03-31T00:00:00",
      "quarter_label": "2023-03 (Q1)",
      "revenue": 772529000,
      "gross_profit": null,
      "operating_income": -123875000,
      "net_income": -78896000,
      "opex": 896404000,
      "cogs": null,
      "rd": 358031000,
      "sga": null,
      "fcf": 463028000,
      "ocf": 463078000,
      "capex": -50000,
      "gross_margin": null,
      "op_margin": -0.16034996744458785,
      "fcf_margin": 0.5993664962739262,
      "incr_op_margin_yoy": -1.0931209651008995,
      "rev_growth_yoy": -0.3377013398077563,
      "rev_growth_yoy_accel": 0.4105006547785154,
      "op_leverage_ratio": null,
      "fcf_margin_change": 1.7829820281062985
    },
    {
      "date": "2023-06-30T00:00:00",
      "quarter_label": "2023-06 (Q2)",
      "revenue": 707911000,
      "gross_profit": null,
      "operating_income": -73575000,
      "net_income": -97405000,
      "opex": 781486000,
      "cogs": null,
      "rd": 320667000,
      "sga": null,
      "fcf": 150795000,
      "ocf": 151124000,
      "capex": -329000,
      "gross_margin": null,
      "op_margin": -0.10393255649368353,
      "fcf_margin": 0.2130140653274211,
      "incr_op_margin_yoy": -9.668114008006851,
      "rev_growth_yoy": -0.12422478582253425,
      "rev_growth_yoy_accel": 0.21347655398522203,
      "fcf_margin_change": -0.3863524309465052
    },
    {
      "date": "2023-09-30T00:00:00",
      "quarter_label": "2023-09 (Q3)",
      "revenue": 674148000,
      "gross_profit": null,
      "operating_income": -79825000,
      "net_income": -2265000,
      "opex": 753973000,
      "cogs": null,
      "rd": 322756000,
      "sga": null,
      "fcf": 313781000,
      "ocf": 313935000,
      "capex": -154000,
      "gross_margin": null,
      "op_margin": -0.1184087173736331,
      "fcf_margin": 0.46544823985237666,
      "incr_op_margin_yoy": 5.687444069252706,
      "rev_growth_yoy": 0.14196758133885784,
      "rev_growth_yoy_accel": 0.2661923671613921,
      "fcf_margin_change": 0.25243417452495553
    },
    {
      "date": "2023-12-31T00:00:00",
      "quarter_label": "2023-12 (Q4)",
      "revenue": 953795000,
      "gross_profit": null,
      "operating_income": 115613000,
      "net_income": 273437000,
      "opex": 838182000,
      "cogs": null,
      "rd": 323087000,
      "sga": null,
      "fcf": -254761000,
      "ocf": -254761000,
      "capex": null,
      "gross_margin": null,
      "op_margin": 0.12121367799160197,
      "fcf_margin": -0.2671024696082491,
      "incr_op_margin_yoy": 2.065019541897273,
      "rev_growth_yoy": 0.5161069323550169,
      "rev_growth_yoy_accel": 0.3741393510161591,
      "op_leverage_ratio": 3.7140880735715225,
      "fcf_margin_change": -0.7325507094606258
    },
    {
      "date": "2024-03-31T00:00:00",
      "quarter_label": "2024-03 (Q1)",
      "revenue": 1637570000,
      "gross_profit": null,
      "operating_income": 760461000,
      "net_income": 1176245000,
      "opex": 877109000,
      "cogs": null,
      "rd": 357863000,
      "sga": null,
      "fcf": 411485000,
      "ocf": 411485000,
      "capex": null,
      "gross_margin": null,
      "op_margin": 0.46438381260037737,
      "fcf_margin": 0.2512778079715676,
      "incr_op_margin_yoy": 1.0223053011360155,
      "rev_growth_yoy": 1.1197521387546616,
      "rev_growth_yoy_accel": 0.6036452063996447,
      "op_leverage_ratio": 15.436383932265326,
      "fcf_margin_change": 0.5183802775798168
    },
    {
      "date": "2024-06-30T00:00:00",
      "quarter_label": "2024-06 (Q2)",
      "revenue": 1449628000,
      "gross_profit": null,
      "operating_income": 343117000,
      "net_income": 36150000,
      "opex": 1106511000,
      "cogs": null,
      "rd": 364258000,
      "sga": null,
      "fcf": 484197000,
      "ocf": 484197000,
      "capex": null,
      "gross_margin": null,
      "op_margin": 0.23669313782570425,
      "fcf_margin": 0.33401465755352405,
      "incr_op_margin_yoy": 0.561793783882532,
      "rev_growth_yoy": 1.0477545906194423,
      "rev_growth_yoy_accel": -0.0719975481352193,
      "fcf_margin_change": 0.08273684958195643
    },
    {
      "date": "2024-09-30T00:00:00",
      "quarter_label": "2024-09 (Q3)",
      "revenue": 1205193000,
      "gross_profit": null,
      "operating_income": 169513000,
      "net_income": 75495000,
      "opex": 1035680000,
      "cogs": null,
      "rd": 377440000,
      "sga": null,
      "fcf": 696544000,
      "ocf": 696544000,
      "capex": null,
      "gross_margin": null,
      "op_margin": 0.14065216110614648,
      "fcf_margin": 0.5779522449931256,
      "incr_op_margin_yoy": 0.46952329840220697,
      "rev_growth_yoy": 0.7877276206411649,
      "rev_growth_yoy_accel": -0.26002696997827746,
      "fcf_margin_change": 0.24393758743960153
    },
    {
      "date": "2024-12-31T00:00:00",
      "quarter_label": "2024-12 (Q4)",
      "revenue": 2271637000,
      "gross_profit": null,
      "operating_income": 1034069000,
      "net_income": 1291176000,
      "opex": 1237568000,
      "cogs": null,
      "rd": 368691000,
      "sga": null,
      "fcf": 1511709000,
      "ocf": 1511709000,
      "capex": null,
      "gross_margin": null,
      "op_margin": 0.4552087327332668,
      "fcf_margin": 0.6654711998439892,
      "incr_op_margin_yoy": 0.6969393903062734,
      "rev_growth_yoy": 1.3816826466903265,
      "rev_growth_yoy_accel": 0.5939550260491616,
      "op_leverage_ratio": 4.53937998643464,
      "fcf_margin_change": 0.08751895485086358
    },
    {
      "date": "2025-03-31T00:00:00",
      "quarter_label": "2025-03 (Q1)",
      "revenue": 2034295000,
      "gross_profit": null,
      "operating_income": 705806000,
      "net_income": 65608000,
      "opex": 1328489000,
      "cogs": null,
      "rd": 355368000,
      "sga": null,
      "fcf": -182727000,
      "ocf": -182727000,
      "capex": null,
      "gross_margin": null,
      "op_margin": 0.34695361292241295,
      "fcf_margin": -0.08982325572249845,
      "incr_op_margin_yoy": -0.13776545466002899,
      "rev_growth_yoy": 0.24226445281728415,
      "rev_growth_yoy_accel": -1.1394181938730423,
      "fcf_margin_change": -0.7552944555664877
    },
    {
      "date": "2025-06-30T00:00:00",
      "quarter_label": "2025-06 (Q2)",
      "revenue": 1497208000,
      "gross_profit": null,
      "operating_income": -24650000,
      "net_income": 1428900000,
      "opex": 1521858000,
      "cogs": null,
      "rd": 387322000,
      "sga": null,
      "fcf": 328474000,
      "ocf": 328474000,
      "capex": null,
      "gross_margin": null,
      "op_margin": -0.016463978284914322,
      "fcf_margin": 0.21939102649732034,
      "incr_op_margin_yoy": -7.729445145018915,
      "rev_growth_yoy": 0.032822213698962766,
      "rev_growth_yoy_accel": -0.20944223911832138,
      "fcf_margin_change": 0.3092142822198188
    },
    {
      "date": "2025-09-30T00:00:00",
      "quarter_label": "2025-09 (Q3)",
      "revenue": 1868693000,
      "gross_profit": null,
      "operating_income": 480532000,
      "net_income": 432552000,
      "opex": 1388161000,
      "cogs": null,
      "rd": 430585000,
      "sga": null,
      "fcf": -784515000,
      "ocf": -784515000,
      "capex": null,
      "gross_margin": null,
      "op_margin": 0.2571487130309794,
      "fcf_margin": -0.419820163076546,
      "incr_op_margin_yoy": 0.4687550866616428,
      "rev_growth_yoy": 0.5505342297872623,
      "rev_growth_yoy_accel": 0.5177120160882995,
      "op_leverage_ratio": null,
      "fcf_margin_change": -0.6392111895738664
    },
    {
      "date": "2025-12-31T00:00:00",
      "quarter_label": "2025-12 (Q4)",
      "revenue": 1781129000,
      "gross_profit": null,
      "operating_income": 273753000,
      "net_income": -666733000,
      "opex": 1507376000,
      "cogs": null,
      "rd": 497330000,
      "sga": null,
      "fcf": 3065151000,
      "ocf": 3065151000,
      "capex": null,
      "gross_margin": null,
      "op_margin": 0.15369633530193488,
      "fcf_margin": 1.7209034269836716,
      "incr_op_margin_yoy": 1.5500583068981546,
      "rev_growth_yoy": -0.21592710455059502,
      "rev_growth_yoy_accel": -0.7664613343378573,
      "fcf_margin_change": 2.1407235900602175
    }
  ],
  "signals": [
    {
      "quarter": "2025-12 (Q4)",
      "signal": "FCF TURNED POSITIVE",
      "detail": "FCF margin: -42.0% -> +172.1%",
      "severity": "HIGH"
    },
    {
      "quarter": "2025-12 (Q4)",
      "signal": "YoY REVENUE GROWTH DECELERATION",
      "detail": "YoY growth: -21.6% vs prior quarter YoY: +55.1% (decel: -76.6%)",
      "severity": "WARNING"
    },
    {
      "quarter": "2025-12 (Q4)",
      "signal": "INCREMENTAL MARGIN (YoY)",
      "detail": "YoY Incr OPM: +155.0% vs year-ago OPM: +45.5%",
      "severity": "HIGH"
    },
    {
      "quarter": "2025-09 (Q3)",
      "signal": "YoY REVENUE GROWTH ACCELERATION",
      "detail": "YoY growth: +55.1% vs prior quarter YoY: +3.3% (accel: +51.8%)",
      "severity": "HIGH"
    },
    {
      "quarter": "2025-09 (Q3)",
      "signal": "INCREMENTAL MARGIN (YoY)",
      "detail": "YoY Incr OPM: +46.9% vs year-ago OPM: +14.1%",
      "severity": "HIGH"
    },
    {
      "quarter": "2025-09 (Q3)",
      "signal": "OP MARGIN TURNED POSITIVE (QoQ)",
      "detail": "Op margin: -1.6% -> +25.7%",
      "severity": "HIGH"
    },
    {
      "quarter": "2025-06 (Q2)",
      "signal": "FCF TURNED POSITIVE",
      "detail": "FCF margin: -9.0% -> +21.9%",
      "severity": "HIGH"
    },
    {
      "quarter": "2025-06 (Q2)",
      "signal": "YoY REVENUE GROWTH DECELERATION",
      "detail": "YoY growth: +3.3% vs prior quarter YoY: +24.2% (decel: -20.9%)",
      "severity": "WARNING"
    },
    {
      "quarter": "2025-03 (Q1)",
      "signal": "YoY REVENUE GROWTH DECELERATION",
      "detail": "YoY growth: +24.2% vs prior quarter YoY: +138.2% (decel: -113.9%)",
      "severity": "WARNING"
    },
    {
      "quarter": "2024-12 (Q4)",
      "signal": "FCF MARGIN EXPANSION",
      "detail": "FCF margin: +57.8% -> +66.5% (+8.8%)",
      "severity": "MEDIUM"
    },
    {
      "quarter": "2024-12 (Q4)",
      "signal": "OPERATING LEVERAGE",
      "detail": "Rev growth +88.5% vs OpEx growth +19.5% (leverage: 4.5x)",
      "severity": "MEDIUM"
    },
    {
      "quarter": "2024-12 (Q4)",
      "signal": "YoY REVENUE GROWTH ACCELERATION",
      "detail": "YoY growth: +138.2% vs prior quarter YoY: +78.8% (accel: +59.4%)",
      "severity": "HIGH"
    },
    {
      "quarter": "2024-12 (Q4)",
      "signal": "INCREMENTAL MARGIN (YoY)",
      "detail": "YoY Incr OPM: +69.7% vs year-ago OPM: +12.1%",
      "severity": "HIGH"
    },
    {
      "quarter": "2024-09 (Q3)",
      "signal": "FCF MARGIN EXPANSION",
      "detail": "FCF margin: +33.4% -> +57.8% (+24.4%)",
      "severity": "MEDIUM"
    },
    {
      "quarter": "2024-09 (Q3)",
      "signal": "YoY REVENUE GROWTH DECELERATION",
      "detail": "YoY growth: +78.8% vs prior quarter YoY: +104.8% (decel: -26.0%)",
      "severity": "WARNING"
    },
    {
      "quarter": "2024-09 (Q3)",
      "signal": "OP MARGIN TURNED POSITIVE (YoY)",
      "detail": "Op margin: -11.8% (year-ago) -> +14.1%",
      "severity": "HIGH"
    },
    {
      "quarter": "2024-06 (Q2)",
      "signal": "FCF MARGIN EXPANSION",
      "detail": "FCF margin: +25.1% -> +33.4% (+8.3%)",
      "severity": "MEDIUM"
    },
    {
      "quarter": "2024-06 (Q2)",
      "signal": "YoY REVENUE GROWTH DECELERATION",
      "detail": "YoY growth: +104.8% vs prior quarter YoY: +112.0% (decel: -7.2%)",
      "severity": "WARNING"
    },
    {
      "quarter": "2024-06 (Q2)",
      "signal": "OP MARGIN TURNED POSITIVE (YoY)",
      "detail": "Op margin: -10.4% (year-ago) -> +23.7%",
      "severity": "HIGH"
    },
    {
      "quarter": "2024-03 (Q1)",
      "signal": "FCF TURNED POSITIVE",
      "detail": "FCF margin: -26.7% -> +25.1%",
      "severity": "HIGH"
    },
    {
      "quarter": "2024-03 (Q1)",
      "signal": "OPERATING LEVERAGE",
      "detail": "Rev growth +71.7% vs OpEx growth +4.6% (leverage: 15.4x)",
      "severity": "MEDIUM"
    },
    {
      "quarter": "2024-03 (Q1)",
      "signal": "YoY REVENUE GROWTH ACCELERATION",
      "detail": "YoY growth: +112.0% vs prior quarter YoY: +51.6% (accel: +60.4%)",
      "severity": "HIGH"
    },
    {
      "quarter": "2024-03 (Q1)",
      "signal": "OP MARGIN TURNED POSITIVE (YoY)",
      "detail": "Op margin: -16.0% (year-ago) -> +46.4%",
      "severity": "HIGH"
    },
    {
      "quarter": "2023-12 (Q4)",
      "signal": "OPERATING LEVERAGE",
      "detail": "Rev growth +41.5% vs OpEx growth +11.2% (leverage: 3.7x)",
      "severity": "MEDIUM"
    },
    {
      "quarter": "2023-12 (Q4)",
      "signal": "YoY REVENUE GROWTH ACCELERATION",
      "detail": "YoY growth: +51.6% vs prior quarter YoY: +14.2% (accel: +37.4%)",
      "severity": "HIGH"
    },
    {
      "quarter": "2023-12 (Q4)",
      "signal": "OP MARGIN TURNED POSITIVE (YoY)",
      "detail": "Op margin: -88.2% (year-ago) -> +12.1%",
      "severity": "HIGH"
    },
    {
      "quarter": "2023-12 (Q4)",
      "signal": "OP MARGIN TURNED POSITIVE (QoQ)",
      "detail": "Op margin: -11.8% -> +12.1%",
      "severity": "HIGH"
    },
    {
      "quarter": "2023-09 (Q3)",
      "signal": "FCF MARGIN EXPANSION",
      "detail": "FCF margin: +21.3% -> +46.5% (+25.2%)",
      "severity": "MEDIUM"
    },
    {
      "quarter": "2023-09 (Q3)",
      "signal": "YoY REVENUE GROWTH ACCELERATION",
      "detail": "YoY growth: +14.2% vs prior quarter YoY: -12.4% (accel: +26.6%)",
      "severity": "HIGH"
    },
    {
      "quarter": "2023-06 (Q2)",
      "signal": "YoY REVENUE GROWTH ACCELERATION",
      "detail": "YoY growth: -12.4% vs prior quarter YoY: -33.8% (accel: +21.3%)",
      "severity": "HIGH"
    },
    {
      "quarter": "2023-03 (Q1)",
      "signal": "FCF TURNED POSITIVE",
      "detail": "FCF margin: -118.4% -> +59.9%",
      "severity": "HIGH"
    },
    {
      "quarter": "2023-03 (Q1)",
      "signal": "YoY REVENUE GROWTH ACCELERATION",
      "detail": "YoY growth: -33.8% vs prior quarter YoY: -74.8% (accel: +41.1%)",
      "severity": "HIGH"
    },
    {
      "quarter": "2022-12 (Q4)",
      "signal": "OPERATING LEVERAGE",
      "detail": "Rev growth +6.6% vs OpEx growth +3.2% (leverage: 2.0x)",
      "severity": "MEDIUM"
    },
    {
      "quarter": "2022-12 (Q4)",
      "signal": "YoY REVENUE GROWTH DECELERATION",
      "detail": "YoY growth: -74.8% vs prior quarter YoY: -55.0% (decel: -19.8%)",
      "severity": "WARNING"
    },
    {
      "quarter": "2022-09 (Q3)",
      "signal": "YoY REVENUE GROWTH ACCELERATION",
      "detail": "YoY growth: -55.0% vs prior quarter YoY: -63.7% (accel: +8.7%)",
      "severity": "MEDIUM"
    },
    {
      "quarter": "2022-06 (Q2)",
      "signal": "YoY REVENUE GROWTH DECELERATION",
      "detail": "YoY growth: -63.7% vs prior quarter YoY: -35.2% (decel: -28.5%)",
      "severity": "WARNING"
    },
    {
      "quarter": "2022-03 (Q1)",
      "signal": "FCF MARGIN EXPANSION",
      "detail": "FCF margin: -148.1% -> -7.9% (+140.1%)",
      "severity": "MEDIUM"
    },
    {
      "quarter": "2021-12 (Q4)",
      "signal": "OPERATING LEVERAGE",
      "detail": "Rev growth +90.4% vs OpEx growth +54.5% (leverage: 1.7x)",
      "severity": "MEDIUM"
    }
  ],
  "data_quality": {
    "n_quarters": 20,
    "coverage": {
      "revenue": [
        20,
        20
      ],
      "gross_profit": [
        0,
        20
      ],
      "op_income": [
        20,
        20
      ],
      "fcf": [
        20,
        20
      ]
    },
    "gaps": [],
    "warnings": [
      "gross_profit: no data"
    ]
  },
  "market_cap": null,
  "source": "SEC EDGAR",
  "last_updated": "2026-02-13T11:33:56.426316"
}