{
  "ticker": "COLD",
  "name": "AMERICOLD REALTY TRUST",
  "quarters": [
    {
      "date": "2020-12-31T00:00:00",
      "quarter_label": "2020-12 (Q4)",
      "revenue": 523678000,
      "gross_profit": null,
      "operating_income": 26771000,
      "net_income": -44007000,
      "opex": 496907000,
      "cogs": null,
      "rd": null,
      "sga": 39536000,
      "fcf": -68721000,
      "ocf": 66482000,
      "capex": -135203000,
      "gross_margin": null,
      "op_margin": 0.05112110877294826,
      "fcf_margin": -0.13122758641760776
    },
    {
      "date": "2021-03-31T00:00:00",
      "quarter_label": "2021-03 (Q1)",
      "revenue": 634795000,
      "gross_profit": null,
      "operating_income": 14226000,
      "net_income": -14414000,
      "opex": 620569000,
      "cogs": null,
      "rd": null,
      "sga": 45052000,
      "fcf": -53935000,
      "ocf": 46531000,
      "capex": -100466000,
      "gross_margin": null,
      "op_margin": 0.022410384454824,
      "fcf_margin": -0.08496443733803827,
      "op_leverage_ratio": 0.8526190402587399,
      "fcf_margin_change": 0.04626314907956949
    },
    {
      "date": "2021-06-30T00:00:00",
      "quarter_label": "2021-06 (Q2)",
      "revenue": 654707000,
      "gross_profit": null,
      "operating_income": 22905000,
      "net_income": -13370000,
      "opex": 631802000,
      "cogs": null,
      "rd": null,
      "sga": 42475000,
      "fcf": -25604000,
      "ocf": 81222000,
      "capex": -106826000,
      "gross_margin": null,
      "op_margin": 0.034985115479138,
      "fcf_margin": -0.03910757025661861,
      "op_leverage_ratio": 1.732908788812921,
      "fcf_margin_change": 0.04585686708141966
    },
    {
      "date": "2021-09-30T00:00:00",
      "quarter_label": "2021-09 (Q3)",
      "revenue": 708808000,
      "gross_profit": null,
      "operating_income": 31535000,
      "net_income": 5294000,
      "opex": 677273000,
      "cogs": null,
      "rd": null,
      "sga": 45545000,
      "fcf": -69371000,
      "ocf": 36566000,
      "capex": -105937000,
      "gross_margin": null,
      "op_margin": 0.044490186341011956,
      "fcf_margin": -0.09786994503448042,
      "op_leverage_ratio": 1.1481663096800854,
      "fcf_margin_change": -0.05876237477786181
    },
    {
      "date": "2021-12-31T00:00:00",
      "quarter_label": "2021-12 (Q4)",
      "revenue": 716480000,
      "gross_profit": null,
      "operating_income": 4195000,
      "net_income": -7965000,
      "opex": 712285000,
      "cogs": null,
      "rd": null,
      "sga": 49004000,
      "fcf": -16220000,
      "ocf": 108741000,
      "capex": -124961000,
      "gross_margin": null,
      "op_margin": 0.005855013398838768,
      "fcf_margin": -0.02263845466726217,
      "incr_op_margin_yoy": -0.11709422101430483,
      "rev_growth_yoy": 0.36816898934077813,
      "op_leverage_ratio": 0.20937596510887,
      "fcf_margin_change": 0.07523149036721824
    },
    {
      "date": "2022-03-31T00:00:00",
      "quarter_label": "2022-03 (Q1)",
      "revenue": 705695000,
      "gross_profit": null,
      "operating_income": 7991000,
      "net_income": -17407000,
      "opex": 697704000,
      "cogs": null,
      "rd": null,
      "sga": 57602000,
      "fcf": -77434000,
      "ocf": 15586000,
      "capex": -93020000,
      "gross_margin": null,
      "op_margin": 0.011323588802528005,
      "fcf_margin": -0.10972729011825222,
      "incr_op_margin_yoy": -0.08794076163610719,
      "rev_growth_yoy": 0.1116896005797147,
      "rev_growth_yoy_accel": -0.2564793887610634,
      "fcf_margin_change": -0.08708883545099005
    },
    {
      "date": "2022-06-30T00:00:00",
      "quarter_label": "2022-06 (Q2)",
      "revenue": 729756000,
      "gross_profit": null,
      "operating_income": 23665000,
      "net_income": 3935000,
      "opex": 706091000,
      "cogs": null,
      "rd": null,
      "sga": 56273000,
      "fcf": 28967000,
      "ocf": 117656000,
      "capex": -88689000,
      "gross_margin": null,
      "op_margin": 0.03242864738350901,
      "fcf_margin": 0.03969408953129539,
      "incr_op_margin_yoy": 0.010126717211421872,
      "rev_growth_yoy": 0.11462990314751484,
      "rev_growth_yoy_accel": 0.002940302567800132,
      "op_leverage_ratio": 2.8363590234675535,
      "fcf_margin_change": 0.1494213796495476
    },
    {
      "date": "2022-09-30T00:00:00",
      "quarter_label": "2022-09 (Q3)",
      "revenue": 757780000,
      "gross_profit": null,
      "operating_income": 23170000,
      "net_income": -8912000,
      "opex": 734610000,
      "cogs": null,
      "rd": null,
      "sga": 57119000,
      "fcf": -22762000,
      "ocf": 49641000,
      "capex": -72403000,
      "gross_margin": null,
      "op_margin": 0.030576156668162262,
      "fcf_margin": -0.030037741824804034,
      "incr_op_margin_yoy": -0.17081189251000573,
      "rev_growth_yoy": 0.0690906423178068,
      "rev_growth_yoy_accel": -0.045539260829708036,
      "op_leverage_ratio": 0.9507773619595548,
      "fcf_margin_change": -0.06973183135609942
    },
    {
      "date": "2022-12-31T00:00:00",
      "quarter_label": "2022-12 (Q4)",
      "revenue": 721504000,
      "gross_profit": null,
      "operating_income": 33044000,
      "net_income": 2944000,
      "opex": 688460000,
      "cogs": null,
      "rd": null,
      "sga": 60073000,
      "fcf": 62860000,
      "ocf": 117113000,
      "capex": -54253000,
      "gross_margin": null,
      "op_margin": 0.04579877589036235,
      "fcf_margin": 0.08712356411052469,
      "incr_op_margin_yoy": 5.742237261146497,
      "rev_growth_yoy": 0.007012058954890576,
      "rev_growth_yoy_accel": -0.062078583362916225,
      "fcf_margin_change": 0.11716130593532872
    },
    {
      "date": "2023-03-31T00:00:00",
      "quarter_label": "2023-03 (Q1)",
      "revenue": 676489000,
      "gross_profit": null,
      "operating_income": 32349000,
      "net_income": -2562000,
      "opex": 644140000,
      "cogs": null,
      "rd": null,
      "sga": 62855000,
      "fcf": -27781000,
      "ocf": 41481000,
      "capex": -69262000,
      "gross_margin": null,
      "op_margin": 0.04781895936223649,
      "fcf_margin": -0.04106644749582033,
      "incr_op_margin_yoy": -0.8340067109498048,
      "rev_growth_yoy": -0.04138615124097521,
      "rev_growth_yoy_accel": -0.048398210195865786,
      "fcf_margin_change": -0.12819001160634502
    },
    {
      "date": "2023-06-30T00:00:00",
      "quarter_label": "2023-06 (Q2)",
      "revenue": 649610000,
      "gross_profit": null,
      "operating_income": 20667000,
      "net_income": -104724000,
      "opex": 628943000,
      "cogs": null,
      "rd": null,
      "sga": 53785000,
      "fcf": -17425000,
      "ocf": 41287000,
      "capex": -58712000,
      "gross_margin": null,
      "op_margin": 0.03181447329936423,
      "fcf_margin": -0.02682378657964009,
      "incr_op_margin_yoy": 0.037406732712799144,
      "rev_growth_yoy": -0.10982574997670454,
      "rev_growth_yoy_accel": -0.06843959873572933,
      "fcf_margin_change": 0.014242660916180237
    },
    {
      "date": "2023-09-30T00:00:00",
      "quarter_label": "2023-09 (Q3)",
      "revenue": 667939000,
      "gross_profit": null,
      "operating_income": 33000000,
      "net_income": -2088000,
      "opex": 634939000,
      "cogs": null,
      "rd": null,
      "sga": 52383000,
      "fcf": 50102000,
      "ocf": 110445000,
      "capex": -60343000,
      "gross_margin": null,
      "op_margin": 0.0494057092039842,
      "fcf_margin": 0.07500984371327322,
      "incr_op_margin_yoy": -0.10941552297948598,
      "rev_growth_yoy": -0.11855815672094804,
      "rev_growth_yoy_accel": -0.008732406744243498,
      "op_leverage_ratio": 2.959618498815202,
      "fcf_margin_change": 0.10183363029291331
    },
    {
      "date": "2023-12-31T00:00:00",
      "quarter_label": "2023-12 (Q4)",
      "revenue": 679291000,
      "gross_profit": null,
      "operating_income": -194321000,
      "net_income": -226841000,
      "opex": 873612000,
      "cogs": null,
      "rd": null,
      "sga": 57763000,
      "fcf": 96792000,
      "ocf": 172942000,
      "capex": -76150000,
      "gross_margin": null,
      "op_margin": -0.2860644407183372,
      "fcf_margin": 0.14248974298202097,
      "incr_op_margin_yoy": 5.386136972022837,
      "rev_growth_yoy": -0.05850695214440946,
      "rev_growth_yoy_accel": 0.06005120457653858,
      "op_leverage_ratio": 0.045213100724071725,
      "fcf_margin_change": 0.06747989926874774
    },
    {
      "date": "2024-03-31T00:00:00",
      "quarter_label": "2024-03 (Q1)",
      "revenue": 664980000,
      "gross_profit": 210836000,
      "operating_income": 41831000,
      "net_income": 9740000,
      "opex": 623149000,
      "cogs": 454144000,
      "rd": null,
      "sga": 65426000,
      "fcf": 16236000,
      "ocf": 61989000,
      "capex": -45753000,
      "gross_margin": 0.31705615206472376,
      "op_margin": 0.06290565129778339,
      "fcf_margin": 0.024415771902914375,
      "incr_op_margin_yoy": -0.8238769658528109,
      "rev_growth_yoy": -0.017012841302667153,
      "rev_growth_yoy_accel": 0.0414941108417423,
      "fcf_margin_change": -0.1180739710791066
    },
    {
      "date": "2024-06-30T00:00:00",
      "quarter_label": "2024-06 (Q2)",
      "revenue": 660955000,
      "gross_profit": 215483000,
      "operating_income": 63368000,
      "net_income": -64109000,
      "opex": 597587000,
      "cogs": 445472000,
      "rd": null,
      "sga": 59453000,
      "fcf": 73328000,
      "ocf": 136670000,
      "capex": -63342000,
      "gross_margin": 0.32601765627009405,
      "op_margin": 0.09587339531435574,
      "fcf_margin": 0.1109424998676158,
      "incr_op_margin_yoy": 3.7638607315998236,
      "rev_growth_yoy": 0.01746432474869537,
      "rev_growth_yoy_accel": 0.03447716605136252,
      "fcf_margin_change": 0.08652672796470143
    },
    {
      "date": "2024-09-30T00:00:00",
      "quarter_label": "2024-09 (Q3)",
      "revenue": 674171000,
      "gross_profit": 209218000,
      "operating_income": 30179000,
      "net_income": -3729000,
      "opex": 643992000,
      "cogs": 464953000,
      "rd": null,
      "sga": 63663000,
      "fcf": -44549000,
      "ocf": 50613000,
      "capex": -95162000,
      "gross_margin": 0.31033372838641826,
      "op_margin": 0.044764607199063736,
      "fcf_margin": -0.06607967414795356,
      "incr_op_margin_yoy": -0.45266367137355584,
      "rev_growth_yoy": 0.009330193326037258,
      "rev_growth_yoy_accel": -0.008134131422658111,
      "op_leverage_ratio": 0.25749245140664745,
      "fcf_margin_change": -0.17702217401556936
    },
    {
      "date": "2024-12-31T00:00:00",
      "quarter_label": "2024-12 (Q4)",
      "revenue": 666435000,
      "gross_profit": 211190000,
      "operating_income": -11367000,
      "net_income": -36215000,
      "opex": 677802000,
      "cogs": 455245000,
      "rd": null,
      "sga": 66576000,
      "fcf": 57404000,
      "ocf": 162605000,
      "capex": -105201000,
      "gross_margin": 0.31689512105456646,
      "op_margin": -0.017056427108420175,
      "fcf_margin": 0.08613593223645216,
      "incr_op_margin_yoy": -14.231020535158681,
      "rev_growth_yoy": -0.018925615089851036,
      "rev_growth_yoy_accel": -0.028255808415888296,
      "fcf_margin_change": 0.15221560638440573
    },
    {
      "date": "2025-03-31T00:00:00",
      "quarter_label": "2025-03 (Q1)",
      "revenue": 628980000,
      "gross_profit": 205848000,
      "operating_income": 22217000,
      "net_income": -16380000,
      "opex": 606763000,
      "cogs": 423132000,
      "rd": null,
      "sga": 69235000,
      "fcf": -82341000,
      "ocf": 30202000,
      "capex": -112543000,
      "gross_margin": 0.32727272727272727,
      "op_margin": 0.035322267798658144,
      "fcf_margin": -0.1309119526853,
      "incr_op_margin_yoy": 0.5448333333333333,
      "rev_growth_yoy": -0.054136966525309034,
      "rev_growth_yoy_accel": -0.035211351435458,
      "fcf_margin_change": -0.21704788492175217
    },
    {
      "date": "2025-06-30T00:00:00",
      "quarter_label": "2025-06 (Q2)",
      "revenue": 650748000,
      "gross_profit": 211656000,
      "operating_income": 37595000,
      "net_income": 1539000,
      "opex": 613153000,
      "cogs": 439092000,
      "rd": null,
      "sga": 66907000,
      "fcf": -57358000,
      "ocf": 120317000,
      "capex": -177675000,
      "gross_margin": 0.3252503273156429,
      "op_margin": 0.05777197932225685,
      "fcf_margin": -0.08814164622864765,
      "incr_op_margin_yoy": 2.5250318408935044,
      "rev_growth_yoy": -0.015442806242482468,
      "rev_growth_yoy_accel": 0.038694160282826566,
      "op_leverage_ratio": 3.286244894297153,
      "fcf_margin_change": 0.04277030645665236
    },
    {
      "date": "2025-09-30T00:00:00",
      "quarter_label": "2025-09 (Q3)",
      "revenue": 663665000,
      "gross_profit": 205028000,
      "operating_income": 16751000,
      "net_income": -11366000,
      "opex": 646914000,
      "cogs": 458637000,
      "rd": null,
      "sga": 70982000,
      "fcf": -65352000,
      "ocf": 78915000,
      "capex": -144267000,
      "gross_margin": 0.30893297070057935,
      "op_margin": 0.025240143747221867,
      "fcf_margin": -0.09847136733140967,
      "incr_op_margin_yoy": 1.2781267846944604,
      "rev_growth_yoy": -0.015583583393530722,
      "rev_growth_yoy_accel": -0.00014077715104825368,
      "op_leverage_ratio": 0.3604975961344275,
      "fcf_margin_change": -0.010329721102762021
    }
  ],
  "signals": [
    {
      "quarter": "2025-09 (Q3)",
      "signal": "INCREMENTAL MARGIN (YoY)",
      "detail": "YoY Incr OPM: +127.8% vs year-ago OPM: +4.5%",
      "severity": "HIGH"
    },
    {
      "quarter": "2025-06 (Q2)",
      "signal": "OPERATING LEVERAGE",
      "detail": "Rev growth +3.5% vs OpEx growth +1.1% (leverage: 3.3x)",
      "severity": "MEDIUM"
    },
    {
      "quarter": "2025-06 (Q2)",
      "signal": "INCREMENTAL MARGIN (YoY)",
      "detail": "YoY Incr OPM: +252.5% vs year-ago OPM: +9.6%",
      "severity": "HIGH"
    },
    {
      "quarter": "2025-03 (Q1)",
      "signal": "INCREMENTAL MARGIN (YoY)",
      "detail": "YoY Incr OPM: +54.5% vs year-ago OPM: +6.3%",
      "severity": "HIGH"
    },
    {
      "quarter": "2025-03 (Q1)",
      "signal": "OP MARGIN TURNED POSITIVE (QoQ)",
      "detail": "Op margin: -1.7% -> +3.5%",
      "severity": "HIGH"
    },
    {
      "quarter": "2024-12 (Q4)",
      "signal": "FCF TURNED POSITIVE",
      "detail": "FCF margin: -6.6% -> +8.6%",
      "severity": "HIGH"
    },
    {
      "quarter": "2024-06 (Q2)",
      "signal": "FCF MARGIN EXPANSION",
      "detail": "FCF margin: +2.4% -> +11.1% (+8.7%)",
      "severity": "MEDIUM"
    },
    {
      "quarter": "2024-06 (Q2)",
      "signal": "INCREMENTAL MARGIN (YoY)",
      "detail": "YoY Incr OPM: +376.4% vs year-ago OPM: +3.2%",
      "severity": "HIGH"
    },
    {
      "quarter": "2024-03 (Q1)",
      "signal": "OP MARGIN TURNED POSITIVE (QoQ)",
      "detail": "Op margin: -28.6% -> +6.3%",
      "severity": "HIGH"
    },
    {
      "quarter": "2023-12 (Q4)",
      "signal": "FCF MARGIN EXPANSION",
      "detail": "FCF margin: +7.5% -> +14.2% (+6.7%)",
      "severity": "MEDIUM"
    },
    {
      "quarter": "2023-12 (Q4)",
      "signal": "YoY REVENUE GROWTH ACCELERATION",
      "detail": "YoY growth: -5.9% vs prior quarter YoY: -11.9% (accel: +6.0%)",
      "severity": "MEDIUM"
    },
    {
      "quarter": "2023-09 (Q3)",
      "signal": "FCF TURNED POSITIVE",
      "detail": "FCF margin: -2.7% -> +7.5%",
      "severity": "HIGH"
    },
    {
      "quarter": "2023-09 (Q3)",
      "signal": "OPERATING LEVERAGE",
      "detail": "Rev growth +2.8% vs OpEx growth +1.0% (leverage: 3.0x)",
      "severity": "MEDIUM"
    },
    {
      "quarter": "2023-06 (Q2)",
      "signal": "YoY REVENUE GROWTH DECELERATION",
      "detail": "YoY growth: -11.0% vs prior quarter YoY: -4.1% (decel: -6.8%)",
      "severity": "WARNING"
    },
    {
      "quarter": "2022-12 (Q4)",
      "signal": "FCF TURNED POSITIVE",
      "detail": "FCF margin: -3.0% -> +8.7%",
      "severity": "HIGH"
    },
    {
      "quarter": "2022-12 (Q4)",
      "signal": "YoY REVENUE GROWTH DECELERATION",
      "detail": "YoY growth: +0.7% vs prior quarter YoY: +6.9% (decel: -6.2%)",
      "severity": "WARNING"
    },
    {
      "quarter": "2022-12 (Q4)",
      "signal": "INCREMENTAL MARGIN (YoY)",
      "detail": "YoY Incr OPM: +574.2% vs year-ago OPM: +0.6%",
      "severity": "HIGH"
    },
    {
      "quarter": "2022-06 (Q2)",
      "signal": "FCF TURNED POSITIVE",
      "detail": "FCF margin: -11.0% -> +4.0%",
      "severity": "HIGH"
    },
    {
      "quarter": "2022-06 (Q2)",
      "signal": "OPERATING LEVERAGE",
      "detail": "Rev growth +3.4% vs OpEx growth +1.2% (leverage: 2.8x)",
      "severity": "MEDIUM"
    },
    {
      "quarter": "2022-03 (Q1)",
      "signal": "YoY REVENUE GROWTH DECELERATION",
      "detail": "YoY growth: +11.2% vs prior quarter YoY: +36.8% (decel: -25.6%)",
      "severity": "WARNING"
    },
    {
      "quarter": "2021-12 (Q4)",
      "signal": "FCF MARGIN EXPANSION",
      "detail": "FCF margin: -9.8% -> -2.3% (+7.5%)",
      "severity": "MEDIUM"
    },
    {
      "quarter": "2021-06 (Q2)",
      "signal": "OPERATING LEVERAGE",
      "detail": "Rev growth +3.1% vs OpEx growth +1.8% (leverage: 1.7x)",
      "severity": "MEDIUM"
    }
  ],
  "data_quality": {
    "n_quarters": 20,
    "coverage": {
      "revenue": [
        20,
        20
      ],
      "gross_profit": [
        7,
        20
      ],
      "op_income": [
        20,
        20
      ],
      "fcf": [
        20,
        20
      ]
    },
    "gaps": [],
    "warnings": [
      "gross_profit: 7/20Q"
    ]
  },
  "market_cap": null,
  "source": "SEC EDGAR",
  "last_updated": "2026-02-02T21:16:28.187754",
  "sector": "Real Estate",
  "industry": "REIT - Industrial"
}