{
  "ticker": "COLM",
  "name": "COLUMBIA SPORTSWEAR COMPANY",
  "quarters": [
    {
      "date": "2020-12-31T00:00:00",
      "quarter_label": "2020-12 (Q4)",
      "revenue": 915623000,
      "gross_profit": 463037000,
      "operating_income": 123693000,
      "net_income": 95756000,
      "opex": 339344000,
      "cogs": 452586000,
      "rd": null,
      "sga": 343284000,
      "fcf": 470443000,
      "ocf": 474037000,
      "capex": -3594000,
      "gross_margin": 0.5057070431826199,
      "op_margin": 0.13509162613870557,
      "fcf_margin": 0.5137955250141161
    },
    {
      "date": "2021-03-31T00:00:00",
      "quarter_label": "2021-03 (Q1)",
      "revenue": 625606000,
      "gross_profit": 321402000,
      "operating_income": 70480000,
      "net_income": null,
      "opex": 250922000,
      "cogs": 304204000,
      "rd": null,
      "sga": 254389000,
      "fcf": -37684000,
      "ocf": -33788000,
      "capex": -3896000,
      "gross_margin": 0.513745072777435,
      "op_margin": 0.11265876606042781,
      "fcf_margin": -0.06023599517907437,
      "fcf_margin_change": -0.5740315201931905
    },
    {
      "date": "2021-06-30T00:00:00",
      "quarter_label": "2021-06 (Q2)",
      "revenue": 566370000,
      "gross_profit": 292517000,
      "operating_income": 34995000,
      "net_income": null,
      "opex": 257522000,
      "cogs": 273853000,
      "rd": null,
      "sga": 261766000,
      "fcf": -87371000,
      "ocf": -78880000,
      "capex": -8491000,
      "gross_margin": 0.5164768614156823,
      "op_margin": 0.06178823030880873,
      "fcf_margin": -0.15426487984886206,
      "fcf_margin_change": -0.09402888466978769
    },
    {
      "date": "2021-09-30T00:00:00",
      "quarter_label": "2021-09 (Q3)",
      "revenue": 804706000,
      "gross_profit": 408360000,
      "operating_income": 133461000,
      "net_income": null,
      "opex": 274899000,
      "cogs": 396346000,
      "rd": null,
      "sga": 280121000,
      "fcf": 89004000,
      "ocf": 97030000,
      "capex": -8026000,
      "gross_margin": 0.5074648380899359,
      "op_margin": 0.1658506336475682,
      "fcf_margin": 0.11060436979468277,
      "op_leverage_ratio": 6.236327880732453,
      "fcf_margin_change": 0.26486924964354486
    },
    {
      "date": "2021-12-31T00:00:00",
      "quarter_label": "2021-12 (Q4)",
      "revenue": 1129720000,
      "gross_profit": 590176000,
      "operating_income": 211568000,
      "net_income": null,
      "opex": 378608000,
      "cogs": 539544000,
      "rd": null,
      "sga": 384047000,
      "fcf": 370044000,
      "ocf": 370044000,
      "capex": null,
      "gross_margin": 0.5224090925185002,
      "op_margin": 0.18727472294019756,
      "fcf_margin": 0.3275537301278193,
      "incr_op_margin_yoy": 0.4104447983857784,
      "rev_growth_yoy": 0.23382658583281546,
      "op_leverage_ratio": 1.070585957271131,
      "fcf_margin_change": 0.21694936033313653
    },
    {
      "date": "2022-03-31T00:00:00",
      "quarter_label": "2022-03 (Q1)",
      "revenue": 761510000,
      "gross_profit": 378447000,
      "operating_income": 83666000,
      "net_income": null,
      "opex": 294781000,
      "cogs": 383063000,
      "rd": null,
      "sga": 299086000,
      "fcf": -33788000,
      "ocf": -33788000,
      "capex": null,
      "gross_margin": 0.49696917965620935,
      "op_margin": 0.10986855064280181,
      "fcf_margin": -0.044369739071056194,
      "incr_op_margin_yoy": 0.0970243701436308,
      "rev_growth_yoy": 0.2172357681991541,
      "rev_growth_yoy_accel": -0.016590817633661353,
      "fcf_margin_change": -0.3719234691988755
    },
    {
      "date": "2022-06-30T00:00:00",
      "quarter_label": "2022-06 (Q2)",
      "revenue": 578063000,
      "gross_profit": 284160000,
      "operating_income": 8773000,
      "net_income": null,
      "opex": 275387000,
      "cogs": 293903000,
      "rd": null,
      "sga": 281258000,
      "fcf": -78880000,
      "ocf": -78880000,
      "capex": null,
      "gross_margin": 0.4915727178525524,
      "op_margin": 0.015176546500986916,
      "fcf_margin": -0.13645571503452045,
      "incr_op_margin_yoy": -2.242538270760284,
      "rev_growth_yoy": 0.020645514416370924,
      "rev_growth_yoy_accel": -0.1965902537827832,
      "fcf_margin_change": -0.09208597596346425
    },
    {
      "date": "2022-09-30T00:00:00",
      "quarter_label": "2022-09 (Q3)",
      "revenue": 955059000,
      "gross_profit": 458495000,
      "operating_income": 145261000,
      "net_income": null,
      "opex": 313234000,
      "cogs": 496564000,
      "rd": null,
      "sga": 318957000,
      "fcf": -215421000,
      "ocf": -215421000,
      "capex": null,
      "gross_margin": 0.48006981767618545,
      "op_margin": 0.15209636263309387,
      "fcf_margin": -0.22555779276463547,
      "incr_op_margin_yoy": 0.07848197242489342,
      "rev_growth_yoy": 0.18684215104646915,
      "rev_growth_yoy_accel": 0.16619663663009823,
      "op_leverage_ratio": 4.745407853062456,
      "fcf_margin_change": -0.08910207773011503
    },
    {
      "date": "2022-12-31T00:00:00",
      "quarter_label": "2022-12 (Q4)",
      "revenue": 1169520000,
      "gross_profit": 589976000,
      "operating_income": 155404000,
      "net_income": null,
      "opex": 434572000,
      "cogs": 579544000,
      "rd": null,
      "sga": 405093000,
      "fcf": 302848000,
      "ocf": 302848000,
      "capex": null,
      "gross_margin": 0.5044599493809426,
      "op_margin": 0.13287844585812983,
      "fcf_margin": 0.25895068062110954,
      "incr_op_margin_yoy": -1.4111557788944724,
      "rev_growth_yoy": 0.03522996848776688,
      "rev_growth_yoy_accel": -0.15161218255870226,
      "op_leverage_ratio": 0.5796824996455889,
      "fcf_margin_change": 0.484508473385745
    },
    {
      "date": "2023-03-31T00:00:00",
      "quarter_label": "2023-03 (Q1)",
      "revenue": 820593000,
      "gross_profit": 399500000,
      "operating_income": 56427000,
      "net_income": null,
      "opex": 343073000,
      "cogs": 421093000,
      "rd": null,
      "sga": 347398000,
      "fcf": 78002000,
      "ocf": 78002000,
      "capex": null,
      "gross_margin": 0.48684305130558025,
      "op_margin": 0.06876368674848554,
      "fcf_margin": 0.09505564878082069,
      "incr_op_margin_yoy": -0.46102939931960124,
      "rev_growth_yoy": 0.07758663707633517,
      "rev_growth_yoy_accel": 0.04235666858856829,
      "fcf_margin_change": -0.16389503184028886
    },
    {
      "date": "2023-06-30T00:00:00",
      "quarter_label": "2023-06 (Q2)",
      "revenue": 620933000,
      "gross_profit": 314045000,
      "operating_income": 6229000,
      "net_income": null,
      "opex": 307816000,
      "cogs": 306888000,
      "rd": null,
      "sga": 312529000,
      "fcf": -68294000,
      "ocf": -68294000,
      "capex": null,
      "gross_margin": 0.50576310165509,
      "op_margin": 0.01003167813596636,
      "fcf_margin": -0.1099861015600717,
      "incr_op_margin_yoy": -0.05934219734079776,
      "rev_growth_yoy": 0.07416146682974001,
      "rev_growth_yoy_accel": -0.003425170246595166,
      "fcf_margin_change": -0.2050417503408924
    },
    {
      "date": "2023-09-30T00:00:00",
      "quarter_label": "2023-09 (Q3)",
      "revenue": 985683000,
      "gross_profit": 480197000,
      "operating_income": 134554000,
      "net_income": null,
      "opex": 345643000,
      "cogs": 505486000,
      "rd": null,
      "sga": 351563000,
      "fcf": 12466000,
      "ocf": 12466000,
      "capex": null,
      "gross_margin": 0.4871718392221434,
      "op_margin": 0.1365083906286301,
      "fcf_margin": 0.012647068073609873,
      "incr_op_margin_yoy": -0.34962774294670845,
      "rev_growth_yoy": 0.03206503472560334,
      "rev_growth_yoy_accel": -0.04209643210413667,
      "op_leverage_ratio": 4.780131565511416,
      "fcf_margin_change": 0.12263316963368157
    },
    {
      "date": "2023-12-31T00:00:00",
      "quarter_label": "2023-12 (Q4)",
      "revenue": 1059994000,
      "gross_profit": 536190000,
      "operating_income": 113074000,
      "net_income": null,
      "opex": 423116000,
      "cogs": 523804000,
      "rd": null,
      "sga": 404823000,
      "fcf": 614123000,
      "ocf": 614123000,
      "capex": null,
      "gross_margin": 0.5058424859008636,
      "op_margin": 0.10667418872182295,
      "fcf_margin": 0.5793646001769821,
      "incr_op_margin_yoy": 0.38648357467633254,
      "rev_growth_yoy": -0.09365038648334359,
      "rev_growth_yoy_accel": -0.12571542120894694,
      "op_leverage_ratio": 0.33635139375566414,
      "fcf_margin_change": 0.5667175321033723
    },
    {
      "date": "2024-03-31T00:00:00",
      "quarter_label": "2024-03 (Q1)",
      "revenue": 769982000,
      "gross_profit": 389559000,
      "operating_income": 44681000,
      "net_income": null,
      "opex": 344878000,
      "cogs": 380423000,
      "rd": null,
      "sga": 349270000,
      "fcf": 106773000,
      "ocf": 106773000,
      "capex": null,
      "gross_margin": 0.5059326062167687,
      "op_margin": 0.05802862924068355,
      "fcf_margin": 0.1386694753903338,
      "incr_op_margin_yoy": 0.2320839343225781,
      "rev_growth_yoy": -0.061676129335736476,
      "rev_growth_yoy_accel": 0.03197425714760711,
      "fcf_margin_change": -0.4406951247866483
    },
    {
      "date": "2024-06-30T00:00:00",
      "quarter_label": "2024-06 (Q2)",
      "revenue": 570244000,
      "gross_profit": 273419000,
      "operating_income": -23802000,
      "net_income": -11741000,
      "opex": 297221000,
      "cogs": 296825000,
      "rd": null,
      "sga": 302749000,
      "fcf": 2120000,
      "ocf": 2120000,
      "capex": null,
      "gross_margin": 0.4794772062485533,
      "op_margin": -0.04174002707612882,
      "fcf_margin": 0.003717706806209272,
      "incr_op_margin_yoy": 0.5924559569137288,
      "rev_growth_yoy": -0.08163360620227947,
      "rev_growth_yoy_accel": -0.019957476866542992,
      "fcf_margin_change": -0.13495176858412453
    },
    {
      "date": "2024-09-30T00:00:00",
      "quarter_label": "2024-09 (Q3)",
      "revenue": 931768000,
      "gross_profit": 467559000,
      "operating_income": 112541000,
      "net_income": 90157000,
      "opex": 355018000,
      "cogs": 464209000,
      "rd": null,
      "sga": 361243000,
      "fcf": -185501000,
      "ocf": -185501000,
      "capex": null,
      "gross_margin": 0.5017976577860583,
      "op_margin": 0.12078221188106911,
      "fcf_margin": -0.19908496535618309,
      "incr_op_margin_yoy": 0.40829082815542983,
      "rev_growth_yoy": -0.054698112882133505,
      "rev_growth_yoy_accel": 0.026935493320145963,
      "op_leverage_ratio": 3.2602477474691134,
      "fcf_margin_change": -0.20280267216239237
    },
    {
      "date": "2024-12-31T00:00:00",
      "quarter_label": "2024-12 (Q4)",
      "revenue": 1096588000,
      "gross_profit": 560548000,
      "operating_income": 137321000,
      "net_income": null,
      "opex": 423227000,
      "cogs": 536040000,
      "rd": null,
      "sga": 430644000,
      "fcf": 567650000,
      "ocf": 567650000,
      "capex": null,
      "gross_margin": 0.5111746617690509,
      "op_margin": 0.12522570008061368,
      "fcf_margin": 0.5176511141832666,
      "incr_op_margin_yoy": 0.6625949609225557,
      "rev_growth_yoy": 0.034522836921718425,
      "rev_growth_yoy_accel": 0.08922094980385192,
      "op_leverage_ratio": 0.9206844521113098,
      "fcf_margin_change": 0.7167360795394497
    },
    {
      "date": "2025-03-31T00:00:00",
      "quarter_label": "2025-03 (Q1)",
      "revenue": 778452000,
      "gross_profit": 396057000,
      "operating_income": 46508000,
      "net_income": null,
      "opex": 349549000,
      "cogs": 382395000,
      "rd": null,
      "sga": 354471000,
      "fcf": -32038000,
      "ocf": -32038000,
      "capex": null,
      "gross_margin": 0.5087751075210803,
      "op_margin": 0.05974421030455314,
      "fcf_margin": -0.04115603788030604,
      "incr_op_margin_yoy": 0.21570247933884298,
      "rev_growth_yoy": 0.011000257148868415,
      "rev_growth_yoy_accel": -0.023522579772850008,
      "fcf_margin_change": -0.5588071520635727
    },
    {
      "date": "2025-06-30T00:00:00",
      "quarter_label": "2025-06 (Q2)",
      "revenue": 605246000,
      "gross_profit": 297108000,
      "operating_income": -23591000,
      "net_income": -10196000,
      "opex": 320699000,
      "cogs": 308138000,
      "rd": null,
      "sga": 325628000,
      "fcf": -30848000,
      "ocf": -30848000,
      "capex": null,
      "gross_margin": 0.4908880025642466,
      "op_margin": -0.038977539711125726,
      "fcf_margin": -0.05096770569322226,
      "incr_op_margin_yoy": 0.006028226958459517,
      "rev_growth_yoy": 0.061380742278743836,
      "rev_growth_yoy_accel": 0.05038048512987542,
      "fcf_margin_change": -0.009811667812916217
    },
    {
      "date": "2025-09-30T00:00:00",
      "quarter_label": "2025-09 (Q3)",
      "revenue": 943425000,
      "gross_profit": 471818000,
      "operating_income": 67386000,
      "net_income": 52005000,
      "opex": 404432000,
      "cogs": 471607000,
      "rd": null,
      "sga": 380892000,
      "fcf": -270557000,
      "ocf": -270557000,
      "capex": null,
      "gross_margin": 0.500111826589289,
      "op_margin": 0.07142698147706494,
      "fcf_margin": -0.28678167315896863,
      "incr_op_margin_yoy": -3.8736381573303595,
      "rev_growth_yoy": 0.012510624962437001,
      "rev_growth_yoy_accel": -0.04887011731630683,
      "op_leverage_ratio": 2.140009306022036,
      "fcf_margin_change": -0.23581396746574637
    }
  ],
  "signals": [
    {
      "quarter": "2025-09 (Q3)",
      "signal": "OPERATING LEVERAGE",
      "detail": "Rev growth +55.9% vs OpEx growth +26.1% (leverage: 2.1x)",
      "severity": "MEDIUM"
    },
    {
      "quarter": "2025-09 (Q3)",
      "signal": "OP MARGIN TURNED POSITIVE (QoQ)",
      "detail": "Op margin: -3.9% -> +7.1%",
      "severity": "HIGH"
    },
    {
      "quarter": "2025-06 (Q2)",
      "signal": "YoY REVENUE GROWTH ACCELERATION",
      "detail": "YoY growth: +6.1% vs prior quarter YoY: +1.1% (accel: +5.0%)",
      "severity": "MEDIUM"
    },
    {
      "quarter": "2025-03 (Q1)",
      "signal": "INCREMENTAL MARGIN (YoY)",
      "detail": "YoY Incr OPM: +21.6% vs year-ago OPM: +5.8%",
      "severity": "MEDIUM"
    },
    {
      "quarter": "2024-12 (Q4)",
      "signal": "FCF TURNED POSITIVE",
      "detail": "FCF margin: -19.9% -> +51.8%",
      "severity": "HIGH"
    },
    {
      "quarter": "2024-12 (Q4)",
      "signal": "YoY REVENUE GROWTH ACCELERATION",
      "detail": "YoY growth: +3.5% vs prior quarter YoY: -5.5% (accel: +8.9%)",
      "severity": "MEDIUM"
    },
    {
      "quarter": "2024-12 (Q4)",
      "signal": "INCREMENTAL MARGIN (YoY)",
      "detail": "YoY Incr OPM: +66.3% vs year-ago OPM: +10.7%",
      "severity": "HIGH"
    },
    {
      "quarter": "2024-09 (Q3)",
      "signal": "OPERATING LEVERAGE",
      "detail": "Rev growth +63.4% vs OpEx growth +19.4% (leverage: 3.3x)",
      "severity": "MEDIUM"
    },
    {
      "quarter": "2024-09 (Q3)",
      "signal": "GROSS MARGIN INFLECTION",
      "detail": "GM: +50.6% -> +47.9% -> +50.2% (reversal +2.2%)",
      "severity": "MEDIUM"
    },
    {
      "quarter": "2024-09 (Q3)",
      "signal": "INCREMENTAL MARGIN (YoY)",
      "detail": "YoY Incr OPM: +40.8% vs year-ago OPM: +13.7%",
      "severity": "HIGH"
    },
    {
      "quarter": "2024-09 (Q3)",
      "signal": "OP MARGIN TURNED POSITIVE (QoQ)",
      "detail": "Op margin: -4.2% -> +12.1%",
      "severity": "HIGH"
    },
    {
      "quarter": "2024-03 (Q1)",
      "signal": "INCREMENTAL MARGIN (YoY)",
      "detail": "YoY Incr OPM: +23.2% vs year-ago OPM: +6.9%",
      "severity": "MEDIUM"
    },
    {
      "quarter": "2023-12 (Q4)",
      "signal": "FCF MARGIN EXPANSION",
      "detail": "FCF margin: +1.3% -> +57.9% (+56.7%)",
      "severity": "MEDIUM"
    },
    {
      "quarter": "2023-12 (Q4)",
      "signal": "YoY REVENUE GROWTH DECELERATION",
      "detail": "YoY growth: -9.4% vs prior quarter YoY: +3.2% (decel: -12.6%)",
      "severity": "WARNING"
    },
    {
      "quarter": "2023-12 (Q4)",
      "signal": "INCREMENTAL MARGIN (YoY)",
      "detail": "YoY Incr OPM: +38.6% vs year-ago OPM: +13.3%",
      "severity": "HIGH"
    },
    {
      "quarter": "2023-09 (Q3)",
      "signal": "FCF TURNED POSITIVE",
      "detail": "FCF margin: -11.0% -> +1.3%",
      "severity": "HIGH"
    },
    {
      "quarter": "2023-09 (Q3)",
      "signal": "OPERATING LEVERAGE",
      "detail": "Rev growth +58.7% vs OpEx growth +12.3% (leverage: 4.8x)",
      "severity": "MEDIUM"
    },
    {
      "quarter": "2022-12 (Q4)",
      "signal": "FCF TURNED POSITIVE",
      "detail": "FCF margin: -22.6% -> +25.9%",
      "severity": "HIGH"
    },
    {
      "quarter": "2022-12 (Q4)",
      "signal": "GROSS MARGIN INFLECTION",
      "detail": "GM: +49.2% -> +48.0% -> +50.4% (reversal +2.4%)",
      "severity": "MEDIUM"
    },
    {
      "quarter": "2022-12 (Q4)",
      "signal": "YoY REVENUE GROWTH DECELERATION",
      "detail": "YoY growth: +3.5% vs prior quarter YoY: +18.7% (decel: -15.2%)",
      "severity": "WARNING"
    },
    {
      "quarter": "2022-09 (Q3)",
      "signal": "OPERATING LEVERAGE",
      "detail": "Rev growth +65.2% vs OpEx growth +13.7% (leverage: 4.7x)",
      "severity": "MEDIUM"
    },
    {
      "quarter": "2022-09 (Q3)",
      "signal": "YoY REVENUE GROWTH ACCELERATION",
      "detail": "YoY growth: +18.7% vs prior quarter YoY: +2.1% (accel: +16.6%)",
      "severity": "HIGH"
    },
    {
      "quarter": "2022-06 (Q2)",
      "signal": "YoY REVENUE GROWTH DECELERATION",
      "detail": "YoY growth: +2.1% vs prior quarter YoY: +21.7% (decel: -19.7%)",
      "severity": "WARNING"
    },
    {
      "quarter": "2021-12 (Q4)",
      "signal": "FCF MARGIN EXPANSION",
      "detail": "FCF margin: +11.1% -> +32.8% (+21.7%)",
      "severity": "MEDIUM"
    },
    {
      "quarter": "2021-12 (Q4)",
      "signal": "INCREMENTAL MARGIN (YoY)",
      "detail": "YoY Incr OPM: +41.0% vs year-ago OPM: +13.5%",
      "severity": "HIGH"
    },
    {
      "quarter": "2021-09 (Q3)",
      "signal": "FCF TURNED POSITIVE",
      "detail": "FCF margin: -15.4% -> +11.1%",
      "severity": "HIGH"
    },
    {
      "quarter": "2021-09 (Q3)",
      "signal": "OPERATING LEVERAGE",
      "detail": "Rev growth +42.1% vs OpEx growth +6.7% (leverage: 6.2x)",
      "severity": "MEDIUM"
    }
  ],
  "data_quality": {
    "n_quarters": 20,
    "coverage": {
      "revenue": [
        20,
        20
      ],
      "gross_profit": [
        20,
        20
      ],
      "op_income": [
        20,
        20
      ],
      "fcf": [
        20,
        20
      ]
    },
    "gaps": [],
    "warnings": []
  },
  "market_cap": null,
  "source": "SEC EDGAR",
  "last_updated": "2026-02-02T21:23:06.370533",
  "sector": "Consumer Cyclical",
  "industry": "Apparel Manufacturing"
}