{
  "ticker": "COMP",
  "name": "COMPASS, INC.",
  "quarters": [
    {
      "date": "2020-12-31T00:00:00",
      "quarter_label": "2020-12 (Q4)",
      "revenue": 1230300000,
      "gross_profit": null,
      "operating_income": -40200000,
      "net_income": -39800000,
      "opex": 1270500000,
      "cogs": null,
      "rd": 39600000,
      "sga": null,
      "fcf": 21500000,
      "ocf": 30000000,
      "capex": -8500000,
      "gross_margin": null,
      "op_margin": -0.0326749573274811,
      "fcf_margin": 0.017475412501016013
    },
    {
      "date": "2021-03-31T00:00:00",
      "quarter_label": "2021-03 (Q1)",
      "revenue": 1113900000,
      "gross_profit": null,
      "operating_income": -212600000,
      "net_income": -212400000,
      "opex": 1326500000,
      "cogs": null,
      "rd": 96600000,
      "sga": null,
      "fcf": -57300000,
      "ocf": -47300000,
      "capex": -10000000,
      "gross_margin": null,
      "op_margin": -0.19086093904300205,
      "fcf_margin": -0.0514408833827094,
      "fcf_margin_change": -0.06891629588372541
    },
    {
      "date": "2021-06-30T00:00:00",
      "quarter_label": "2021-06 (Q2)",
      "revenue": 1951400000,
      "gross_profit": null,
      "operating_income": -7800000,
      "net_income": -7100000,
      "opex": 1959200000,
      "cogs": null,
      "rd": 73500000,
      "sga": null,
      "fcf": 81300000,
      "ocf": 91400000,
      "capex": -10100000,
      "gross_margin": null,
      "op_margin": -0.003997130265450446,
      "fcf_margin": 0.04166239622834888,
      "op_leverage_ratio": 1.5763332328884372,
      "fcf_margin_change": 0.09310327961105827
    },
    {
      "date": "2021-09-30T00:00:00",
      "quarter_label": "2021-09 (Q3)",
      "revenue": 1743600000,
      "gross_profit": null,
      "operating_income": -100500000,
      "net_income": -99800000,
      "opex": 1844100000,
      "cogs": null,
      "rd": 89700000,
      "sga": null,
      "fcf": -9300000,
      "ocf": 4200000,
      "capex": -13500000,
      "gross_margin": null,
      "op_margin": -0.05763936682725396,
      "fcf_margin": -0.005333792154163799,
      "fcf_margin_change": -0.046996188382512676
    },
    {
      "date": "2021-12-31T00:00:00",
      "quarter_label": "2021-12 (Q4)",
      "revenue": 1612100000,
      "gross_profit": null,
      "operating_income": -172100000,
      "net_income": -174800000,
      "opex": 1784200000,
      "cogs": null,
      "rd": 105500000,
      "sga": null,
      "fcf": -93400000,
      "ocf": -76900000,
      "capex": -16500000,
      "gross_margin": null,
      "op_margin": -0.10675516407170771,
      "fcf_margin": -0.05793685255257118,
      "incr_op_margin_yoy": -0.3454688318491357,
      "rev_growth_yoy": 0.31033081362269366,
      "fcf_margin_change": -0.052603060398407384
    },
    {
      "date": "2022-03-31T00:00:00",
      "quarter_label": "2022-03 (Q1)",
      "revenue": 1397000000,
      "gross_profit": null,
      "operating_income": -185500000,
      "net_income": -188000000,
      "opex": 1582500000,
      "cogs": null,
      "rd": 108200000,
      "sga": null,
      "fcf": -131800000,
      "ocf": -111000000,
      "capex": -20800000,
      "gross_margin": null,
      "op_margin": -0.1327845382963493,
      "fcf_margin": -0.09434502505368647,
      "incr_op_margin_yoy": 0.09572589191098552,
      "rev_growth_yoy": 0.2541520782835084,
      "rev_growth_yoy_accel": -0.05617873533918527,
      "fcf_margin_change": -0.03640817250111529
    },
    {
      "date": "2022-06-30T00:00:00",
      "quarter_label": "2022-06 (Q2)",
      "revenue": 2020100000,
      "gross_profit": null,
      "operating_income": -99300000,
      "net_income": -101200000,
      "opex": 2119400000,
      "cogs": null,
      "rd": 107200000,
      "sga": null,
      "fcf": -29900000,
      "ocf": -9300000,
      "capex": -20600000,
      "gross_margin": null,
      "op_margin": -0.049155982377110045,
      "fcf_margin": -0.014801247462996882,
      "incr_op_margin_yoy": -1.331877729257642,
      "rev_growth_yoy": 0.035205493491852,
      "rev_growth_yoy_accel": -0.21894658479165638,
      "op_leverage_ratio": 1.3146545833720529,
      "fcf_margin_change": 0.07954377759068959
    },
    {
      "date": "2022-09-30T00:00:00",
      "quarter_label": "2022-09 (Q3)",
      "revenue": 1493700000,
      "gross_profit": null,
      "operating_income": -151800000,
      "net_income": -154200000,
      "opex": 1645500000,
      "cogs": null,
      "rd": 81500000,
      "sga": null,
      "fcf": -69100000,
      "ocf": -53600000,
      "capex": -15500000,
      "gross_margin": null,
      "op_margin": -0.10162683269732878,
      "fcf_margin": -0.04626096271004887,
      "incr_op_margin_yoy": 0.20528211284513806,
      "rev_growth_yoy": -0.143324156916724,
      "rev_growth_yoy_accel": -0.17852965040857602,
      "fcf_margin_change": -0.03145971524705199
    },
    {
      "date": "2022-12-31T00:00:00",
      "quarter_label": "2022-12 (Q4)",
      "revenue": 1107200000,
      "gross_profit": null,
      "operating_income": -152800000,
      "net_income": -158100000,
      "opex": 1260000000,
      "cogs": null,
      "rd": 63400000,
      "sga": null,
      "fcf": -131000000,
      "ocf": -117800000,
      "capex": -13200000,
      "gross_margin": null,
      "op_margin": -0.13800578034682082,
      "fcf_margin": -0.11831647398843931,
      "incr_op_margin_yoy": -0.03822539116656764,
      "rev_growth_yoy": -0.3131939705973575,
      "rev_growth_yoy_accel": -0.16986981368063347,
      "fcf_margin_change": -0.07205551127839044
    },
    {
      "date": "2023-03-31T00:00:00",
      "quarter_label": "2023-03 (Q1)",
      "revenue": 957200000,
      "gross_profit": null,
      "operating_income": -148400000,
      "net_income": -150400000,
      "opex": 1105600000,
      "cogs": null,
      "rd": 48900000,
      "sga": null,
      "fcf": -59000000,
      "ocf": -55500000,
      "capex": -3500000,
      "gross_margin": null,
      "op_margin": -0.1550355202674467,
      "fcf_margin": -0.061638111157542835,
      "incr_op_margin_yoy": -0.08435652569349704,
      "rev_growth_yoy": -0.31481746599856836,
      "rev_growth_yoy_accel": -0.0016234954012108727,
      "fcf_margin_change": 0.05667836283089647
    },
    {
      "date": "2023-06-30T00:00:00",
      "quarter_label": "2023-06 (Q2)",
      "revenue": 1494000000,
      "gross_profit": null,
      "operating_income": -44600000,
      "net_income": -47800000,
      "opex": 1538600000,
      "cogs": null,
      "rd": 45400000,
      "sga": null,
      "fcf": 50700000,
      "ocf": 53300000,
      "capex": -2600000,
      "gross_margin": null,
      "op_margin": -0.029852744310575635,
      "fcf_margin": 0.03393574297188755,
      "incr_op_margin_yoy": -0.10397262877779889,
      "rev_growth_yoy": -0.2604326518489184,
      "rev_growth_yoy_accel": 0.05438481414964996,
      "op_leverage_ratio": 1.431923942908927,
      "fcf_margin_change": 0.09557385412943038
    },
    {
      "date": "2023-09-30T00:00:00",
      "quarter_label": "2023-09 (Q3)",
      "revenue": 1337400000,
      "gross_profit": null,
      "operating_income": -38900000,
      "net_income": -39400000,
      "opex": 1376300000,
      "cogs": null,
      "rd": 45800000,
      "sga": null,
      "fcf": 12200000,
      "ocf": 15000000,
      "capex": -2800000,
      "gross_margin": null,
      "op_margin": -0.029086286825183192,
      "fcf_margin": 0.009122177359054883,
      "incr_op_margin_yoy": -0.7223288547664747,
      "rev_growth_yoy": -0.10463948584053023,
      "rev_growth_yoy_accel": 0.15579316600838816,
      "fcf_margin_change": -0.024813565612832662
    },
    {
      "date": "2023-12-31T00:00:00",
      "quarter_label": "2023-12 (Q4)",
      "revenue": 1096400000,
      "gross_profit": null,
      "operating_income": -83000000,
      "net_income": -83700000,
      "opex": 1179400000,
      "cogs": null,
      "rd": 44400000,
      "sga": null,
      "fcf": -41000000,
      "ocf": -38700000,
      "capex": -2300000,
      "gross_margin": null,
      "op_margin": -0.07570229843122948,
      "fcf_margin": -0.03739511127325793,
      "incr_op_margin_yoy": -6.462962962962963,
      "rev_growth_yoy": -0.009754335260115607,
      "rev_growth_yoy_accel": 0.09488515058041462,
      "fcf_margin_change": -0.04651728863231282
    },
    {
      "date": "2024-03-31T00:00:00",
      "quarter_label": "2024-03 (Q1)",
      "revenue": 1054100000,
      "gross_profit": null,
      "operating_income": -132100000,
      "net_income": -132900000,
      "opex": 1186200000,
      "cogs": null,
      "rd": 47000000,
      "sga": null,
      "fcf": 5900000,
      "ocf": 8600000,
      "capex": -2700000,
      "gross_margin": null,
      "op_margin": -0.12532017835120007,
      "fcf_margin": 0.005597191917275401,
      "incr_op_margin_yoy": 0.16821465428276575,
      "rev_growth_yoy": 0.10123276222315086,
      "rev_growth_yoy_accel": 0.11098709748326648,
      "fcf_margin_change": 0.042992303190533335
    },
    {
      "date": "2024-06-30T00:00:00",
      "quarter_label": "2024-06 (Q2)",
      "revenue": 1700600000,
      "gross_profit": null,
      "operating_income": 21300000,
      "net_income": 20700000,
      "opex": 1679300000,
      "cogs": null,
      "rd": 47400000,
      "sga": null,
      "fcf": 40400000,
      "ocf": 45000000,
      "capex": -4600000,
      "gross_margin": null,
      "op_margin": 0.012524991179583677,
      "fcf_margin": 0.023756321298365284,
      "incr_op_margin_yoy": 0.31897386253630206,
      "rev_growth_yoy": 0.13828647925033466,
      "rev_growth_yoy_accel": 0.0370537170271838,
      "op_leverage_ratio": 1.4753995037599896,
      "fcf_margin_change": 0.018159129381089885
    },
    {
      "date": "2024-09-30T00:00:00",
      "quarter_label": "2024-09 (Q3)",
      "revenue": 1494000000,
      "gross_profit": null,
      "operating_income": -3400000,
      "net_income": -1700000,
      "opex": 1497400000,
      "cogs": null,
      "rd": 47500000,
      "sga": null,
      "fcf": 32800000,
      "ocf": 37400000,
      "capex": -4600000,
      "gross_margin": null,
      "op_margin": -0.0022757697456492637,
      "fcf_margin": 0.021954484605087015,
      "incr_op_margin_yoy": 0.22669220945083013,
      "rev_growth_yoy": 0.11709286675639301,
      "rev_growth_yoy_accel": -0.021193612493941652,
      "fcf_margin_change": -0.0018018366932782692
    },
    {
      "date": "2024-12-31T00:00:00",
      "quarter_label": "2024-12 (Q4)",
      "revenue": 1380400000,
      "gross_profit": null,
      "operating_income": -40600000,
      "net_income": -40500000,
      "opex": 1421000000,
      "cogs": null,
      "rd": 46900000,
      "sga": null,
      "fcf": 26700000,
      "ocf": 30500000,
      "capex": -3800000,
      "gross_margin": null,
      "op_margin": -0.029411764705882353,
      "fcf_margin": 0.01934221964647928,
      "incr_op_margin_yoy": 0.14929577464788732,
      "rev_growth_yoy": 0.2590295512586647,
      "rev_growth_yoy_accel": 0.1419366845022717,
      "fcf_margin_change": -0.0026122649586077344
    },
    {
      "date": "2025-03-31T00:00:00",
      "quarter_label": "2025-03 (Q1)",
      "revenue": 1356200000,
      "gross_profit": null,
      "operating_income": -53700000,
      "net_income": -50700000,
      "opex": 1409900000,
      "cogs": null,
      "rd": 49900000,
      "sga": null,
      "fcf": 19500000,
      "ocf": 23100000,
      "capex": -3600000,
      "gross_margin": null,
      "op_margin": -0.039595929803863734,
      "fcf_margin": 0.014378410263972866,
      "incr_op_margin_yoy": 0.2595167163190996,
      "rev_growth_yoy": 0.2865951996964235,
      "rev_growth_yoy_accel": 0.027565648437758772,
      "fcf_margin_change": -0.004963809382506415
    },
    {
      "date": "2025-06-30T00:00:00",
      "quarter_label": "2025-06 (Q2)",
      "revenue": 2059600000,
      "gross_profit": null,
      "operating_income": 39400000,
      "net_income": 39400000,
      "opex": 2020200000,
      "cogs": null,
      "rd": 63400000,
      "sga": null,
      "fcf": 68000000,
      "ocf": 72800000,
      "capex": -4800000,
      "gross_margin": null,
      "op_margin": 0.019129928141386678,
      "fcf_margin": 0.03301611963488056,
      "incr_op_margin_yoy": 0.05041782729805014,
      "rev_growth_yoy": 0.2111019640127014,
      "rev_growth_yoy_accel": -0.0754932356837221,
      "op_leverage_ratio": 1.1981841340718298,
      "fcf_margin_change": 0.018637709370907696
    },
    {
      "date": "2025-09-30T00:00:00",
      "quarter_label": "2025-09 (Q3)",
      "revenue": 1846000000,
      "gross_profit": null,
      "operating_income": -7200000,
      "net_income": -4600000,
      "opex": 1853200000,
      "cogs": null,
      "rd": 67400000,
      "sga": null,
      "fcf": 73600000,
      "ocf": 75500000,
      "capex": -1900000,
      "gross_margin": null,
      "op_margin": -0.0039003250270855903,
      "fcf_margin": 0.039869989165763814,
      "incr_op_margin_yoy": -0.010795454545454546,
      "rev_growth_yoy": 0.23560910307898258,
      "rev_growth_yoy_accel": 0.024507139066281186,
      "fcf_margin_change": 0.006853869530883253
    }
  ],
  "signals": [
    {
      "quarter": "2025-06 (Q2)",
      "signal": "YoY REVENUE GROWTH DECELERATION",
      "detail": "YoY growth: +21.1% vs prior quarter YoY: +28.7% (decel: -7.5%)",
      "severity": "WARNING"
    },
    {
      "quarter": "2025-06 (Q2)",
      "signal": "OP MARGIN TURNED POSITIVE (QoQ)",
      "detail": "Op margin: -4.0% -> +1.9%",
      "severity": "HIGH"
    },
    {
      "quarter": "2024-12 (Q4)",
      "signal": "YoY REVENUE GROWTH ACCELERATION",
      "detail": "YoY growth: +25.9% vs prior quarter YoY: +11.7% (accel: +14.2%)",
      "severity": "MEDIUM"
    },
    {
      "quarter": "2024-06 (Q2)",
      "signal": "OP MARGIN TURNED POSITIVE (YoY)",
      "detail": "Op margin: -3.0% (year-ago) -> +1.3%",
      "severity": "HIGH"
    },
    {
      "quarter": "2024-06 (Q2)",
      "signal": "OP MARGIN TURNED POSITIVE (QoQ)",
      "detail": "Op margin: -12.5% -> +1.3%",
      "severity": "HIGH"
    },
    {
      "quarter": "2024-03 (Q1)",
      "signal": "FCF TURNED POSITIVE",
      "detail": "FCF margin: -3.7% -> +0.6%",
      "severity": "HIGH"
    },
    {
      "quarter": "2024-03 (Q1)",
      "signal": "YoY REVENUE GROWTH ACCELERATION",
      "detail": "YoY growth: +10.1% vs prior quarter YoY: -1.0% (accel: +11.1%)",
      "severity": "MEDIUM"
    },
    {
      "quarter": "2023-12 (Q4)",
      "signal": "YoY REVENUE GROWTH ACCELERATION",
      "detail": "YoY growth: -1.0% vs prior quarter YoY: -10.5% (accel: +9.5%)",
      "severity": "MEDIUM"
    },
    {
      "quarter": "2023-09 (Q3)",
      "signal": "YoY REVENUE GROWTH ACCELERATION",
      "detail": "YoY growth: -10.5% vs prior quarter YoY: -26.0% (accel: +15.6%)",
      "severity": "HIGH"
    },
    {
      "quarter": "2023-06 (Q2)",
      "signal": "FCF TURNED POSITIVE",
      "detail": "FCF margin: -6.2% -> +3.4%",
      "severity": "HIGH"
    },
    {
      "quarter": "2023-06 (Q2)",
      "signal": "YoY REVENUE GROWTH ACCELERATION",
      "detail": "YoY growth: -26.0% vs prior quarter YoY: -31.5% (accel: +5.4%)",
      "severity": "MEDIUM"
    },
    {
      "quarter": "2023-03 (Q1)",
      "signal": "FCF MARGIN EXPANSION",
      "detail": "FCF margin: -11.8% -> -6.2% (+5.7%)",
      "severity": "MEDIUM"
    },
    {
      "quarter": "2022-12 (Q4)",
      "signal": "YoY REVENUE GROWTH DECELERATION",
      "detail": "YoY growth: -31.3% vs prior quarter YoY: -14.3% (decel: -17.0%)",
      "severity": "WARNING"
    },
    {
      "quarter": "2022-09 (Q3)",
      "signal": "YoY REVENUE GROWTH DECELERATION",
      "detail": "YoY growth: -14.3% vs prior quarter YoY: +3.5% (decel: -17.9%)",
      "severity": "WARNING"
    },
    {
      "quarter": "2022-06 (Q2)",
      "signal": "FCF MARGIN EXPANSION",
      "detail": "FCF margin: -9.4% -> -1.5% (+8.0%)",
      "severity": "MEDIUM"
    },
    {
      "quarter": "2022-06 (Q2)",
      "signal": "YoY REVENUE GROWTH DECELERATION",
      "detail": "YoY growth: +3.5% vs prior quarter YoY: +25.4% (decel: -21.9%)",
      "severity": "WARNING"
    },
    {
      "quarter": "2022-03 (Q1)",
      "signal": "YoY REVENUE GROWTH DECELERATION",
      "detail": "YoY growth: +25.4% vs prior quarter YoY: +31.0% (decel: -5.6%)",
      "severity": "WARNING"
    },
    {
      "quarter": "2021-06 (Q2)",
      "signal": "FCF TURNED POSITIVE",
      "detail": "FCF margin: -5.1% -> +4.2%",
      "severity": "HIGH"
    },
    {
      "quarter": "2021-06 (Q2)",
      "signal": "OPERATING LEVERAGE",
      "detail": "Rev growth +75.2% vs OpEx growth +47.7% (leverage: 1.6x)",
      "severity": "MEDIUM"
    }
  ],
  "data_quality": {
    "n_quarters": 20,
    "coverage": {
      "revenue": [
        20,
        20
      ],
      "gross_profit": [
        0,
        20
      ],
      "op_income": [
        20,
        20
      ],
      "fcf": [
        20,
        20
      ]
    },
    "gaps": [],
    "warnings": [
      "gross_profit: no data"
    ]
  },
  "market_cap": null,
  "source": "SEC EDGAR",
  "last_updated": "2026-02-02T20:40:11.186795"
}