{
  "ticker": "COP",
  "name": "ConocoPhillips",
  "quarters": [
    {
      "date": "2020-12-31T00:00:00",
      "quarter_label": "2020-12 (Q4)",
      "revenue": 6049000000,
      "gross_profit": 3601000000,
      "operating_income": null,
      "net_income": -772000000,
      "opex": null,
      "cogs": 2448000000,
      "rd": null,
      "sga": 181000000,
      "fcf": 1672000000,
      "ocf": 1672000000,
      "capex": null,
      "gross_margin": 0.595305009092412,
      "op_margin": null,
      "fcf_margin": 0.2764093238551827
    },
    {
      "date": "2021-03-31T00:00:00",
      "quarter_label": "2021-03 (Q1)",
      "revenue": 10559000000,
      "gross_profit": 6076000000,
      "operating_income": null,
      "net_income": 982000000,
      "opex": null,
      "cogs": 4483000000,
      "rd": null,
      "sga": 311000000,
      "fcf": 2080000000,
      "ocf": 2080000000,
      "capex": null,
      "gross_margin": 0.575433279666635,
      "op_margin": null,
      "fcf_margin": 0.19698835116961833,
      "fcf_margin_change": -0.07942097268556436
    },
    {
      "date": "2021-06-30T00:00:00",
      "quarter_label": "2021-06 (Q2)",
      "revenue": 10211000000,
      "gross_profit": 7213000000,
      "operating_income": null,
      "net_income": 2091000000,
      "opex": null,
      "cogs": 2998000000,
      "rd": null,
      "sga": 117000000,
      "fcf": 4251000000,
      "ocf": 4251000000,
      "capex": null,
      "gross_margin": 0.7063950641465087,
      "op_margin": null,
      "fcf_margin": 0.4163157379296837,
      "fcf_margin_change": 0.21932738676006536
    },
    {
      "date": "2021-09-30T00:00:00",
      "quarter_label": "2021-09 (Q3)",
      "revenue": 11616000000,
      "gross_profit": 7437000000,
      "operating_income": null,
      "net_income": 2379000000,
      "opex": null,
      "cogs": 4179000000,
      "rd": null,
      "sga": 128000000,
      "fcf": 4797000000,
      "ocf": 4797000000,
      "capex": null,
      "gross_margin": 0.6402376033057852,
      "op_margin": null,
      "fcf_margin": 0.41296487603305787,
      "fcf_margin_change": -0.003350861896625812
    },
    {
      "date": "2021-12-31T00:00:00",
      "quarter_label": "2021-12 (Q4)",
      "revenue": 15963000000,
      "gross_profit": 9465000000,
      "operating_income": null,
      "net_income": 2627000000,
      "opex": null,
      "cogs": 6498000000,
      "rd": null,
      "sga": 163000000,
      "fcf": 5868000000,
      "ocf": 5868000000,
      "capex": null,
      "gross_margin": 0.5929336590866379,
      "op_margin": null,
      "fcf_margin": 0.3676000751738395,
      "rev_growth_yoy": 1.6389485865432303,
      "fcf_margin_change": -0.045364800859218346
    },
    {
      "date": "2022-03-31T00:00:00",
      "quarter_label": "2022-03 (Q1)",
      "revenue": 17762000000,
      "gross_profit": 11011000000,
      "operating_income": null,
      "net_income": 5759000000,
      "opex": null,
      "cogs": 6751000000,
      "rd": null,
      "sga": 187000000,
      "fcf": 5068000000,
      "ocf": 5068000000,
      "capex": null,
      "gross_margin": 0.6199189280486431,
      "op_margin": null,
      "fcf_margin": 0.28532822880306274,
      "rev_growth_yoy": 0.6821668718628658,
      "rev_growth_yoy_accel": -0.9567817146803644,
      "fcf_margin_change": -0.08227184637077678
    },
    {
      "date": "2022-06-30T00:00:00",
      "quarter_label": "2022-06 (Q2)",
      "revenue": 21161000000,
      "gross_profit": 11927000000,
      "operating_income": null,
      "net_income": 5145000000,
      "opex": null,
      "cogs": 9234000000,
      "rd": null,
      "sga": 96000000,
      "fcf": 7914000000,
      "ocf": 7914000000,
      "capex": null,
      "gross_margin": 0.5636312083549927,
      "op_margin": null,
      "fcf_margin": 0.3739898870563773,
      "rev_growth_yoy": 1.0723729311526784,
      "rev_growth_yoy_accel": 0.39020605928981256,
      "fcf_margin_change": 0.08866165825331457
    },
    {
      "date": "2022-09-30T00:00:00",
      "quarter_label": "2022-09 (Q3)",
      "revenue": 21013000000,
      "gross_profit": 11762000000,
      "operating_income": null,
      "net_income": 4527000000,
      "opex": null,
      "cogs": 9251000000,
      "rd": null,
      "sga": 148000000,
      "fcf": 8740000000,
      "ocf": 8740000000,
      "capex": null,
      "gross_margin": 0.5597487269785371,
      "op_margin": null,
      "fcf_margin": 0.41593299386094323,
      "rev_growth_yoy": 0.8089703856749312,
      "rev_growth_yoy_accel": -0.2634025454777472,
      "fcf_margin_change": 0.04194310680456592
    },
    {
      "date": "2022-12-31T00:00:00",
      "quarter_label": "2022-12 (Q4)",
      "revenue": 18558000000,
      "gross_profit": 9823000000,
      "operating_income": null,
      "net_income": 3249000000,
      "opex": null,
      "cogs": 8735000000,
      "rd": null,
      "sga": 192000000,
      "fcf": 6592000000,
      "ocf": 6592000000,
      "capex": null,
      "gross_margin": 0.5293135036103028,
      "op_margin": null,
      "fcf_margin": 0.355210690807199,
      "rev_growth_yoy": 0.16256342792708137,
      "rev_growth_yoy_accel": -0.6464069577478498,
      "fcf_margin_change": -0.06072230305374421
    },
    {
      "date": "2023-03-31T00:00:00",
      "quarter_label": "2023-03 (Q1)",
      "revenue": 14811000000,
      "gross_profit": 8673000000,
      "operating_income": null,
      "net_income": 2920000000,
      "opex": null,
      "cogs": 6138000000,
      "rd": null,
      "sga": 159000000,
      "fcf": 5403000000,
      "ocf": 5403000000,
      "capex": null,
      "gross_margin": 0.5855782864087502,
      "op_margin": null,
      "fcf_margin": 0.36479643508203363,
      "rev_growth_yoy": -0.16614120031527982,
      "rev_growth_yoy_accel": -0.3287046282423612,
      "fcf_margin_change": 0.009585744274834607
    },
    {
      "date": "2023-06-30T00:00:00",
      "quarter_label": "2023-06 (Q2)",
      "revenue": 12351000000,
      "gross_profit": 7735000000,
      "operating_income": null,
      "net_income": 2232000000,
      "opex": null,
      "cogs": 4616000000,
      "rd": null,
      "sga": 205000000,
      "fcf": 3854000000,
      "ocf": 3854000000,
      "capex": null,
      "gross_margin": 0.6262650797506275,
      "op_margin": null,
      "fcf_margin": 0.3120395109707716,
      "rev_growth_yoy": -0.41633193138320496,
      "rev_growth_yoy_accel": -0.2501907310679251,
      "fcf_margin_change": -0.05275692411126204
    },
    {
      "date": "2023-09-30T00:00:00",
      "quarter_label": "2023-09 (Q3)",
      "revenue": 14250000000,
      "gross_profit": 8707000000,
      "operating_income": null,
      "net_income": 2798000000,
      "opex": null,
      "cogs": 5543000000,
      "rd": null,
      "sga": 169000000,
      "fcf": 5445000000,
      "ocf": 5445000000,
      "capex": null,
      "gross_margin": 0.6110175438596491,
      "op_margin": null,
      "fcf_margin": 0.3821052631578947,
      "rev_growth_yoy": -0.3218483795745491,
      "rev_growth_yoy_accel": 0.09448355180865586,
      "fcf_margin_change": 0.07006575218712313
    },
    {
      "date": "2023-12-31T00:00:00",
      "quarter_label": "2023-12 (Q4)",
      "revenue": 14729000000,
      "gross_profit": 9051000000,
      "operating_income": null,
      "net_income": 3007000000,
      "opex": null,
      "cogs": 5678000000,
      "rd": null,
      "sga": 172000000,
      "fcf": 5263000000,
      "ocf": 5263000000,
      "capex": null,
      "gross_margin": 0.6145020028515175,
      "op_margin": null,
      "fcf_margin": 0.3573222893611243,
      "rev_growth_yoy": -0.20632611272766463,
      "rev_growth_yoy_accel": 0.11552226684688446,
      "fcf_margin_change": -0.024782973796770413
    },
    {
      "date": "2024-03-31T00:00:00",
      "quarter_label": "2024-03 (Q1)",
      "revenue": 13848000000,
      "gross_profit": 8514000000,
      "operating_income": null,
      "net_income": 2551000000,
      "opex": null,
      "cogs": 5334000000,
      "rd": null,
      "sga": 178000000,
      "fcf": 4985000000,
      "ocf": 4985000000,
      "capex": null,
      "gross_margin": 0.6148180242634316,
      "op_margin": null,
      "fcf_margin": 0.3599797804737146,
      "rev_growth_yoy": -0.06501924245493214,
      "rev_growth_yoy_accel": 0.14130687027273248,
      "fcf_margin_change": 0.0026574911125902823
    },
    {
      "date": "2024-06-30T00:00:00",
      "quarter_label": "2024-06 (Q2)",
      "revenue": 13620000000,
      "gross_profit": 8762000000,
      "operating_income": null,
      "net_income": 2329000000,
      "opex": null,
      "cogs": 4858000000,
      "rd": null,
      "sga": 164000000,
      "fcf": 4919000000,
      "ocf": 4919000000,
      "capex": null,
      "gross_margin": 0.6433186490455213,
      "op_margin": null,
      "fcf_margin": 0.36116005873715123,
      "rev_growth_yoy": 0.10274471702696138,
      "rev_growth_yoy_accel": 0.16776395948189352,
      "fcf_margin_change": 0.0011802782634366404
    },
    {
      "date": "2024-09-30T00:00:00",
      "quarter_label": "2024-09 (Q3)",
      "revenue": 13041000000,
      "gross_profit": 8294000000,
      "operating_income": null,
      "net_income": 2059000000,
      "opex": null,
      "cogs": 4747000000,
      "rd": null,
      "sga": 186000000,
      "fcf": 5763000000,
      "ocf": 5763000000,
      "capex": null,
      "gross_margin": 0.6359941722260563,
      "op_margin": null,
      "fcf_margin": 0.4419139636530941,
      "rev_growth_yoy": -0.0848421052631579,
      "rev_growth_yoy_accel": -0.18758682229011928,
      "fcf_margin_change": 0.08075390491594286
    },
    {
      "date": "2024-12-31T00:00:00",
      "quarter_label": "2024-12 (Q4)",
      "revenue": 14236000000,
      "gross_profit": 9163000000,
      "operating_income": null,
      "net_income": 2306000000,
      "opex": null,
      "cogs": 5073000000,
      "rd": null,
      "sga": 630000000,
      "fcf": 4457000000,
      "ocf": 4457000000,
      "capex": null,
      "gross_margin": 0.643649901657769,
      "op_margin": null,
      "fcf_margin": 0.31307951671817924,
      "rev_growth_yoy": -0.03347138298594609,
      "rev_growth_yoy_accel": 0.05137072227721181,
      "fcf_margin_change": -0.12883444693491486
    },
    {
      "date": "2025-03-31T00:00:00",
      "quarter_label": "2025-03 (Q1)",
      "revenue": 16517000000,
      "gross_profit": 10329000000,
      "operating_income": null,
      "net_income": 2849000000,
      "opex": null,
      "cogs": 6188000000,
      "rd": null,
      "sga": 191000000,
      "fcf": 6115000000,
      "ocf": 6115000000,
      "capex": null,
      "gross_margin": 0.6253556941333172,
      "op_margin": null,
      "fcf_margin": 0.3702246170612097,
      "rev_growth_yoy": 0.19273541305603697,
      "rev_growth_yoy_accel": 0.22620679604198307,
      "fcf_margin_change": 0.05714510034303044
    },
    {
      "date": "2025-06-30T00:00:00",
      "quarter_label": "2025-06 (Q2)",
      "revenue": 14004000000,
      "gross_profit": 8919000000,
      "operating_income": null,
      "net_income": 1971000000,
      "opex": null,
      "cogs": 5085000000,
      "rd": null,
      "sga": 250000000,
      "fcf": 3485000000,
      "ocf": 3485000000,
      "capex": null,
      "gross_margin": 0.6368894601542416,
      "op_margin": null,
      "fcf_margin": 0.2488574692944873,
      "rev_growth_yoy": 0.028193832599118944,
      "rev_growth_yoy_accel": -0.16454158045691802,
      "fcf_margin_change": -0.12136714776672239
    },
    {
      "date": "2025-09-30T00:00:00",
      "quarter_label": "2025-09 (Q3)",
      "revenue": 15031000000,
      "gross_profit": 9174000000,
      "operating_income": null,
      "net_income": 1726000000,
      "opex": null,
      "cogs": 5857000000,
      "rd": null,
      "sga": 271000000,
      "fcf": 5878000000,
      "ocf": 5878000000,
      "capex": null,
      "gross_margin": 0.6103386334907858,
      "op_margin": null,
      "fcf_margin": 0.39105847914310427,
      "rev_growth_yoy": 0.15259565984203666,
      "rev_growth_yoy_accel": 0.1244018272429177,
      "fcf_margin_change": 0.14220100984861697
    }
  ],
  "signals": [
    {
      "quarter": "2025-09 (Q3)",
      "signal": "FCF MARGIN EXPANSION",
      "detail": "FCF margin: +24.9% -> +39.1% (+14.2%)",
      "severity": "MEDIUM"
    },
    {
      "quarter": "2025-09 (Q3)",
      "signal": "YoY REVENUE GROWTH ACCELERATION",
      "detail": "YoY growth: +15.3% vs prior quarter YoY: +2.8% (accel: +12.4%)",
      "severity": "MEDIUM"
    },
    {
      "quarter": "2025-06 (Q2)",
      "signal": "YoY REVENUE GROWTH DECELERATION",
      "detail": "YoY growth: +2.8% vs prior quarter YoY: +19.3% (decel: -16.5%)",
      "severity": "WARNING"
    },
    {
      "quarter": "2025-03 (Q1)",
      "signal": "FCF MARGIN EXPANSION",
      "detail": "FCF margin: +31.3% -> +37.0% (+5.7%)",
      "severity": "MEDIUM"
    },
    {
      "quarter": "2025-03 (Q1)",
      "signal": "YoY REVENUE GROWTH ACCELERATION",
      "detail": "YoY growth: +19.3% vs prior quarter YoY: -3.3% (accel: +22.6%)",
      "severity": "HIGH"
    },
    {
      "quarter": "2024-12 (Q4)",
      "signal": "YoY REVENUE GROWTH ACCELERATION",
      "detail": "YoY growth: -3.3% vs prior quarter YoY: -8.5% (accel: +5.1%)",
      "severity": "MEDIUM"
    },
    {
      "quarter": "2024-09 (Q3)",
      "signal": "FCF MARGIN EXPANSION",
      "detail": "FCF margin: +36.1% -> +44.2% (+8.1%)",
      "severity": "MEDIUM"
    },
    {
      "quarter": "2024-09 (Q3)",
      "signal": "YoY REVENUE GROWTH DECELERATION",
      "detail": "YoY growth: -8.5% vs prior quarter YoY: +10.3% (decel: -18.8%)",
      "severity": "WARNING"
    },
    {
      "quarter": "2024-06 (Q2)",
      "signal": "YoY REVENUE GROWTH ACCELERATION",
      "detail": "YoY growth: +10.3% vs prior quarter YoY: -6.5% (accel: +16.8%)",
      "severity": "HIGH"
    },
    {
      "quarter": "2024-03 (Q1)",
      "signal": "YoY REVENUE GROWTH ACCELERATION",
      "detail": "YoY growth: -6.5% vs prior quarter YoY: -20.6% (accel: +14.1%)",
      "severity": "MEDIUM"
    },
    {
      "quarter": "2023-12 (Q4)",
      "signal": "YoY REVENUE GROWTH ACCELERATION",
      "detail": "YoY growth: -20.6% vs prior quarter YoY: -32.2% (accel: +11.6%)",
      "severity": "MEDIUM"
    },
    {
      "quarter": "2023-09 (Q3)",
      "signal": "FCF MARGIN EXPANSION",
      "detail": "FCF margin: +31.2% -> +38.2% (+7.0%)",
      "severity": "MEDIUM"
    },
    {
      "quarter": "2023-09 (Q3)",
      "signal": "YoY REVENUE GROWTH ACCELERATION",
      "detail": "YoY growth: -32.2% vs prior quarter YoY: -41.6% (accel: +9.4%)",
      "severity": "MEDIUM"
    },
    {
      "quarter": "2023-06 (Q2)",
      "signal": "YoY REVENUE GROWTH DECELERATION",
      "detail": "YoY growth: -41.6% vs prior quarter YoY: -16.6% (decel: -25.0%)",
      "severity": "WARNING"
    },
    {
      "quarter": "2023-03 (Q1)",
      "signal": "GROSS MARGIN INFLECTION",
      "detail": "GM: +56.0% -> +52.9% -> +58.6% (reversal +5.6%)",
      "severity": "HIGH"
    },
    {
      "quarter": "2023-03 (Q1)",
      "signal": "YoY REVENUE GROWTH DECELERATION",
      "detail": "YoY growth: -16.6% vs prior quarter YoY: +16.3% (decel: -32.9%)",
      "severity": "WARNING"
    },
    {
      "quarter": "2022-12 (Q4)",
      "signal": "YoY REVENUE GROWTH DECELERATION",
      "detail": "YoY growth: +16.3% vs prior quarter YoY: +80.9% (decel: -64.6%)",
      "severity": "WARNING"
    },
    {
      "quarter": "2022-09 (Q3)",
      "signal": "YoY REVENUE GROWTH DECELERATION",
      "detail": "YoY growth: +80.9% vs prior quarter YoY: +107.2% (decel: -26.3%)",
      "severity": "WARNING"
    },
    {
      "quarter": "2022-06 (Q2)",
      "signal": "FCF MARGIN EXPANSION",
      "detail": "FCF margin: +28.5% -> +37.4% (+8.9%)",
      "severity": "MEDIUM"
    },
    {
      "quarter": "2022-06 (Q2)",
      "signal": "YoY REVENUE GROWTH ACCELERATION",
      "detail": "YoY growth: +107.2% vs prior quarter YoY: +68.2% (accel: +39.0%)",
      "severity": "HIGH"
    },
    {
      "quarter": "2022-03 (Q1)",
      "signal": "GROSS MARGIN INFLECTION",
      "detail": "GM: +64.0% -> +59.3% -> +62.0% (reversal +2.7%)",
      "severity": "MEDIUM"
    },
    {
      "quarter": "2022-03 (Q1)",
      "signal": "YoY REVENUE GROWTH DECELERATION",
      "detail": "YoY growth: +68.2% vs prior quarter YoY: +163.9% (decel: -95.7%)",
      "severity": "WARNING"
    },
    {
      "quarter": "2021-06 (Q2)",
      "signal": "FCF MARGIN EXPANSION",
      "detail": "FCF margin: +19.7% -> +41.6% (+21.9%)",
      "severity": "MEDIUM"
    },
    {
      "quarter": "2021-06 (Q2)",
      "signal": "GROSS MARGIN INFLECTION",
      "detail": "GM: +59.5% -> +57.5% -> +70.6% (reversal +13.1%)",
      "severity": "HIGH"
    }
  ],
  "data_quality": {
    "n_quarters": 20,
    "coverage": {
      "revenue": [
        20,
        20
      ],
      "gross_profit": [
        20,
        20
      ],
      "op_income": [
        0,
        20
      ],
      "fcf": [
        20,
        20
      ]
    },
    "gaps": [],
    "warnings": [
      "op_income: no data"
    ]
  },
  "market_cap": null,
  "source": "SEC EDGAR",
  "last_updated": "2026-02-02T19:48:23.190107",
  "sector": "Energy",
  "industry": "Oil & Gas E&P"
}