{
  "ticker": "COR",
  "name": "Cencora,\u00a0Inc.",
  "quarters": [
    {
      "date": "2020-12-31T00:00:00",
      "quarter_label": "2020-12 (Q4)",
      "revenue": 52516556000,
      "gross_profit": 1452230000,
      "operating_income": 547228000,
      "net_income": 374845000,
      "opex": 905002000,
      "cogs": 51064326000,
      "rd": null,
      "sga": 735068000,
      "fcf": 837643000,
      "ocf": 903053000,
      "capex": -65410000,
      "gross_margin": 0.02765280343212148,
      "op_margin": 0.010420104471435637,
      "fcf_margin": 0.015950074867818825
    },
    {
      "date": "2021-03-31T00:00:00",
      "quarter_label": "2021-03 (Q1)",
      "revenue": 49154171000,
      "gross_profit": 1533381000,
      "operating_income": 624347000,
      "net_income": 435267000,
      "opex": 909034000,
      "cogs": 47620790000,
      "rd": null,
      "sga": 730081000,
      "fcf": -540105000,
      "ocf": -453903000,
      "capex": -86202000,
      "gross_margin": 0.031195338438318898,
      "op_margin": 0.012701811205401063,
      "fcf_margin": -0.010987979026235637,
      "fcf_margin_change": -0.026938053894054462
    },
    {
      "date": "2021-06-30T00:00:00",
      "quarter_label": "2021-06 (Q2)",
      "revenue": 53405695000,
      "gross_profit": 1888206000,
      "operating_income": 620727000,
      "net_income": 292122000,
      "opex": 1267479000,
      "cogs": 51517489000,
      "rd": null,
      "sga": 913414000,
      "fcf": 1085824000,
      "ocf": 1207619000,
      "capex": -121795000,
      "gross_margin": 0.03535589228826626,
      "op_margin": 0.011622861569351358,
      "fcf_margin": 0.020331614446736437,
      "op_leverage_ratio": 0.2193521317786655,
      "fcf_margin_change": 0.03131959347297207
    },
    {
      "date": "2021-09-30T00:00:00",
      "quarter_label": "2021-09 (Q3)",
      "revenue": 58912421000,
      "gross_profit": 2069411000,
      "operating_income": 561895000,
      "net_income": 437698000,
      "opex": 1507516000,
      "cogs": 56843010000,
      "rd": null,
      "sga": 1215688000,
      "fcf": 845007000,
      "ocf": 1009817000,
      "capex": -164810000,
      "gross_margin": 0.035126904732025864,
      "op_margin": 0.009537801883918503,
      "fcf_margin": 0.014343443804490737,
      "op_leverage_ratio": 0.5444631340945245,
      "fcf_margin_change": -0.0059881706422457
    },
    {
      "date": "2021-12-31T00:00:00",
      "quarter_label": "2021-12 (Q4)",
      "revenue": 59628810000,
      "gross_profit": 2060359000,
      "operating_income": 644405000,
      "net_income": 449105000,
      "opex": 1415954000,
      "cogs": 57568451000,
      "rd": null,
      "sga": 1170110000,
      "fcf": 783720000,
      "ocf": 863411000,
      "capex": -79691000,
      "gross_margin": 0.0345530792917048,
      "op_margin": 0.010806940470554418,
      "fcf_margin": 0.013143311094083548,
      "incr_op_margin_yoy": 0.013663319673341251,
      "rev_growth_yoy": 0.1354287969683313,
      "op_leverage_ratio": Infinity,
      "fcf_margin_change": -0.0012001327104071893
    },
    {
      "date": "2022-03-31T00:00:00",
      "quarter_label": "2022-03 (Q1)",
      "revenue": 57719446000,
      "gross_profit": 2235080000,
      "operating_income": 780157000,
      "net_income": 548014000,
      "opex": 1454923000,
      "cogs": 55484366000,
      "rd": null,
      "sga": 1203238000,
      "fcf": 136933000,
      "ocf": 266585000,
      "capex": -129652000,
      "gross_margin": 0.03872317139010655,
      "op_margin": 0.013516363272093776,
      "fcf_margin": 0.0023723893677011386,
      "incr_op_margin_yoy": 0.018190892878512364,
      "rev_growth_yoy": 0.17425326937158597,
      "rev_growth_yoy_accel": 0.03882447240325468,
      "fcf_margin_change": -0.010770921726382408
    },
    {
      "date": "2022-06-30T00:00:00",
      "quarter_label": "2022-06 (Q2)",
      "revenue": 60064601000,
      "gross_profit": 2015369000,
      "operating_income": 487297000,
      "net_income": 406964000,
      "opex": 1528072000,
      "cogs": 58049232000,
      "rd": null,
      "sga": 1212152000,
      "fcf": 295233000,
      "ocf": 408622000,
      "capex": -113389000,
      "gross_margin": 0.0335533569930815,
      "op_margin": 0.008112881662195676,
      "fcf_margin": 0.004915257823822054,
      "incr_op_margin_yoy": -0.02003782603328535,
      "rev_growth_yoy": 0.12468531680001543,
      "rev_growth_yoy_accel": -0.04956795257157054,
      "op_leverage_ratio": 0.8081295997484347,
      "fcf_margin_change": 0.0025428684561209156
    },
    {
      "date": "2022-09-30T00:00:00",
      "quarter_label": "2022-09 (Q3)",
      "revenue": 61174149000,
      "gross_profit": 1985559000,
      "operating_income": 454519000,
      "net_income": 294737000,
      "opex": 1531040000,
      "cogs": 59188590000,
      "rd": null,
      "sga": 1263462000,
      "fcf": 990884000,
      "ocf": 1164470000,
      "capex": -173586000,
      "gross_margin": 0.0324574846149474,
      "op_margin": 0.007429919458299289,
      "fcf_margin": 0.016197756996995577,
      "incr_op_margin_yoy": -0.04747520479916241,
      "rev_growth_yoy": 0.038391360626649516,
      "rev_growth_yoy_accel": -0.08629395617336591,
      "op_leverage_ratio": 9.510589124809199,
      "fcf_margin_change": 0.011282499173173522
    },
    {
      "date": "2022-12-31T00:00:00",
      "quarter_label": "2022-12 (Q4)",
      "revenue": 62846832000,
      "gross_profit": 2145953000,
      "operating_income": 633143000,
      "net_income": 479745000,
      "opex": 1512810000,
      "cogs": 60700879000,
      "rd": null,
      "sga": 1290928000,
      "fcf": 634353000,
      "ocf": 710080000,
      "capex": -75727000,
      "gross_margin": 0.03414576251035215,
      "op_margin": 0.010074382110461829,
      "fcf_margin": 0.010093635268679891,
      "incr_op_margin_yoy": -0.003499665322362619,
      "rev_growth_yoy": 0.05396757037411949,
      "rev_growth_yoy_accel": 0.015576209747469975,
      "op_leverage_ratio": Infinity,
      "fcf_margin_change": -0.006104121728315686
    },
    {
      "date": "2023-03-31T00:00:00",
      "quarter_label": "2023-03 (Q1)",
      "revenue": 63457205000,
      "gross_profit": 2295442000,
      "operating_income": 560519000,
      "net_income": 435402000,
      "opex": 1734923000,
      "cogs": 61161763000,
      "rd": null,
      "sga": 1321087000,
      "fcf": 526654000,
      "ocf": 629508000,
      "capex": -102854000,
      "gross_margin": 0.036173071284813126,
      "op_margin": 0.00883302376775025,
      "fcf_margin": 0.008299357023367166,
      "incr_op_margin_yoy": -0.03827940490355207,
      "rev_growth_yoy": 0.09940772820307388,
      "rev_growth_yoy_accel": 0.045440157828954386,
      "fcf_margin_change": -0.0017942782453127248
    },
    {
      "date": "2023-06-30T00:00:00",
      "quarter_label": "2023-06 (Q2)",
      "revenue": 66947043000,
      "gross_profit": 2264646000,
      "operating_income": 670128000,
      "net_income": 479581000,
      "opex": 1594518000,
      "cogs": 64682397000,
      "rd": null,
      "sga": 1304141000,
      "fcf": 640654000,
      "ocf": 744935000,
      "capex": -104281000,
      "gross_margin": 0.03382742386396364,
      "op_margin": 0.010009822241140658,
      "fcf_margin": 0.009569563811802712,
      "incr_op_margin_yoy": 0.026564844280562043,
      "rev_growth_yoy": 0.11458399598791974,
      "rev_growth_yoy_accel": 0.015176267784845862,
      "op_leverage_ratio": Infinity,
      "fcf_margin_change": 0.0012702067884355454
    },
    {
      "date": "2023-09-30T00:00:00",
      "quarter_label": "2023-09 (Q3)",
      "revenue": 68922331000,
      "gross_profit": 2253452000,
      "operating_income": 476941000,
      "net_income": 350565000,
      "opex": 1776511000,
      "cogs": 66668879000,
      "rd": null,
      "sga": 1393828000,
      "fcf": 1651314000,
      "ocf": 1826811000,
      "capex": -175497000,
      "gross_margin": 0.03269552795595378,
      "op_margin": 0.0069199777935543124,
      "fcf_margin": 0.02395905617295503,
      "incr_op_margin_yoy": 0.002893840129207084,
      "rev_growth_yoy": 0.12665778154102314,
      "rev_growth_yoy_accel": 0.0120737855531034,
      "op_leverage_ratio": 0.25850786939246434,
      "fcf_margin_change": 0.01438949236115232
    },
    {
      "date": "2023-12-31T00:00:00",
      "quarter_label": "2023-12 (Q4)",
      "revenue": 72252833000,
      "gross_profit": 2468812000,
      "operating_income": 822875000,
      "net_income": 601500000,
      "opex": 1645937000,
      "cogs": 69784021000,
      "rd": null,
      "sga": 1398747000,
      "fcf": 810940000,
      "ocf": 885157000,
      "capex": -74217000,
      "gross_margin": 0.0341690684986705,
      "op_margin": 0.011388826788286626,
      "fcf_margin": 0.011223642953903275,
      "incr_op_margin_yoy": 0.020171377825709352,
      "rev_growth_yoy": 0.1496654755803761,
      "rev_growth_yoy_accel": 0.02300769403935296,
      "op_leverage_ratio": Infinity,
      "fcf_margin_change": -0.012735413219051757
    },
    {
      "date": "2024-03-31T00:00:00",
      "quarter_label": "2024-03 (Q1)",
      "revenue": 68414307000,
      "gross_profit": 2538023000,
      "operating_income": 553259000,
      "net_income": 420775000,
      "opex": 1984764000,
      "cogs": 65876284000,
      "rd": null,
      "sga": 1388810000,
      "fcf": -991196000,
      "ocf": -878443000,
      "capex": -112753000,
      "gross_margin": 0.037097839783716585,
      "op_margin": 0.008086890363444009,
      "fcf_margin": -0.014488139154870048,
      "incr_op_margin_yoy": -0.001464565385178679,
      "rev_growth_yoy": 0.0781172445272369,
      "rev_growth_yoy_accel": -0.0715482310531392,
      "fcf_margin_change": -0.025711782108773323
    },
    {
      "date": "2024-06-30T00:00:00",
      "quarter_label": "2024-06 (Q2)",
      "revenue": 74241353000,
      "gross_profit": 2410777000,
      "operating_income": 672476000,
      "net_income": 483463000,
      "opex": 1738301000,
      "cogs": 71830576000,
      "rd": null,
      "sga": 1383206000,
      "fcf": 2359713000,
      "ocf": 2477592000,
      "capex": -117879000,
      "gross_margin": 0.032472158744197455,
      "op_margin": 0.009057970697274334,
      "fcf_margin": 0.03178434800346378,
      "incr_op_margin_yoy": 0.00032189473713072243,
      "rev_growth_yoy": 0.10895641798548145,
      "rev_growth_yoy_accel": 0.03083917345824455,
      "op_leverage_ratio": Infinity,
      "fcf_margin_change": 0.04627248715833383
    },
    {
      "date": "2024-09-30T00:00:00",
      "quarter_label": "2024-09 (Q3)",
      "revenue": 79050106000,
      "gross_profit": 2492417000,
      "operating_income": 126639000,
      "net_income": 3382000,
      "opex": 2365778000,
      "cogs": 76557689000,
      "rd": null,
      "sga": 1490343000,
      "fcf": 818055000,
      "ocf": 1000379000,
      "capex": -182324000,
      "gross_margin": 0.03152958453970953,
      "op_margin": 0.001602009237027462,
      "fcf_margin": 0.010348562973463945,
      "incr_op_margin_yoy": -0.034588248652838355,
      "rev_growth_yoy": 0.1469447543786643,
      "rev_growth_yoy_accel": 0.03798833639318286,
      "op_leverage_ratio": 0.17943772761902937,
      "fcf_margin_change": -0.021435785029999835
    },
    {
      "date": "2024-12-31T00:00:00",
      "quarter_label": "2024-12 (Q4)",
      "revenue": 81487060000,
      "gross_profit": 2558038000,
      "operating_income": 706254000,
      "net_income": 488600000,
      "opex": 1851784000,
      "cogs": 78929022000,
      "rd": null,
      "sga": 1472055000,
      "fcf": -2824675000,
      "ocf": -2718782000,
      "capex": -105893000,
      "gross_margin": 0.03139195351998219,
      "op_margin": 0.008667069348188535,
      "fcf_margin": -0.03466409267925484,
      "incr_op_margin_yoy": -0.012629210869518369,
      "rev_growth_yoy": 0.12780435889621103,
      "rev_growth_yoy_accel": -0.019140395482453276,
      "op_leverage_ratio": Infinity,
      "fcf_margin_change": -0.04501265565271879
    },
    {
      "date": "2025-03-31T00:00:00",
      "quarter_label": "2025-03 (Q1)",
      "revenue": 75453673000,
      "gross_profit": 3059809000,
      "operating_income": 1036190000,
      "net_income": 717871000,
      "opex": 2023619000,
      "cogs": 72393864000,
      "rd": null,
      "sga": 1600040000,
      "fcf": 3222178000,
      "ocf": 3351238000,
      "capex": -129060000,
      "gross_margin": 0.040552154432561556,
      "op_margin": 0.013732797341754324,
      "fcf_margin": 0.04270405762751934,
      "incr_op_margin_yoy": 0.06860433169691703,
      "rev_growth_yoy": 0.10289318577764736,
      "rev_growth_yoy_accel": -0.024911173118563668,
      "fcf_margin_change": 0.07736815030677419
    },
    {
      "date": "2025-06-30T00:00:00",
      "quarter_label": "2025-06 (Q2)",
      "revenue": 80663532000,
      "gross_profit": 2907115000,
      "operating_income": 867654000,
      "net_income": 687402000,
      "opex": 2039461000,
      "cogs": 77756417000,
      "rd": null,
      "sga": 1672881000,
      "fcf": -73969000,
      "ocf": 109247000,
      "capex": -183216000,
      "gross_margin": 0.03604001619963777,
      "op_margin": 0.01075645931298917,
      "fcf_margin": -0.0009170067088061554,
      "incr_op_margin_yoy": 0.030391242598501227,
      "rev_growth_yoy": 0.08650406734909587,
      "rev_growth_yoy_accel": -0.016389118428551494,
      "op_leverage_ratio": 8.819913452452713,
      "fcf_margin_change": -0.043621064336325496
    },
    {
      "date": "2025-09-30T00:00:00",
      "quarter_label": "2025-09 (Q3)",
      "revenue": 83728554000,
      "gross_profit": 2953577000,
      "operating_income": 18503000,
      "net_income": -339704000,
      "opex": 2935074000,
      "cogs": 80774977000,
      "rd": null,
      "sga": 1748866000,
      "fcf": 2883605000,
      "ocf": 3133417000,
      "capex": -249812000,
      "gross_margin": 0.035275624131762745,
      "op_margin": 0.00022098793202615205,
      "fcf_margin": 0.03443992356538249,
      "incr_op_margin_yoy": -0.02311364794478853,
      "rev_growth_yoy": 0.05918332354924356,
      "rev_growth_yoy_accel": -0.027320743799852304,
      "op_leverage_ratio": 0.0865269464554774,
      "fcf_margin_change": 0.035356930274188646
    }
  ],
  "signals": [
    {
      "quarter": "2025-09 (Q3)",
      "signal": "FCF TURNED POSITIVE",
      "detail": "FCF margin: -0.1% -> +3.4%",
      "severity": "HIGH"
    },
    {
      "quarter": "2025-06 (Q2)",
      "signal": "OPERATING LEVERAGE",
      "detail": "Rev growth +6.9% vs OpEx growth +0.8% (leverage: 8.8x)",
      "severity": "MEDIUM"
    },
    {
      "quarter": "2025-03 (Q1)",
      "signal": "FCF TURNED POSITIVE",
      "detail": "FCF margin: -3.5% -> +4.3%",
      "severity": "HIGH"
    },
    {
      "quarter": "2024-06 (Q2)",
      "signal": "FCF TURNED POSITIVE",
      "detail": "FCF margin: -1.4% -> +3.2%",
      "severity": "HIGH"
    },
    {
      "quarter": "2024-03 (Q1)",
      "signal": "YoY REVENUE GROWTH DECELERATION",
      "detail": "YoY growth: +7.8% vs prior quarter YoY: +15.0% (decel: -7.2%)",
      "severity": "WARNING"
    },
    {
      "quarter": "2022-09 (Q3)",
      "signal": "OPERATING LEVERAGE",
      "detail": "Rev growth +1.8% vs OpEx growth +0.2% (leverage: 9.5x)",
      "severity": "MEDIUM"
    },
    {
      "quarter": "2022-09 (Q3)",
      "signal": "YoY REVENUE GROWTH DECELERATION",
      "detail": "YoY growth: +3.8% vs prior quarter YoY: +12.5% (decel: -8.6%)",
      "severity": "WARNING"
    },
    {
      "quarter": "2021-06 (Q2)",
      "signal": "FCF TURNED POSITIVE",
      "detail": "FCF margin: -1.1% -> +2.0%",
      "severity": "HIGH"
    }
  ],
  "data_quality": {
    "n_quarters": 20,
    "coverage": {
      "revenue": [
        20,
        20
      ],
      "gross_profit": [
        20,
        20
      ],
      "op_income": [
        20,
        20
      ],
      "fcf": [
        20,
        20
      ]
    },
    "gaps": [],
    "warnings": []
  },
  "market_cap": null,
  "source": "SEC EDGAR",
  "last_updated": "2026-02-02T19:55:30.571438"
}