{
  "ticker": "COST",
  "name": "COSTCO WHOLESALE CORP /NEW",
  "quarters": [
    {
      "date": "2019-05-12T00:00:00",
      "quarter_label": "2019-05 (Q2)",
      "revenue": 34740000000,
      "gross_profit": 3731000000,
      "operating_income": 1122000000,
      "net_income": 906000000,
      "opex": 2609000000,
      "cogs": 30233000000,
      "rd": null,
      "sga": 3371000000,
      "fcf": null,
      "ocf": null,
      "capex": -672000000,
      "gross_margin": 0.10739781232009211,
      "op_margin": 0.03229706390328152,
      "fcf_margin": null
    },
    {
      "date": "2019-11-24T00:00:00",
      "quarter_label": "2019-11 (Q4)",
      "revenue": 37040000000,
      "gross_profit": 4807000000,
      "operating_income": 1061000000,
      "net_income": 844000000,
      "opex": 3746000000,
      "cogs": 32233000000,
      "rd": null,
      "sga": 3732000000,
      "fcf": 1387000000,
      "ocf": 2102000000,
      "capex": -715000000,
      "gross_margin": 0.12977861771058316,
      "op_margin": 0.028644708423326132,
      "fcf_margin": 0.037446004319654426,
      "op_leverage_ratio": 0.1519188402450874
    },
    {
      "date": "2020-02-16T00:00:00",
      "quarter_label": "2020-02 (Q1)",
      "revenue": 39072000000,
      "gross_profit": 5016000000,
      "operating_income": 1266000000,
      "net_income": 931000000,
      "opex": 3750000000,
      "cogs": 34056000000,
      "rd": null,
      "sga": 3743000000,
      "fcf": null,
      "ocf": null,
      "capex": null,
      "gross_margin": 0.12837837837837837,
      "op_margin": 0.0324017199017199,
      "fcf_margin": null,
      "op_leverage_ratio": 51.37602591792657
    },
    {
      "date": "2020-05-10T00:00:00",
      "quarter_label": "2020-05 (Q2)",
      "revenue": 37266000000,
      "gross_profit": 5017000000,
      "operating_income": 1179000000,
      "net_income": 838000000,
      "opex": 3838000000,
      "cogs": 32249000000,
      "rd": null,
      "sga": 3830000000,
      "fcf": null,
      "ocf": null,
      "capex": null,
      "gross_margin": 0.1346267375087211,
      "op_margin": 0.03163741748510707,
      "fcf_margin": null,
      "incr_op_margin_yoy": 0.022565320665083134,
      "rev_growth_yoy": 0.07271157167530225
    },
    {
      "date": "2020-11-22T00:00:00",
      "quarter_label": "2020-11 (Q4)",
      "revenue": 43208000000,
      "gross_profit": 5750000000,
      "operating_income": 1430000000,
      "net_income": 1166000000,
      "opex": 4320000000,
      "cogs": 37458000000,
      "rd": null,
      "sga": 4298000000,
      "fcf": 1754000000,
      "ocf": 2647000000,
      "capex": -893000000,
      "gross_margin": 0.13307720792445843,
      "op_margin": 0.03309572301425662,
      "fcf_margin": 0.04059433438252175,
      "incr_op_margin_yoy": 0.05982490272373541,
      "rev_growth_yoy": 0.16652267818574515,
      "rev_growth_yoy_accel": 0.0938111065104429,
      "op_leverage_ratio": 1.2696318248554244
    },
    {
      "date": "2021-02-14T00:00:00",
      "quarter_label": "2021-02 (Q1)",
      "revenue": 44769000000,
      "gross_profit": 5691000000,
      "operating_income": 1340000000,
      "net_income": 951000000,
      "opex": 4351000000,
      "cogs": 39078000000,
      "rd": null,
      "sga": 4342000000,
      "fcf": null,
      "ocf": null,
      "capex": null,
      "gross_margin": 0.1271192119547008,
      "op_margin": 0.02993142576336304,
      "fcf_margin": null,
      "incr_op_margin_yoy": 0.01298929261014569,
      "rev_growth_yoy": 0.14580773955773957,
      "rev_growth_yoy_accel": -0.02071493862800558,
      "op_leverage_ratio": 5.0345515466072595
    },
    {
      "date": "2021-05-09T00:00:00",
      "quarter_label": "2021-05 (Q2)",
      "revenue": 45277000000,
      "gross_profit": 5862000000,
      "operating_income": 1663000000,
      "net_income": 1220000000,
      "opex": 4199000000,
      "cogs": 39415000000,
      "rd": null,
      "sga": 4189000000,
      "fcf": null,
      "ocf": null,
      "capex": null,
      "gross_margin": 0.12946970868211233,
      "op_margin": 0.03672946529142832,
      "fcf_margin": null,
      "incr_op_margin_yoy": 0.06041692672575209,
      "rev_growth_yoy": 0.21496806740728813,
      "rev_growth_yoy_accel": 0.06916032784954856,
      "op_leverage_ratio": Infinity
    },
    {
      "date": "2021-11-21T00:00:00",
      "quarter_label": "2021-11 (Q4)",
      "revenue": 50363000000,
      "gross_profit": 6411000000,
      "operating_income": 1693000000,
      "net_income": 1324000000,
      "opex": 4718000000,
      "cogs": 43952000000,
      "rd": null,
      "sga": 4718000000,
      "fcf": 2203000000,
      "ocf": 3258000000,
      "capex": -1055000000,
      "gross_margin": 0.1272958322578083,
      "op_margin": 0.033615948215952186,
      "fcf_margin": 0.04374242995850128,
      "incr_op_margin_yoy": 0.036757512229210344,
      "rev_growth_yoy": 0.16559433438252175,
      "rev_growth_yoy_accel": -0.049373733024766386,
      "op_leverage_ratio": 0.9088186471773003
    },
    {
      "date": "2022-02-13T00:00:00",
      "quarter_label": "2022-02 (Q1)",
      "revenue": 51904000000,
      "gross_profit": 6387000000,
      "operating_income": 1812000000,
      "net_income": 1299000000,
      "opex": 4575000000,
      "cogs": 45517000000,
      "rd": null,
      "sga": 4575000000,
      "fcf": null,
      "ocf": null,
      "capex": null,
      "gross_margin": 0.12305409987669544,
      "op_margin": 0.034910604192355116,
      "fcf_margin": null,
      "incr_op_margin_yoy": 0.06615276804484933,
      "rev_growth_yoy": 0.15937367374745917,
      "rev_growth_yoy_accel": -0.006220660635062575,
      "op_leverage_ratio": Infinity
    },
    {
      "date": "2022-05-08T00:00:00",
      "quarter_label": "2022-05 (Q2)",
      "revenue": 52596000000,
      "gross_profit": 6241000000,
      "operating_income": 1791000000,
      "net_income": 1353000000,
      "opex": 4450000000,
      "cogs": 46355000000,
      "rd": null,
      "sga": 4450000000,
      "fcf": null,
      "ocf": null,
      "capex": null,
      "gross_margin": 0.11865921362841281,
      "op_margin": 0.03405201916495551,
      "fcf_margin": null,
      "incr_op_margin_yoy": 0.01748872796830168,
      "rev_growth_yoy": 0.16164940256642446,
      "rev_growth_yoy_accel": 0.002275728818965289,
      "op_leverage_ratio": Infinity
    },
    {
      "date": "2022-11-20T00:00:00",
      "quarter_label": "2022-11 (Q4)",
      "revenue": 54437000000,
      "gross_profit": 6668000000,
      "operating_income": 1751000000,
      "net_income": 1364000000,
      "opex": 4917000000,
      "cogs": 47769000000,
      "rd": null,
      "sga": 4917000000,
      "fcf": 1553000000,
      "ocf": 2610000000,
      "capex": -1057000000,
      "gross_margin": 0.1224902180502232,
      "op_margin": 0.03216562264636185,
      "fcf_margin": 0.02852839061667616,
      "incr_op_margin_yoy": 0.014236622484045164,
      "rev_growth_yoy": 0.08089271886106864,
      "rev_growth_yoy_accel": -0.08075668370535583,
      "op_leverage_ratio": 0.3335371413430939
    },
    {
      "date": "2023-02-12T00:00:00",
      "quarter_label": "2023-02 (Q1)",
      "revenue": 55266000000,
      "gross_profit": 6843000000,
      "operating_income": 1903000000,
      "net_income": 1466000000,
      "opex": 4940000000,
      "cogs": 48423000000,
      "rd": null,
      "sga": 4940000000,
      "fcf": null,
      "ocf": null,
      "capex": null,
      "gross_margin": 0.12381934643361199,
      "op_margin": 0.03443346723120906,
      "fcf_margin": null,
      "incr_op_margin_yoy": 0.02706722189173111,
      "rev_growth_yoy": 0.06477342786683107,
      "rev_growth_yoy_accel": -0.01611929099423756,
      "op_leverage_ratio": 3.255612590860915
    },
    {
      "date": "2023-05-07T00:00:00",
      "quarter_label": "2023-05 (Q2)",
      "revenue": 53648000000,
      "gross_profit": 6473000000,
      "operating_income": 1679000000,
      "net_income": 1302000000,
      "opex": 4794000000,
      "cogs": 47175000000,
      "rd": null,
      "sga": 4794000000,
      "fcf": null,
      "ocf": null,
      "capex": null,
      "gross_margin": 0.12065687444079928,
      "op_margin": 0.03129660005964808,
      "fcf_margin": null,
      "incr_op_margin_yoy": -0.10646387832699619,
      "rev_growth_yoy": 0.020001521028215074,
      "rev_growth_yoy_accel": -0.044771906838615996
    },
    {
      "date": "2023-11-26T00:00:00",
      "quarter_label": "2023-11 (Q4)",
      "revenue": 57799000000,
      "gross_profit": 7342000000,
      "operating_income": 1984000000,
      "net_income": 1589000000,
      "opex": 5358000000,
      "cogs": 50457000000,
      "rd": null,
      "sga": 5358000000,
      "fcf": 3611000000,
      "ocf": 4651000000,
      "capex": -1040000000,
      "gross_margin": 0.1270264191421997,
      "op_margin": 0.03432585338846693,
      "fcf_margin": 0.06247512932749701,
      "incr_op_margin_yoy": 0.06930398572278405,
      "rev_growth_yoy": 0.061759465069713616,
      "rev_growth_yoy_accel": 0.041757944041498546,
      "op_leverage_ratio": 0.6576852818371608
    },
    {
      "date": "2024-02-18T00:00:00",
      "quarter_label": "2024-02 (Q1)",
      "revenue": 58442000000,
      "gross_profit": 7302000000,
      "operating_income": 2062000000,
      "net_income": 1743000000,
      "opex": 5240000000,
      "cogs": 51140000000,
      "rd": null,
      "sga": 5240000000,
      "fcf": null,
      "ocf": null,
      "capex": null,
      "gross_margin": 0.12494438930905856,
      "op_margin": 0.035282844529619106,
      "fcf_margin": null,
      "incr_op_margin_yoy": 0.050062972292191435,
      "rev_growth_yoy": 0.057467520717982126,
      "rev_growth_yoy_accel": -0.00429194435173149,
      "op_leverage_ratio": Infinity
    },
    {
      "date": "2024-05-12T00:00:00",
      "quarter_label": "2024-05 (Q2)",
      "revenue": 58515000000,
      "gross_profit": 7342000000,
      "operating_income": 2197000000,
      "net_income": 1681000000,
      "opex": 5145000000,
      "cogs": 51173000000,
      "rd": null,
      "sga": 5145000000,
      "fcf": null,
      "ocf": null,
      "capex": null,
      "gross_margin": 0.12547210117064,
      "op_margin": 0.03754592839442878,
      "fcf_margin": null,
      "incr_op_margin_yoy": 0.10643106636531745,
      "rev_growth_yoy": 0.09072099612287504,
      "rev_growth_yoy_accel": 0.033253475404892915
    },
    {
      "date": "2024-11-24T00:00:00",
      "quarter_label": "2024-11 (Q4)",
      "revenue": 62151000000,
      "gross_profit": 8042000000,
      "operating_income": 2196000000,
      "net_income": 1798000000,
      "opex": 5846000000,
      "cogs": 54109000000,
      "rd": null,
      "sga": 5846000000,
      "fcf": 1996000000,
      "ocf": 3260000000,
      "capex": -1264000000,
      "gross_margin": 0.12939453910636997,
      "op_margin": 0.03533330115364194,
      "fcf_margin": 0.032115332013965985,
      "incr_op_margin_yoy": 0.04871323529411765,
      "rev_growth_yoy": 0.07529542033599197,
      "rev_growth_yoy_accel": -0.01542557578688307,
      "op_leverage_ratio": 0.4560621458121312
    },
    {
      "date": "2025-02-16T00:00:00",
      "quarter_label": "2025-02 (Q1)",
      "revenue": 63723000000,
      "gross_profit": 7979000000,
      "operating_income": 2316000000,
      "net_income": 1788000000,
      "opex": 5663000000,
      "cogs": 55744000000,
      "rd": null,
      "sga": 5663000000,
      "fcf": null,
      "ocf": null,
      "capex": null,
      "gross_margin": 0.12521381604758094,
      "op_margin": 0.03634480485852832,
      "fcf_margin": null,
      "incr_op_margin_yoy": 0.048096951334974436,
      "rev_growth_yoy": 0.09036309503439308,
      "rev_growth_yoy_accel": 0.015067674698401104,
      "op_leverage_ratio": Infinity
    },
    {
      "date": "2025-05-11T00:00:00",
      "quarter_label": "2025-05 (Q2)",
      "revenue": 63205000000,
      "gross_profit": 8209000000,
      "operating_income": 2530000000,
      "net_income": 1903000000,
      "opex": 5679000000,
      "cogs": 54996000000,
      "rd": null,
      "sga": 5679000000,
      "fcf": null,
      "ocf": null,
      "capex": null,
      "gross_margin": 0.12987896527173484,
      "op_margin": 0.040028478759591805,
      "fcf_margin": null,
      "incr_op_margin_yoy": 0.07100213219616204,
      "rev_growth_yoy": 0.08015038878919935,
      "rev_growth_yoy_accel": -0.010212706245193728
    },
    {
      "date": "2025-11-23T00:00:00",
      "quarter_label": "2025-11 (Q4)",
      "revenue": 67307000000,
      "gross_profit": 8797000000,
      "operating_income": 2463000000,
      "net_income": 2001000000,
      "opex": 6334000000,
      "cogs": 58510000000,
      "rd": null,
      "sga": 6334000000,
      "fcf": 3162000000,
      "ocf": 4688000000,
      "capex": -1526000000,
      "gross_margin": 0.13069963005333768,
      "op_margin": 0.03659351924762655,
      "fcf_margin": 0.046978768924480364,
      "incr_op_margin_yoy": 0.05178432893716059,
      "rev_growth_yoy": 0.082959244420846,
      "rev_growth_yoy_accel": 0.0028088556316466506,
      "op_leverage_ratio": 0.5626972453020012
    }
  ],
  "signals": [
    {
      "quarter": "2023-02 (Q1)",
      "signal": "OPERATING LEVERAGE",
      "detail": "Rev growth +1.5% vs OpEx growth +0.5% (leverage: 3.3x)",
      "severity": "MEDIUM"
    },
    {
      "quarter": "2022-11 (Q4)",
      "signal": "YoY REVENUE GROWTH DECELERATION",
      "detail": "YoY growth: +8.1% vs prior quarter YoY: +16.2% (decel: -8.1%)",
      "severity": "WARNING"
    },
    {
      "quarter": "2021-05 (Q2)",
      "signal": "YoY REVENUE GROWTH ACCELERATION",
      "detail": "YoY growth: +21.5% vs prior quarter YoY: +14.6% (accel: +6.9%)",
      "severity": "MEDIUM"
    },
    {
      "quarter": "2021-02 (Q1)",
      "signal": "OPERATING LEVERAGE",
      "detail": "Rev growth +3.6% vs OpEx growth +0.7% (leverage: 5.0x)",
      "severity": "MEDIUM"
    },
    {
      "quarter": "2020-11 (Q4)",
      "signal": "YoY REVENUE GROWTH ACCELERATION",
      "detail": "YoY growth: +16.7% vs prior quarter YoY: +7.3% (accel: +9.4%)",
      "severity": "MEDIUM"
    },
    {
      "quarter": "2020-02 (Q1)",
      "signal": "OPERATING LEVERAGE",
      "detail": "Rev growth +5.5% vs OpEx growth +0.1% (leverage: 51.4x)",
      "severity": "MEDIUM"
    }
  ],
  "data_quality": {
    "n_quarters": 20,
    "coverage": {
      "revenue": [
        20,
        20
      ],
      "gross_profit": [
        20,
        20
      ],
      "op_income": [
        20,
        20
      ],
      "fcf": [
        7,
        20
      ]
    },
    "gaps": [
      [
        "2019-05 (Q2)",
        "2019-11 (Q4)",
        196
      ],
      [
        "2020-05 (Q2)",
        "2020-11 (Q4)",
        196
      ],
      [
        "2021-05 (Q2)",
        "2021-11 (Q4)",
        196
      ],
      [
        "2022-05 (Q2)",
        "2022-11 (Q4)",
        196
      ],
      [
        "2023-05 (Q2)",
        "2023-11 (Q4)",
        203
      ],
      [
        "2024-05 (Q2)",
        "2024-11 (Q4)",
        196
      ],
      [
        "2025-05 (Q2)",
        "2025-11 (Q4)",
        196
      ]
    ],
    "warnings": [
      "fcf: 7/20Q",
      "gap: 1Q missing between 2019-05 (Q2) and 2019-11 (Q4)",
      "gap: 1Q missing between 2020-05 (Q2) and 2020-11 (Q4)",
      "gap: 1Q missing between 2021-05 (Q2) and 2021-11 (Q4)",
      "gap: 1Q missing between 2022-05 (Q2) and 2022-11 (Q4)",
      "gap: 1Q missing between 2023-05 (Q2) and 2023-11 (Q4)",
      "gap: 1Q missing between 2024-05 (Q2) and 2024-11 (Q4)",
      "gap: 1Q missing between 2025-05 (Q2) and 2025-11 (Q4)"
    ]
  },
  "market_cap": null,
  "source": "SEC EDGAR",
  "last_updated": "2026-02-02T19:46:04.985557",
  "sector": "Consumer Defensive",
  "industry": "Discount Stores"
}