{
  "ticker": "COUR",
  "name": "COURSERA, INC.",
  "sector": "Consumer Defensive",
  "industry": "Education & Training Services",
  "quarters": [
    {
      "date": "2021-03-31T00:00:00",
      "quarter_label": "2021-03 (Q1)",
      "revenue": 88362000,
      "gross_profit": 49536000,
      "operating_income": -18361000,
      "net_income": -18663000,
      "opex": 67897000,
      "cogs": 38826000,
      "rd": 22140000,
      "sga": null,
      "fcf": -4347000,
      "ocf": -4347000,
      "capex": null,
      "gross_margin": 0.5606029741291505,
      "op_margin": -0.20779294266766257,
      "fcf_margin": -0.04919535546954573
    },
    {
      "date": "2021-06-30T00:00:00",
      "quarter_label": "2021-06 (Q2)",
      "revenue": 102089000,
      "gross_profit": 60927000,
      "operating_income": -45785000,
      "net_income": -46363000,
      "opex": 106712000,
      "cogs": 41162000,
      "rd": 41004000,
      "sga": null,
      "fcf": -5453000,
      "ocf": -5453000,
      "capex": null,
      "gross_margin": 0.596802789722693,
      "op_margin": -0.4484812271645329,
      "fcf_margin": -0.053414177825230925,
      "op_leverage_ratio": 0.27174470565167724,
      "fcf_margin_change": -0.004218822355685194
    },
    {
      "date": "2021-09-30T00:00:00",
      "quarter_label": "2021-09 (Q3)",
      "revenue": 109880000,
      "gross_profit": 67718000,
      "operating_income": -31427000,
      "net_income": -32451000,
      "opex": 99145000,
      "cogs": 42162000,
      "rd": 33935000,
      "sga": null,
      "fcf": 10741000,
      "ocf": 10741000,
      "capex": null,
      "gross_margin": 0.6162904987258828,
      "op_margin": -0.2860120131052057,
      "fcf_margin": 0.09775209319257372,
      "op_leverage_ratio": null,
      "fcf_margin_change": 0.15116627101780464
    },
    {
      "date": "2021-12-31T00:00:00",
      "quarter_label": "2021-12 (Q4)",
      "revenue": 114956000,
      "gross_profit": 71287000,
      "operating_income": -47490000,
      "net_income": -47738000,
      "opex": 118777000,
      "cogs": 43669000,
      "rd": 38331000,
      "sga": null,
      "fcf": 805000,
      "ocf": 805000,
      "capex": null,
      "gross_margin": 0.6201242214412471,
      "op_margin": -0.41311458297087583,
      "fcf_margin": 0.007002679285987682,
      "op_leverage_ratio": 0.23329704309569096,
      "fcf_margin_change": -0.09074941390658604
    },
    {
      "date": "2022-03-31T00:00:00",
      "quarter_label": "2022-03 (Q1)",
      "revenue": 120433000,
      "gross_profit": 77630000,
      "operating_income": -37170000,
      "net_income": -38268000,
      "opex": 114800000,
      "cogs": 42803000,
      "rd": 37955000,
      "sga": null,
      "fcf": -38257000,
      "ocf": -38257000,
      "capex": null,
      "gross_margin": 0.6445907683110111,
      "op_margin": -0.30863633721654365,
      "fcf_margin": -0.31766210257985766,
      "incr_op_margin_yoy": -0.5864799975055346,
      "rev_growth_yoy": 0.36295013693669226,
      "op_leverage_ratio": null,
      "fcf_margin_change": -0.32466478186584535
    },
    {
      "date": "2022-06-30T00:00:00",
      "quarter_label": "2022-06 (Q2)",
      "revenue": 124754000,
      "gross_profit": 78406000,
      "operating_income": -47835000,
      "net_income": -49334000,
      "opex": 126241000,
      "cogs": 46348000,
      "rd": 44929000,
      "sga": null,
      "fcf": 857000,
      "ocf": 857000,
      "capex": null,
      "gross_margin": 0.6284848582009395,
      "op_margin": -0.3834345992914055,
      "fcf_margin": 0.006869519213812784,
      "incr_op_margin_yoy": -0.09044782704610634,
      "rev_growth_yoy": 0.22201216585528313,
      "rev_growth_yoy_accel": -0.14093797108140912,
      "op_leverage_ratio": 0.3600117404933628,
      "fcf_margin_change": 0.32453162179367046
    },
    {
      "date": "2022-09-30T00:00:00",
      "quarter_label": "2022-09 (Q3)",
      "revenue": 136389000,
      "gross_profit": 87568000,
      "operating_income": -36349000,
      "net_income": -36038000,
      "opex": 123917000,
      "cogs": 48821000,
      "rd": 39415000,
      "sga": null,
      "fcf": 4791000,
      "ocf": 4791000,
      "capex": null,
      "gross_margin": 0.6420459127935537,
      "op_margin": -0.2665097625175051,
      "fcf_margin": 0.035127466291269824,
      "incr_op_margin_yoy": -0.18567279037308085,
      "rev_growth_yoy": 0.24125409537677467,
      "rev_growth_yoy_accel": 0.019241929521491535,
      "op_leverage_ratio": null,
      "fcf_margin_change": 0.02825794707745704
    },
    {
      "date": "2022-12-31T00:00:00",
      "quarter_label": "2022-12 (Q4)",
      "revenue": 142180000,
      "gross_profit": 87875000,
      "operating_income": -56026000,
      "net_income": -51717000,
      "opex": 143901000,
      "cogs": 54305000,
      "rd": 42835000,
      "sga": null,
      "fcf": -5442000,
      "ocf": -5442000,
      "capex": null,
      "gross_margin": 0.6180545787030525,
      "op_margin": -0.39404979603319734,
      "fcf_margin": -0.038275425516950345,
      "incr_op_margin_yoy": -0.31354687040846313,
      "rev_growth_yoy": 0.23682104457357597,
      "rev_growth_yoy_accel": -0.004433050803198696,
      "op_leverage_ratio": 0.2632829221240163,
      "fcf_margin_change": -0.07340289180822017
    },
    {
      "date": "2023-03-31T00:00:00",
      "quarter_label": "2023-03 (Q1)",
      "revenue": 147642000,
      "gross_profit": 77468000,
      "operating_income": -39077000,
      "net_income": -32364000,
      "opex": 116545000,
      "cogs": 70174000,
      "rd": 43809000,
      "sga": null,
      "fcf": 4692000,
      "ocf": 4692000,
      "capex": null,
      "gross_margin": 0.5247016431638694,
      "op_margin": -0.2646740087508974,
      "fcf_margin": 0.031779574917706346,
      "incr_op_margin_yoy": -0.07008710353191959,
      "rev_growth_yoy": 0.2259264487308296,
      "rev_growth_yoy_accel": -0.01089459584274638,
      "op_leverage_ratio": null,
      "fcf_margin_change": 0.07005500043465669
    },
    {
      "date": "2023-06-30T00:00:00",
      "quarter_label": "2023-06 (Q2)",
      "revenue": 153702000,
      "gross_profit": 79701000,
      "operating_income": -38376000,
      "net_income": -31743000,
      "opex": 118077000,
      "cogs": 74001000,
      "rd": 41286000,
      "sga": null,
      "fcf": -6371000,
      "ocf": -6371000,
      "capex": null,
      "gross_margin": 0.5185423742046298,
      "op_margin": -0.24967794823749853,
      "fcf_margin": -0.04145033896761265,
      "incr_op_margin_yoy": 0.32675832527290316,
      "rev_growth_yoy": 0.23204065601102972,
      "rev_growth_yoy_accel": 0.0061142072802001235,
      "op_leverage_ratio": 3.122465046085827,
      "fcf_margin_change": -0.07322991388531899
    },
    {
      "date": "2023-09-30T00:00:00",
      "quarter_label": "2023-09 (Q3)",
      "revenue": 165540000,
      "gross_profit": 83273000,
      "operating_income": -39584000,
      "net_income": -32090000,
      "opex": 122857000,
      "cogs": 82267000,
      "rd": 37616000,
      "sga": null,
      "fcf": 19750000,
      "ocf": 19750000,
      "capex": null,
      "gross_margin": 0.5030385405340099,
      "op_margin": -0.23912045427087109,
      "fcf_margin": 0.11930651202126374,
      "incr_op_margin_yoy": -0.11097389454907207,
      "rev_growth_yoy": 0.21373424543034997,
      "rev_growth_yoy_accel": -0.01830641058067975,
      "op_leverage_ratio": 1.902550664658978,
      "fcf_margin_change": 0.1607568509888764
    },
    {
      "date": "2023-12-31T00:00:00",
      "quarter_label": "2023-12 (Q4)",
      "revenue": 168880000,
      "gross_profit": 89329000,
      "operating_income": -28559000,
      "net_income": -20357000,
      "opex": 117888000,
      "cogs": 79551000,
      "rd": 37366000,
      "sga": null,
      "fcf": 11629000,
      "ocf": 11629000,
      "capex": null,
      "gross_margin": 0.5289495499763145,
      "op_margin": -0.169108242539081,
      "fcf_margin": 0.06885954523922312,
      "incr_op_margin_yoy": 1.0287265917602997,
      "rev_growth_yoy": 0.18779012519341678,
      "rev_growth_yoy_accel": -0.025944120236933182,
      "op_leverage_ratio": null,
      "fcf_margin_change": -0.05044696678204062
    },
    {
      "date": "2024-03-31T00:00:00",
      "quarter_label": "2024-03 (Q1)",
      "revenue": 169068000,
      "gross_profit": 89497000,
      "operating_income": -29742000,
      "net_income": -21256000,
      "opex": 119239000,
      "cogs": 79571000,
      "rd": 34610000,
      "sga": null,
      "fcf": 24500000,
      "ocf": 24500000,
      "capex": null,
      "gross_margin": 0.5293550524049495,
      "op_margin": -0.17591738235502874,
      "fcf_margin": 0.14491210637140087,
      "incr_op_margin_yoy": 0.4356856156072062,
      "rev_growth_yoy": 0.1451213069451782,
      "rev_growth_yoy_accel": -0.042668818248238594,
      "fcf_margin_change": 0.07605256113217775
    },
    {
      "date": "2024-06-30T00:00:00",
      "quarter_label": "2024-06 (Q2)",
      "revenue": 170337000,
      "gross_profit": 90175000,
      "operating_income": -31209000,
      "net_income": -22974000,
      "opex": 121384000,
      "cogs": 80162000,
      "rd": 33701000,
      "sga": null,
      "fcf": 23800000,
      "ocf": 23800000,
      "capex": null,
      "gross_margin": 0.5293917352072656,
      "op_margin": -0.18321914792440866,
      "fcf_margin": 0.1397230196610249,
      "incr_op_margin_yoy": 0.43083859332732194,
      "rev_growth_yoy": 0.10822891048912832,
      "rev_growth_yoy_accel": -0.03689239645604987,
      "fcf_margin_change": -0.005189086710375962
    },
    {
      "date": "2024-09-30T00:00:00",
      "quarter_label": "2024-09 (Q3)",
      "revenue": 176089000,
      "gross_profit": 96233000,
      "operating_income": -21770000,
      "net_income": -13689000,
      "opex": 118003000,
      "cogs": 79856000,
      "rd": 31615000,
      "sga": null,
      "fcf": 27900000,
      "ocf": 27900000,
      "capex": null,
      "gross_margin": 0.5465020529391388,
      "op_margin": -0.12363066403920744,
      "fcf_margin": 0.15844260572778537,
      "incr_op_margin_yoy": 1.688690871172623,
      "rev_growth_yoy": 0.06372477950948412,
      "rev_growth_yoy_accel": -0.0445041309796442,
      "op_leverage_ratio": null,
      "fcf_margin_change": 0.01871958606676047
    },
    {
      "date": "2024-12-31T00:00:00",
      "quarter_label": "2024-12 (Q4)",
      "revenue": 179180000,
      "gross_profit": 95508000,
      "operating_income": -30498000,
      "net_income": -21611000,
      "opex": 126006000,
      "cogs": 83672000,
      "rd": 32122000,
      "sga": null,
      "fcf": 19200000,
      "ocf": 19200000,
      "capex": null,
      "gross_margin": 0.5330282397589017,
      "op_margin": -0.1702087286527514,
      "fcf_margin": 0.10715481638575734,
      "incr_op_margin_yoy": -0.18825242718446603,
      "rev_growth_yoy": 0.060990052108005684,
      "rev_growth_yoy_accel": -0.002734727401478433,
      "op_leverage_ratio": 0.25882546897164416,
      "fcf_margin_change": -0.05128778934202803
    },
    {
      "date": "2025-03-31T00:00:00",
      "quarter_label": "2025-03 (Q1)",
      "revenue": 179300000,
      "gross_profit": 97900000,
      "operating_income": -14400000,
      "net_income": -7800000,
      "opex": 112300000,
      "cogs": 81400000,
      "rd": 29500000,
      "sga": null,
      "fcf": 33500000,
      "ocf": 33500000,
      "capex": null,
      "gross_margin": 0.5460122699386503,
      "op_margin": -0.08031232571109871,
      "fcf_margin": 0.1868377021751255,
      "incr_op_margin_yoy": 1.4994136043784208,
      "rev_growth_yoy": 0.06052002744457851,
      "rev_growth_yoy_accel": -0.00047002466342717375,
      "fcf_margin_change": 0.07968288578936815
    },
    {
      "date": "2025-06-30T00:00:00",
      "quarter_label": "2025-06 (Q2)",
      "revenue": 187100000,
      "gross_profit": 102700000,
      "operating_income": -15100000,
      "net_income": -7800000,
      "opex": 117800000,
      "cogs": 84400000,
      "rd": 29300000,
      "sga": null,
      "fcf": 35500000,
      "ocf": 35500000,
      "capex": null,
      "gross_margin": 0.5489043292357029,
      "op_margin": -0.08070550507749866,
      "fcf_margin": 0.1897381079636558,
      "incr_op_margin_yoy": 0.9609855037881048,
      "rev_growth_yoy": 0.09841079741923364,
      "rev_growth_yoy_accel": 0.03789076997465513,
      "op_leverage_ratio": 0.8882421538305532,
      "fcf_margin_change": 0.002900405788530319
    },
    {
      "date": "2025-09-30T00:00:00",
      "quarter_label": "2025-09 (Q3)",
      "revenue": 194200000,
      "gross_profit": 106000000,
      "operating_income": -15600000,
      "net_income": -8600000,
      "opex": 121600000,
      "cogs": 88200000,
      "rd": 30000000,
      "sga": null,
      "fcf": 33900000,
      "ocf": 33900000,
      "capex": null,
      "gross_margin": 0.5458290422245108,
      "op_margin": -0.08032955715756952,
      "fcf_margin": 0.174562306900103,
      "incr_op_margin_yoy": 0.3406769366683231,
      "rev_growth_yoy": 0.10285139900845595,
      "rev_growth_yoy_accel": 0.004440601589222312,
      "op_leverage_ratio": 1.176376269374666,
      "fcf_margin_change": -0.015175801063552818
    },
    {
      "date": "2025-12-31T00:00:00",
      "quarter_label": "2025-12 (Q4)",
      "revenue": 196900000,
      "gross_profit": 106800000,
      "operating_income": -32300000,
      "net_income": -26800000,
      "opex": 139100000,
      "cogs": 90100000,
      "rd": 32800000,
      "sga": null,
      "fcf": 5800000,
      "ocf": 5800000,
      "capex": null,
      "gross_margin": 0.5424073133570341,
      "op_margin": -0.16404266124936517,
      "fcf_margin": 0.029456576942610464,
      "incr_op_margin_yoy": -0.10169300225733634,
      "rev_growth_yoy": 0.09889496595602187,
      "rev_growth_yoy_accel": -0.00395643305243408,
      "op_leverage_ratio": 0.09660732676180667,
      "fcf_margin_change": -0.14510572995749252
    }
  ],
  "signals": [
    {
      "quarter": "2025-03 (Q1)",
      "signal": "FCF MARGIN EXPANSION",
      "detail": "FCF margin: +10.7% -> +18.7% (+8.0%)",
      "severity": "MEDIUM"
    },
    {
      "quarter": "2024-03 (Q1)",
      "signal": "FCF MARGIN EXPANSION",
      "detail": "FCF margin: +6.9% -> +14.5% (+7.6%)",
      "severity": "MEDIUM"
    },
    {
      "quarter": "2023-12 (Q4)",
      "signal": "GROSS MARGIN INFLECTION",
      "detail": "GM: +51.9% -> +50.3% -> +52.9% (reversal +2.6%)",
      "severity": "MEDIUM"
    },
    {
      "quarter": "2023-09 (Q3)",
      "signal": "FCF TURNED POSITIVE",
      "detail": "FCF margin: -4.1% -> +11.9%",
      "severity": "HIGH"
    },
    {
      "quarter": "2023-09 (Q3)",
      "signal": "OPERATING LEVERAGE",
      "detail": "Rev growth +7.7% vs OpEx growth +4.0% (leverage: 1.9x)",
      "severity": "MEDIUM"
    },
    {
      "quarter": "2023-06 (Q2)",
      "signal": "OPERATING LEVERAGE",
      "detail": "Rev growth +4.1% vs OpEx growth +1.3% (leverage: 3.1x)",
      "severity": "MEDIUM"
    },
    {
      "quarter": "2023-03 (Q1)",
      "signal": "FCF TURNED POSITIVE",
      "detail": "FCF margin: -3.8% -> +3.2%",
      "severity": "HIGH"
    },
    {
      "quarter": "2022-06 (Q2)",
      "signal": "FCF TURNED POSITIVE",
      "detail": "FCF margin: -31.8% -> +0.7%",
      "severity": "HIGH"
    },
    {
      "quarter": "2022-06 (Q2)",
      "signal": "YoY REVENUE GROWTH DECELERATION",
      "detail": "YoY growth: +22.2% vs prior quarter YoY: +36.3% (decel: -14.1%)",
      "severity": "WARNING"
    },
    {
      "quarter": "2021-09 (Q3)",
      "signal": "FCF TURNED POSITIVE",
      "detail": "FCF margin: -5.3% -> +9.8%",
      "severity": "HIGH"
    }
  ],
  "data_quality": {
    "n_quarters": 20,
    "coverage": {
      "revenue": [
        20,
        20
      ],
      "gross_profit": [
        20,
        20
      ],
      "op_income": [
        20,
        20
      ],
      "fcf": [
        20,
        20
      ]
    },
    "gaps": [],
    "warnings": []
  },
  "market_cap": null,
  "source": "SEC EDGAR",
  "last_updated": "2026-02-24T10:06:09.587586"
}