{
  "ticker": "CPAY",
  "name": "Corpay, Inc.",
  "quarters": [
    {
      "date": "2020-12-31T00:00:00",
      "quarter_label": "2020-12 (Q4)",
      "revenue": 617333000,
      "gross_profit": null,
      "operating_income": 293939000,
      "net_income": 209851000,
      "opex": null,
      "cogs": null,
      "rd": null,
      "sga": null,
      "fcf": 234487000,
      "ocf": 257893000,
      "capex": -23406000,
      "gross_margin": null,
      "op_margin": 0.4761433456497547,
      "fcf_margin": 0.37983875801228834
    },
    {
      "date": "2021-03-31T00:00:00",
      "quarter_label": "2021-03 (Q1)",
      "revenue": 608623000,
      "gross_profit": null,
      "operating_income": 265965000,
      "net_income": 184239000,
      "opex": null,
      "cogs": null,
      "rd": null,
      "sga": null,
      "fcf": 58324000,
      "ocf": 77850000,
      "capex": -19526000,
      "gross_margin": null,
      "op_margin": 0.4369946584338745,
      "fcf_margin": 0.09582943792791268,
      "fcf_margin_change": -0.2840093200843756
    },
    {
      "date": "2021-06-30T00:00:00",
      "quarter_label": "2021-06 (Q2)",
      "revenue": 667381000,
      "gross_profit": null,
      "operating_income": 297612000,
      "net_income": 196247000,
      "opex": null,
      "cogs": null,
      "rd": null,
      "sga": null,
      "fcf": 252354000,
      "ocf": 278592000,
      "capex": -26238000,
      "gross_margin": null,
      "op_margin": 0.4459401751023778,
      "fcf_margin": 0.3781258381644068,
      "fcf_margin_change": 0.28229640023649416
    },
    {
      "date": "2021-09-30T00:00:00",
      "quarter_label": "2021-09 (Q3)",
      "revenue": 755477000,
      "gross_profit": null,
      "operating_income": 338687000,
      "net_income": 234007000,
      "opex": null,
      "cogs": null,
      "rd": null,
      "sga": null,
      "fcf": 214409000,
      "ocf": 243099000,
      "capex": -28690000,
      "gross_margin": null,
      "op_margin": 0.4483088168137481,
      "fcf_margin": 0.28380612513683406,
      "fcf_margin_change": -0.09431971302757275
    },
    {
      "date": "2021-12-31T00:00:00",
      "quarter_label": "2021-12 (Q4)",
      "revenue": 802255000,
      "gross_profit": null,
      "operating_income": 340292000,
      "net_income": 225004000,
      "opex": null,
      "cogs": null,
      "rd": null,
      "sga": null,
      "fcf": 560447000,
      "ocf": 597522000,
      "capex": -37075000,
      "gross_margin": null,
      "op_margin": 0.4241693725810372,
      "fcf_margin": 0.6985896005634119,
      "incr_op_margin_yoy": 0.2506624414618055,
      "rev_growth_yoy": 0.2995498377698908,
      "fcf_margin_change": 0.41478347542657784
    },
    {
      "date": "2022-03-31T00:00:00",
      "quarter_label": "2022-03 (Q1)",
      "revenue": 789241000,
      "gross_profit": null,
      "operating_income": 317721000,
      "net_income": 217952000,
      "opex": null,
      "cogs": null,
      "rd": null,
      "sga": null,
      "fcf": -143640000,
      "ocf": -112253000,
      "capex": -31387000,
      "gross_margin": null,
      "op_margin": 0.40256524939783916,
      "fcf_margin": -0.18199764077132333,
      "incr_op_margin_yoy": 0.2865495133375411,
      "rev_growth_yoy": 0.2967649924501703,
      "rev_growth_yoy_accel": -0.002784845319720508,
      "fcf_margin_change": -0.8805872413347352
    },
    {
      "date": "2022-06-30T00:00:00",
      "quarter_label": "2022-06 (Q2)",
      "revenue": 861278000,
      "gross_profit": null,
      "operating_income": 370480000,
      "net_income": 262171000,
      "opex": null,
      "cogs": null,
      "rd": null,
      "sga": null,
      "fcf": 118864000,
      "ocf": 154106000,
      "capex": -35242000,
      "gross_margin": null,
      "op_margin": 0.4301514725791208,
      "fcf_margin": 0.13800886589463565,
      "incr_op_margin_yoy": 0.3758077742306482,
      "rev_growth_yoy": 0.2905341926126156,
      "rev_growth_yoy_accel": -0.006230799837554701,
      "fcf_margin_change": 0.320006506665959
    },
    {
      "date": "2022-09-30T00:00:00",
      "quarter_label": "2022-09 (Q3)",
      "revenue": 893000000,
      "gross_profit": null,
      "operating_income": 389170000,
      "net_income": 248885000,
      "opex": null,
      "cogs": null,
      "rd": null,
      "sga": null,
      "fcf": 355752000,
      "ocf": 396754000,
      "capex": -41002000,
      "gross_margin": null,
      "op_margin": 0.4358006718924972,
      "fcf_margin": 0.3983784994400896,
      "incr_op_margin_yoy": 0.367087687150513,
      "rev_growth_yoy": 0.18203466154495768,
      "rev_growth_yoy_accel": -0.10849953106765792,
      "fcf_margin_change": 0.26036963354545395
    },
    {
      "date": "2022-12-31T00:00:00",
      "quarter_label": "2022-12 (Q4)",
      "revenue": 883610000,
      "gross_profit": null,
      "operating_income": 369270000,
      "net_income": 225319000,
      "opex": null,
      "cogs": null,
      "rd": null,
      "sga": null,
      "fcf": 272393000,
      "ocf": 316190000,
      "capex": -43797000,
      "gross_margin": null,
      "op_margin": 0.41791061667477736,
      "fcf_margin": 0.308272880569482,
      "incr_op_margin_yoy": 0.3561919980333108,
      "rev_growth_yoy": 0.10140790646365556,
      "rev_growth_yoy_accel": -0.08062675508130211,
      "fcf_margin_change": -0.09010561887060758
    },
    {
      "date": "2023-03-31T00:00:00",
      "quarter_label": "2023-03 (Q1)",
      "revenue": 901333000,
      "gross_profit": null,
      "operating_income": 375195000,
      "net_income": 214835000,
      "opex": null,
      "cogs": null,
      "rd": null,
      "sga": null,
      "fcf": 840928000,
      "ocf": 877665000,
      "capex": -36737000,
      "gross_margin": null,
      "op_margin": 0.41626679595665533,
      "fcf_margin": 0.9329825935586514,
      "incr_op_margin_yoy": 0.5127395353816507,
      "rev_growth_yoy": 0.14202505951920896,
      "rev_growth_yoy_accel": 0.0406171530555534,
      "fcf_margin_change": 0.6247097129891694
    },
    {
      "date": "2023-06-30T00:00:00",
      "quarter_label": "2023-06 (Q2)",
      "revenue": 948174000,
      "gross_profit": null,
      "operating_income": 412650000,
      "net_income": 239702000,
      "opex": null,
      "cogs": null,
      "rd": null,
      "sga": null,
      "fcf": 179110000,
      "ocf": 221295000,
      "capex": -42185000,
      "gross_margin": null,
      "op_margin": 0.43520493074056027,
      "fcf_margin": 0.18889992765041017,
      "incr_op_margin_yoy": 0.48529276376357944,
      "rev_growth_yoy": 0.10089193036394753,
      "rev_growth_yoy_accel": -0.04113312915526143,
      "fcf_margin_change": -0.7440826659082412
    },
    {
      "date": "2023-09-30T00:00:00",
      "quarter_label": "2023-09 (Q3)",
      "revenue": 970892000,
      "gross_profit": null,
      "operating_income": 444977000,
      "net_income": 271496000,
      "opex": null,
      "cogs": null,
      "rd": null,
      "sga": null,
      "fcf": 247434000,
      "ocf": 285670000,
      "capex": -38236000,
      "gross_margin": null,
      "op_margin": 0.45831771195972365,
      "fcf_margin": 0.2548522389719969,
      "incr_op_margin_yoy": 0.7164663893596261,
      "rev_growth_yoy": 0.08722508398656215,
      "rev_growth_yoy_accel": -0.013666846377385383,
      "fcf_margin_change": 0.06595231132158672
    },
    {
      "date": "2023-12-31T00:00:00",
      "quarter_label": "2023-12 (Q4)",
      "revenue": 937320000,
      "gross_profit": null,
      "operating_income": 424051000,
      "net_income": 255857000,
      "opex": null,
      "cogs": null,
      "rd": null,
      "sga": null,
      "fcf": 679838000,
      "ocf": 716502000,
      "capex": -36664000,
      "gross_margin": null,
      "op_margin": 0.45240792898903254,
      "fcf_margin": 0.7252997908931849,
      "incr_op_margin_yoy": 1.0199404207782536,
      "rev_growth_yoy": 0.06078473534704225,
      "rev_growth_yoy_accel": -0.026440348639519898,
      "fcf_margin_change": 0.470447551921188
    },
    {
      "date": "2024-03-31T00:00:00",
      "quarter_label": "2024-03 (Q1)",
      "revenue": 935251000,
      "gross_profit": null,
      "operating_income": 397338000,
      "net_income": 229769000,
      "opex": null,
      "cogs": null,
      "rd": null,
      "sga": null,
      "fcf": 308991000,
      "ocf": 350184000,
      "capex": -41193000,
      "gross_margin": null,
      "op_margin": 0.4248463781380613,
      "fcf_margin": 0.33038296671161005,
      "incr_op_margin_yoy": 0.6528392004245533,
      "rev_growth_yoy": 0.03763093107652776,
      "rev_growth_yoy_accel": -0.023153804270514486,
      "fcf_margin_change": -0.3949168241815748
    },
    {
      "date": "2024-06-30T00:00:00",
      "quarter_label": "2024-06 (Q2)",
      "revenue": 975710000,
      "gross_profit": null,
      "operating_income": 433339000,
      "net_income": 251625000,
      "opex": null,
      "cogs": null,
      "rd": null,
      "sga": null,
      "fcf": 496825000,
      "ocf": 540921000,
      "capex": -44096000,
      "gross_margin": null,
      "op_margin": 0.44412684096709065,
      "fcf_margin": 0.5091933053878714,
      "incr_op_margin_yoy": 0.7513436955258571,
      "rev_growth_yoy": 0.02904108317671651,
      "rev_growth_yoy_accel": -0.008589847899811254,
      "fcf_margin_change": 0.1788103386762614
    },
    {
      "date": "2024-09-30T00:00:00",
      "quarter_label": "2024-09 (Q3)",
      "revenue": 1029197000,
      "gross_profit": null,
      "operating_income": 468132000,
      "net_income": 276397000,
      "opex": null,
      "cogs": null,
      "rd": null,
      "sga": null,
      "fcf": 355010000,
      "ocf": 400788000,
      "capex": -45778000,
      "gross_margin": null,
      "op_margin": 0.4548516950593521,
      "fcf_margin": 0.34493882123636194,
      "incr_op_margin_yoy": 0.39713575165080184,
      "rev_growth_yoy": 0.06005302340528092,
      "rev_growth_yoy_accel": 0.03101194022856441,
      "fcf_margin_change": -0.1642544841515095
    },
    {
      "date": "2024-12-31T00:00:00",
      "quarter_label": "2024-12 (Q4)",
      "revenue": 1034431000,
      "gross_profit": null,
      "operating_income": 488348000,
      "net_income": 245955000,
      "opex": null,
      "cogs": null,
      "rd": null,
      "sga": null,
      "fcf": 604563000,
      "ocf": 648672000,
      "capex": -44109000,
      "gross_margin": null,
      "op_margin": 0.4720933537374653,
      "fcf_margin": 0.5844401414884125,
      "incr_op_margin_yoy": 0.662098011553789,
      "rev_growth_yoy": 0.10360495881875986,
      "rev_growth_yoy_accel": 0.043551935413478945,
      "fcf_margin_change": 0.23950132025205056
    },
    {
      "date": "2025-03-31T00:00:00",
      "quarter_label": "2025-03 (Q1)",
      "revenue": 1005667000,
      "gross_profit": null,
      "operating_income": 427124000,
      "net_income": 243233000,
      "opex": null,
      "cogs": null,
      "rd": null,
      "sga": null,
      "fcf": -118922000,
      "ocf": -74151000,
      "capex": -44771000,
      "gross_margin": null,
      "op_margin": 0.4247171280354233,
      "fcf_margin": -0.1182518666715722,
      "incr_op_margin_yoy": 0.4230004544421722,
      "rev_growth_yoy": 0.0752910181331001,
      "rev_growth_yoy_accel": -0.02831394068565976,
      "fcf_margin_change": -0.7026920081599847
    },
    {
      "date": "2025-06-30T00:00:00",
      "quarter_label": "2025-06 (Q2)",
      "revenue": 1102030000,
      "gross_profit": null,
      "operating_income": 479390000,
      "net_income": 284168000,
      "opex": null,
      "cogs": null,
      "rd": null,
      "sga": null,
      "fcf": 1087611000,
      "ocf": 1140247000,
      "capex": -52636000,
      "gross_margin": null,
      "op_margin": 0.435006306543379,
      "fcf_margin": 0.986915964175204,
      "incr_op_margin_yoy": 0.3645582647245092,
      "rev_growth_yoy": 0.12946469750233164,
      "rev_growth_yoy_accel": 0.05417367936923154,
      "fcf_margin_change": 1.1051678308467763
    },
    {
      "date": "2025-09-30T00:00:00",
      "quarter_label": "2025-09 (Q3)",
      "revenue": 1172480000,
      "gross_profit": null,
      "operating_income": 523120000,
      "net_income": 277941000,
      "opex": null,
      "cogs": null,
      "rd": null,
      "sga": null,
      "fcf": -429841000,
      "ocf": -378933000,
      "capex": -50908000,
      "gross_margin": null,
      "op_margin": 0.44616539301310043,
      "fcf_margin": -0.3666083856441048,
      "incr_op_margin_yoy": 0.3837719757403181,
      "rev_growth_yoy": 0.13921824490355103,
      "rev_growth_yoy_accel": 0.009753547401219392,
      "fcf_margin_change": -1.3535243498193088
    }
  ],
  "signals": [
    {
      "quarter": "2025-06 (Q2)",
      "signal": "FCF TURNED POSITIVE",
      "detail": "FCF margin: -11.8% -> +98.7%",
      "severity": "HIGH"
    },
    {
      "quarter": "2025-06 (Q2)",
      "signal": "YoY REVENUE GROWTH ACCELERATION",
      "detail": "YoY growth: +12.9% vs prior quarter YoY: +7.5% (accel: +5.4%)",
      "severity": "MEDIUM"
    },
    {
      "quarter": "2024-12 (Q4)",
      "signal": "FCF MARGIN EXPANSION",
      "detail": "FCF margin: +34.5% -> +58.4% (+24.0%)",
      "severity": "MEDIUM"
    },
    {
      "quarter": "2024-12 (Q4)",
      "signal": "INCREMENTAL MARGIN (YoY)",
      "detail": "YoY Incr OPM: +66.2% vs year-ago OPM: +45.2%",
      "severity": "HIGH"
    },
    {
      "quarter": "2024-06 (Q2)",
      "signal": "FCF MARGIN EXPANSION",
      "detail": "FCF margin: +33.0% -> +50.9% (+17.9%)",
      "severity": "MEDIUM"
    },
    {
      "quarter": "2024-06 (Q2)",
      "signal": "INCREMENTAL MARGIN (YoY)",
      "detail": "YoY Incr OPM: +75.1% vs year-ago OPM: +43.5%",
      "severity": "HIGH"
    },
    {
      "quarter": "2024-03 (Q1)",
      "signal": "INCREMENTAL MARGIN (YoY)",
      "detail": "YoY Incr OPM: +65.3% vs year-ago OPM: +41.6%",
      "severity": "HIGH"
    },
    {
      "quarter": "2023-12 (Q4)",
      "signal": "FCF MARGIN EXPANSION",
      "detail": "FCF margin: +25.5% -> +72.5% (+47.0%)",
      "severity": "MEDIUM"
    },
    {
      "quarter": "2023-12 (Q4)",
      "signal": "INCREMENTAL MARGIN (YoY)",
      "detail": "YoY Incr OPM: +102.0% vs year-ago OPM: +41.8%",
      "severity": "HIGH"
    },
    {
      "quarter": "2023-09 (Q3)",
      "signal": "FCF MARGIN EXPANSION",
      "detail": "FCF margin: +18.9% -> +25.5% (+6.6%)",
      "severity": "MEDIUM"
    },
    {
      "quarter": "2023-09 (Q3)",
      "signal": "INCREMENTAL MARGIN (YoY)",
      "detail": "YoY Incr OPM: +71.6% vs year-ago OPM: +43.6%",
      "severity": "HIGH"
    },
    {
      "quarter": "2023-03 (Q1)",
      "signal": "FCF MARGIN EXPANSION",
      "detail": "FCF margin: +30.8% -> +93.3% (+62.5%)",
      "severity": "MEDIUM"
    },
    {
      "quarter": "2023-03 (Q1)",
      "signal": "INCREMENTAL MARGIN (YoY)",
      "detail": "YoY Incr OPM: +51.3% vs year-ago OPM: +40.3%",
      "severity": "MEDIUM"
    },
    {
      "quarter": "2022-12 (Q4)",
      "signal": "YoY REVENUE GROWTH DECELERATION",
      "detail": "YoY growth: +10.1% vs prior quarter YoY: +18.2% (decel: -8.1%)",
      "severity": "WARNING"
    },
    {
      "quarter": "2022-09 (Q3)",
      "signal": "FCF MARGIN EXPANSION",
      "detail": "FCF margin: +13.8% -> +39.8% (+26.0%)",
      "severity": "MEDIUM"
    },
    {
      "quarter": "2022-09 (Q3)",
      "signal": "YoY REVENUE GROWTH DECELERATION",
      "detail": "YoY growth: +18.2% vs prior quarter YoY: +29.1% (decel: -10.8%)",
      "severity": "WARNING"
    },
    {
      "quarter": "2022-06 (Q2)",
      "signal": "FCF TURNED POSITIVE",
      "detail": "FCF margin: -18.2% -> +13.8%",
      "severity": "HIGH"
    },
    {
      "quarter": "2021-12 (Q4)",
      "signal": "FCF MARGIN EXPANSION",
      "detail": "FCF margin: +28.4% -> +69.9% (+41.5%)",
      "severity": "MEDIUM"
    },
    {
      "quarter": "2021-06 (Q2)",
      "signal": "FCF MARGIN EXPANSION",
      "detail": "FCF margin: +9.6% -> +37.8% (+28.2%)",
      "severity": "MEDIUM"
    }
  ],
  "data_quality": {
    "n_quarters": 20,
    "coverage": {
      "revenue": [
        20,
        20
      ],
      "gross_profit": [
        0,
        20
      ],
      "op_income": [
        20,
        20
      ],
      "fcf": [
        20,
        20
      ]
    },
    "gaps": [],
    "warnings": [
      "gross_profit: no data"
    ]
  },
  "market_cap": null,
  "source": "SEC EDGAR",
  "last_updated": "2026-02-02T20:16:24.605436",
  "sector": "Technology",
  "industry": "Software - Infrastructure"
}