{
  "ticker": "CPB",
  "name": "CAMPBELL'S CO",
  "quarters": [
    {
      "date": "2021-01-31T00:00:00",
      "quarter_label": "2021-01 (Q1)",
      "revenue": 2279000000,
      "gross_profit": 783000000,
      "operating_income": 401000000,
      "net_income": 245000000,
      "opex": 1878000000,
      "cogs": 1496000000,
      "rd": null,
      "sga": null,
      "fcf": 373000000,
      "ocf": 431000000,
      "capex": -58000000,
      "gross_margin": 0.3435717419921018,
      "op_margin": 0.17595436594997807,
      "fcf_margin": 0.1636682755594559
    },
    {
      "date": "2021-05-02T00:00:00",
      "quarter_label": "2021-05 (Q2)",
      "revenue": 1984000000,
      "gross_profit": 628000000,
      "operating_income": 272000000,
      "net_income": 160000000,
      "opex": 1712000000,
      "cogs": 1356000000,
      "rd": null,
      "sga": null,
      "fcf": 212000000,
      "ocf": 270000000,
      "capex": -58000000,
      "gross_margin": 0.3165322580645161,
      "op_margin": 0.13709677419354838,
      "fcf_margin": 0.10685483870967742,
      "fcf_margin_change": -0.05681343684977848
    },
    {
      "date": "2021-08-01T00:00:00",
      "quarter_label": "2021-08 (Q3)",
      "revenue": 1873000000,
      "gross_profit": 587000000,
      "operating_income": 411000000,
      "net_income": 288000000,
      "opex": 1462000000,
      "cogs": 1286000000,
      "rd": null,
      "sga": null,
      "fcf": 69000000,
      "ocf": 154000000,
      "capex": -85000000,
      "gross_margin": 0.3134009610250934,
      "op_margin": 0.2194340630005339,
      "fcf_margin": 0.03683929524826481,
      "fcf_margin_change": -0.07001554346141262
    },
    {
      "date": "2021-10-31T00:00:00",
      "quarter_label": "2021-10 (Q4)",
      "revenue": 2236000000,
      "gross_profit": 722000000,
      "operating_income": 376000000,
      "net_income": 261000000,
      "opex": 1860000000,
      "cogs": 1514000000,
      "rd": null,
      "sga": null,
      "fcf": 219000000,
      "ocf": 288000000,
      "capex": -69000000,
      "gross_margin": 0.3228980322003578,
      "op_margin": 0.16815742397137745,
      "fcf_margin": 0.09794275491949911,
      "op_leverage_ratio": 0.7119232038462467,
      "fcf_margin_change": 0.061103459671234296
    },
    {
      "date": "2022-01-30T00:00:00",
      "quarter_label": "2022-01 (Q1)",
      "revenue": 2209000000,
      "gross_profit": 669000000,
      "operating_income": 323000000,
      "net_income": 212000000,
      "opex": 1886000000,
      "cogs": 1540000000,
      "rd": null,
      "sga": null,
      "fcf": 418000000,
      "ocf": 478000000,
      "capex": -60000000,
      "gross_margin": 0.3028519692168402,
      "op_margin": 0.14622000905387053,
      "fcf_margin": 0.1892258940697148,
      "incr_op_margin_yoy": 1.1142857142857143,
      "rev_growth_yoy": -0.030715225976305396,
      "fcf_margin_change": 0.09128313915021569
    },
    {
      "date": "2022-05-01T00:00:00",
      "quarter_label": "2022-05 (Q2)",
      "revenue": 2130000000,
      "gross_profit": 665000000,
      "operating_income": 294000000,
      "net_income": 188000000,
      "opex": 1836000000,
      "cogs": 1465000000,
      "rd": null,
      "sga": null,
      "fcf": 285000000,
      "ocf": 335000000,
      "capex": -50000000,
      "gross_margin": 0.31220657276995306,
      "op_margin": 0.13802816901408452,
      "fcf_margin": 0.13380281690140844,
      "incr_op_margin_yoy": 0.1506849315068493,
      "rev_growth_yoy": 0.07358870967741936,
      "rev_growth_yoy_accel": 0.10430393565372476,
      "fcf_margin_change": -0.055423077168306356
    },
    {
      "date": "2022-07-31T00:00:00",
      "quarter_label": "2022-07 (Q3)",
      "revenue": 1987000000,
      "gross_profit": 571000000,
      "operating_income": 170000000,
      "net_income": 96000000,
      "opex": 1817000000,
      "cogs": 1416000000,
      "rd": null,
      "sga": null,
      "fcf": 17000000,
      "ocf": 80000000,
      "capex": -63000000,
      "gross_margin": 0.2873678912934072,
      "op_margin": 0.08555611474584801,
      "fcf_margin": 0.008555611474584801,
      "incr_op_margin_yoy": -2.1140350877192984,
      "rev_growth_yoy": 0.060864922584089695,
      "rev_growth_yoy_accel": -0.012723787093329664,
      "fcf_margin_change": -0.12524720542682363
    },
    {
      "date": "2022-10-30T00:00:00",
      "quarter_label": "2022-10 (Q4)",
      "revenue": 2575000000,
      "gross_profit": 834000000,
      "operating_income": 436000000,
      "net_income": 297000000,
      "opex": 2139000000,
      "cogs": 1741000000,
      "rd": null,
      "sga": null,
      "fcf": 150000000,
      "ocf": 227000000,
      "capex": -77000000,
      "gross_margin": 0.3238834951456311,
      "op_margin": 0.16932038834951457,
      "fcf_margin": 0.05825242718446602,
      "incr_op_margin_yoy": 0.17699115044247787,
      "rev_growth_yoy": 0.15161001788908765,
      "rev_growth_yoy_accel": 0.09074509530499796,
      "op_leverage_ratio": 1.6698540513336688,
      "fcf_margin_change": 0.04969681570988122
    },
    {
      "date": "2023-01-29T00:00:00",
      "quarter_label": "2023-01 (Q1)",
      "revenue": 2485000000,
      "gross_profit": 759000000,
      "operating_income": 350000000,
      "net_income": 232000000,
      "opex": 2135000000,
      "cogs": 1726000000,
      "rd": null,
      "sga": null,
      "fcf": 427000000,
      "ocf": 505000000,
      "capex": -78000000,
      "gross_margin": 0.30543259557344066,
      "op_margin": 0.14084507042253522,
      "fcf_margin": 0.17183098591549295,
      "incr_op_margin_yoy": 0.09782608695652174,
      "rev_growth_yoy": 0.12494341330918968,
      "rev_growth_yoy_accel": -0.026666604579897973,
      "fcf_margin_change": 0.11357855873102693
    },
    {
      "date": "2023-04-30T00:00:00",
      "quarter_label": "2023-04 (Q2)",
      "revenue": 2229000000,
      "gross_profit": 668000000,
      "operating_income": 254000000,
      "net_income": 160000000,
      "opex": 1975000000,
      "cogs": 1561000000,
      "rd": null,
      "sga": null,
      "fcf": 84000000,
      "ocf": 186000000,
      "capex": -102000000,
      "gross_margin": 0.2996859578286227,
      "op_margin": 0.11395244504262,
      "fcf_margin": 0.03768506056527591,
      "incr_op_margin_yoy": -0.40404040404040403,
      "rev_growth_yoy": 0.04647887323943662,
      "rev_growth_yoy_accel": -0.07846454006975306,
      "fcf_margin_change": -0.13414592535021705
    },
    {
      "date": "2023-07-30T00:00:00",
      "quarter_label": "2023-07 (Q3)",
      "revenue": 2068000000,
      "gross_profit": 656000000,
      "operating_income": 272000000,
      "net_income": 169000000,
      "opex": 1796000000,
      "cogs": 1412000000,
      "rd": null,
      "sga": null,
      "fcf": 112000000,
      "ocf": 225000000,
      "capex": -113000000,
      "gross_margin": 0.31721470019342357,
      "op_margin": 0.13152804642166344,
      "fcf_margin": 0.05415860735009671,
      "incr_op_margin_yoy": 1.2592592592592593,
      "rev_growth_yoy": 0.04076497232008052,
      "rev_growth_yoy_accel": -0.005713900919356099,
      "fcf_margin_change": 0.016473546784820804
    },
    {
      "date": "2023-10-29T00:00:00",
      "quarter_label": "2023-10 (Q4)",
      "revenue": 2518000000,
      "gross_profit": 788000000,
      "operating_income": 358000000,
      "net_income": 234000000,
      "opex": 2160000000,
      "cogs": 1730000000,
      "rd": null,
      "sga": null,
      "fcf": 31000000,
      "ocf": 174000000,
      "capex": -143000000,
      "gross_margin": 0.3129467831612391,
      "op_margin": 0.14217633042096903,
      "fcf_margin": 0.012311358220810167,
      "incr_op_margin_yoy": 1.368421052631579,
      "rev_growth_yoy": -0.022135922330097087,
      "rev_growth_yoy_accel": -0.0629008946501776,
      "op_leverage_ratio": 1.0736603821710204,
      "fcf_margin_change": -0.04184724912928654
    },
    {
      "date": "2024-01-28T00:00:00",
      "quarter_label": "2024-01 (Q1)",
      "revenue": 2456000000,
      "gross_profit": 776000000,
      "operating_income": 317000000,
      "net_income": 203000000,
      "opex": 2139000000,
      "cogs": 1680000000,
      "rd": null,
      "sga": null,
      "fcf": 390000000,
      "ocf": 510000000,
      "capex": -120000000,
      "gross_margin": 0.31596091205211724,
      "op_margin": 0.12907166123778502,
      "fcf_margin": 0.15879478827361562,
      "incr_op_margin_yoy": 1.1379310344827587,
      "rev_growth_yoy": -0.011670020120724347,
      "rev_growth_yoy_accel": 0.01046590220937274,
      "fcf_margin_change": 0.14648343005280545
    },
    {
      "date": "2024-04-28T00:00:00",
      "quarter_label": "2024-04 (Q2)",
      "revenue": 2369000000,
      "gross_profit": 732000000,
      "operating_income": 248000000,
      "net_income": 133000000,
      "opex": 2121000000,
      "cogs": 1637000000,
      "rd": null,
      "sga": null,
      "fcf": 100000000,
      "ocf": 213000000,
      "capex": -113000000,
      "gross_margin": 0.30899113550021107,
      "op_margin": 0.10468552131701139,
      "fcf_margin": 0.04221190375685943,
      "incr_op_margin_yoy": -0.04285714285714286,
      "rev_growth_yoy": 0.06280843427545985,
      "rev_growth_yoy_accel": 0.0744784543961842,
      "fcf_margin_change": -0.11658288451675619
    },
    {
      "date": "2024-07-28T00:00:00",
      "quarter_label": "2024-07 (Q3)",
      "revenue": 2293000000,
      "gross_profit": 675000000,
      "operating_income": 77000000,
      "net_income": -3000000,
      "opex": 2216000000,
      "cogs": 1618000000,
      "rd": null,
      "sga": null,
      "fcf": 147000000,
      "ocf": 288000000,
      "capex": -141000000,
      "gross_margin": 0.2943741822939381,
      "op_margin": 0.033580462276493674,
      "fcf_margin": 0.0641081552551243,
      "incr_op_margin_yoy": -0.8666666666666667,
      "rev_growth_yoy": 0.10880077369439071,
      "rev_growth_yoy_accel": 0.04599233941893087,
      "fcf_margin_change": 0.021896251498264865
    },
    {
      "date": "2024-10-27T00:00:00",
      "quarter_label": "2024-10 (Q4)",
      "revenue": 2772000000,
      "gross_profit": 867000000,
      "operating_income": 367000000,
      "net_income": 218000000,
      "opex": 2405000000,
      "cogs": 1905000000,
      "rd": null,
      "sga": null,
      "fcf": 115000000,
      "ocf": 225000000,
      "capex": -110000000,
      "gross_margin": 0.31277056277056275,
      "op_margin": 0.1323953823953824,
      "fcf_margin": 0.04148629148629149,
      "incr_op_margin_yoy": 0.03543307086614173,
      "rev_growth_yoy": 0.10087370929308975,
      "rev_growth_yoy_accel": -0.007927064401300962,
      "op_leverage_ratio": 2.4492854950770346,
      "fcf_margin_change": -0.02262186376883281
    },
    {
      "date": "2025-01-26T00:00:00",
      "quarter_label": "2025-01 (Q1)",
      "revenue": 2685000000,
      "gross_profit": 819000000,
      "operating_income": 327000000,
      "net_income": 173000000,
      "opex": 2358000000,
      "cogs": 1866000000,
      "rd": null,
      "sga": null,
      "fcf": 411000000,
      "ocf": 512000000,
      "capex": -101000000,
      "gross_margin": 0.30502793296089387,
      "op_margin": 0.1217877094972067,
      "fcf_margin": 0.15307262569832403,
      "incr_op_margin_yoy": 0.043668122270742356,
      "rev_growth_yoy": 0.09324104234527687,
      "rev_growth_yoy_accel": -0.00763266694781288,
      "fcf_margin_change": 0.11158633421203254
    },
    {
      "date": "2025-04-27T00:00:00",
      "quarter_label": "2025-04 (Q2)",
      "revenue": 2475000000,
      "gross_profit": 728000000,
      "operating_income": 161000000,
      "net_income": 66000000,
      "opex": 2314000000,
      "cogs": 1747000000,
      "rd": null,
      "sga": null,
      "fcf": 50000000,
      "ocf": 135000000,
      "capex": -85000000,
      "gross_margin": 0.29414141414141415,
      "op_margin": 0.06505050505050505,
      "fcf_margin": 0.020202020202020204,
      "incr_op_margin_yoy": -0.8207547169811321,
      "rev_growth_yoy": 0.044744617982271,
      "rev_growth_yoy_accel": -0.04849642436300587,
      "fcf_margin_change": -0.13287060549630383
    },
    {
      "date": "2025-08-03T00:00:00",
      "quarter_label": "2025-08 (Q3)",
      "revenue": 2321000000,
      "gross_profit": 705000000,
      "operating_income": 269000000,
      "net_income": 145000000,
      "opex": 2052000000,
      "cogs": 1616000000,
      "rd": null,
      "sga": null,
      "fcf": 129000000,
      "ocf": 259000000,
      "capex": -130000000,
      "gross_margin": 0.3037483843171047,
      "op_margin": 0.11589831968978888,
      "fcf_margin": 0.055579491598448945,
      "incr_op_margin_yoy": 6.857142857142857,
      "rev_growth_yoy": 0.012211077191452245,
      "rev_growth_yoy_accel": -0.03253354079081876,
      "fcf_margin_change": 0.035377471396428745
    },
    {
      "date": "2025-11-02T00:00:00",
      "quarter_label": "2025-11 (Q4)",
      "revenue": 2677000000,
      "gross_profit": 792000000,
      "operating_income": 336000000,
      "net_income": 194000000,
      "opex": 2341000000,
      "cogs": 1885000000,
      "rd": null,
      "sga": null,
      "fcf": 97000000,
      "ocf": 224000000,
      "capex": -127000000,
      "gross_margin": 0.2958535674262234,
      "op_margin": 0.12551363466567053,
      "fcf_margin": 0.036234590960029886,
      "incr_op_margin_yoy": 0.3263157894736842,
      "rev_growth_yoy": -0.03427128427128427,
      "rev_growth_yoy_accel": -0.046482361462736516,
      "op_leverage_ratio": 1.089066429724689,
      "fcf_margin_change": -0.01934490063841906
    }
  ],
  "signals": [
    {
      "quarter": "2025-11 (Q4)",
      "signal": "INCREMENTAL MARGIN (YoY)",
      "detail": "YoY Incr OPM: +32.6% vs year-ago OPM: +13.2%",
      "severity": "MEDIUM"
    },
    {
      "quarter": "2025-08 (Q3)",
      "signal": "INCREMENTAL MARGIN (YoY)",
      "detail": "YoY Incr OPM: +685.7% vs year-ago OPM: +3.4%",
      "severity": "HIGH"
    },
    {
      "quarter": "2025-01 (Q1)",
      "signal": "FCF MARGIN EXPANSION",
      "detail": "FCF margin: +4.1% -> +15.3% (+11.2%)",
      "severity": "MEDIUM"
    },
    {
      "quarter": "2024-10 (Q4)",
      "signal": "OPERATING LEVERAGE",
      "detail": "Rev growth +20.9% vs OpEx growth +8.5% (leverage: 2.4x)",
      "severity": "MEDIUM"
    },
    {
      "quarter": "2024-04 (Q2)",
      "signal": "YoY REVENUE GROWTH ACCELERATION",
      "detail": "YoY growth: +6.3% vs prior quarter YoY: -1.2% (accel: +7.4%)",
      "severity": "MEDIUM"
    },
    {
      "quarter": "2024-01 (Q1)",
      "signal": "FCF MARGIN EXPANSION",
      "detail": "FCF margin: +1.2% -> +15.9% (+14.6%)",
      "severity": "MEDIUM"
    },
    {
      "quarter": "2024-01 (Q1)",
      "signal": "INCREMENTAL MARGIN (YoY)",
      "detail": "YoY Incr OPM: +113.8% vs year-ago OPM: +14.1%",
      "severity": "HIGH"
    },
    {
      "quarter": "2023-10 (Q4)",
      "signal": "YoY REVENUE GROWTH DECELERATION",
      "detail": "YoY growth: -2.2% vs prior quarter YoY: +4.1% (decel: -6.3%)",
      "severity": "WARNING"
    },
    {
      "quarter": "2023-10 (Q4)",
      "signal": "INCREMENTAL MARGIN (YoY)",
      "detail": "YoY Incr OPM: +136.8% vs year-ago OPM: +16.9%",
      "severity": "HIGH"
    },
    {
      "quarter": "2023-07 (Q3)",
      "signal": "INCREMENTAL MARGIN (YoY)",
      "detail": "YoY Incr OPM: +125.9% vs year-ago OPM: +8.6%",
      "severity": "HIGH"
    },
    {
      "quarter": "2023-04 (Q2)",
      "signal": "YoY REVENUE GROWTH DECELERATION",
      "detail": "YoY growth: +4.6% vs prior quarter YoY: +12.5% (decel: -7.8%)",
      "severity": "WARNING"
    },
    {
      "quarter": "2023-01 (Q1)",
      "signal": "FCF MARGIN EXPANSION",
      "detail": "FCF margin: +5.8% -> +17.2% (+11.4%)",
      "severity": "MEDIUM"
    },
    {
      "quarter": "2022-10 (Q4)",
      "signal": "OPERATING LEVERAGE",
      "detail": "Rev growth +29.6% vs OpEx growth +17.7% (leverage: 1.7x)",
      "severity": "MEDIUM"
    },
    {
      "quarter": "2022-10 (Q4)",
      "signal": "GROSS MARGIN INFLECTION",
      "detail": "GM: +31.2% -> +28.7% -> +32.4% (reversal +3.7%)",
      "severity": "MEDIUM"
    },
    {
      "quarter": "2022-10 (Q4)",
      "signal": "YoY REVENUE GROWTH ACCELERATION",
      "detail": "YoY growth: +15.2% vs prior quarter YoY: +6.1% (accel: +9.1%)",
      "severity": "MEDIUM"
    },
    {
      "quarter": "2022-05 (Q2)",
      "signal": "YoY REVENUE GROWTH ACCELERATION",
      "detail": "YoY growth: +7.4% vs prior quarter YoY: -3.1% (accel: +10.4%)",
      "severity": "MEDIUM"
    },
    {
      "quarter": "2022-01 (Q1)",
      "signal": "FCF MARGIN EXPANSION",
      "detail": "FCF margin: +9.8% -> +18.9% (+9.1%)",
      "severity": "MEDIUM"
    },
    {
      "quarter": "2022-01 (Q1)",
      "signal": "INCREMENTAL MARGIN (YoY)",
      "detail": "YoY Incr OPM: +111.4% vs year-ago OPM: +17.6%",
      "severity": "HIGH"
    },
    {
      "quarter": "2021-10 (Q4)",
      "signal": "FCF MARGIN EXPANSION",
      "detail": "FCF margin: +3.7% -> +9.8% (+6.1%)",
      "severity": "MEDIUM"
    }
  ],
  "data_quality": {
    "n_quarters": 20,
    "coverage": {
      "revenue": [
        20,
        20
      ],
      "gross_profit": [
        20,
        20
      ],
      "op_income": [
        20,
        20
      ],
      "fcf": [
        20,
        20
      ]
    },
    "gaps": [],
    "warnings": []
  },
  "market_cap": null,
  "source": "SEC EDGAR",
  "last_updated": "2026-02-02T20:44:59.052403"
}