{
  "ticker": "CPER",
  "name": "UNITED STATES COMMODITY INDEX FUNDS TRUST",
  "quarters": [
    {
      "date": "2015-03-31T00:00:00",
      "quarter_label": "2015-03 (Q1)",
      "revenue": -46261195,
      "gross_profit": null,
      "operating_income": null,
      "net_income": null,
      "opex": 1840026,
      "cogs": null,
      "rd": null,
      "sga": null,
      "fcf": null,
      "ocf": null,
      "capex": null,
      "gross_margin": null,
      "op_margin": null,
      "fcf_margin": null
    },
    {
      "date": "2015-06-30T00:00:00",
      "quarter_label": "2015-06 (Q2)",
      "revenue": 26602542,
      "gross_profit": null,
      "operating_income": 26602542,
      "net_income": null,
      "opex": 1571197,
      "cogs": null,
      "rd": null,
      "sga": null,
      "fcf": null,
      "ocf": null,
      "capex": null,
      "gross_margin": null,
      "op_margin": 1.0,
      "fcf_margin": null
    },
    {
      "date": "2015-09-30T00:00:00",
      "quarter_label": "2015-09 (Q3)",
      "revenue": -62167682,
      "gross_profit": null,
      "operating_income": -62167682,
      "net_income": null,
      "opex": 1557765,
      "cogs": null,
      "rd": null,
      "sga": null,
      "fcf": -52771131,
      "ocf": -52771131,
      "capex": null,
      "gross_margin": null,
      "op_margin": 1.0,
      "fcf_margin": 0.8488515141999343
    },
    {
      "date": "2015-12-31T00:00:00",
      "quarter_label": "2015-12 (Q4)",
      "revenue": -16540072,
      "gross_profit": null,
      "operating_income": null,
      "net_income": null,
      "opex": 1478620,
      "cogs": null,
      "rd": null,
      "sga": null,
      "fcf": -26681455,
      "ocf": -26681455,
      "capex": null,
      "gross_margin": null,
      "op_margin": null,
      "fcf_margin": 1.6131401967294943,
      "fcf_margin_change": 0.76428868252956
    },
    {
      "date": "2016-03-31T00:00:00",
      "quarter_label": "2016-03 (Q1)",
      "revenue": -727547,
      "gross_profit": null,
      "operating_income": null,
      "net_income": -2084382,
      "opex": 1388115,
      "cogs": null,
      "rd": null,
      "sga": null,
      "fcf": 13629361,
      "ocf": 13629361,
      "capex": null,
      "gross_margin": null,
      "op_margin": null,
      "fcf_margin": -18.73330657675724,
      "fcf_margin_change": -20.346446773486733
    },
    {
      "date": "2016-06-30T00:00:00",
      "quarter_label": "2016-06 (Q2)",
      "revenue": 37247008,
      "gross_profit": null,
      "operating_income": 37247008,
      "net_income": 35786156,
      "opex": 1495163,
      "cogs": null,
      "rd": null,
      "sga": null,
      "fcf": null,
      "ocf": null,
      "capex": null,
      "gross_margin": null,
      "op_margin": 1.0,
      "fcf_margin": null,
      "incr_op_margin_yoy": 1.0,
      "rev_growth_yoy": 0.4001296567824233
    },
    {
      "date": "2016-09-30T00:00:00",
      "quarter_label": "2016-09 (Q3)",
      "revenue": -23727500,
      "gross_profit": null,
      "operating_income": -23727500,
      "net_income": -25511950,
      "opex": 1827954,
      "cogs": null,
      "rd": null,
      "sga": null,
      "fcf": null,
      "ocf": null,
      "capex": null,
      "gross_margin": null,
      "op_margin": 1.0,
      "fcf_margin": null,
      "incr_op_margin_yoy": 1.0
    },
    {
      "date": "2016-12-31T00:00:00",
      "quarter_label": "2016-12 (Q4)",
      "revenue": -22018364,
      "gross_profit": null,
      "operating_income": null,
      "net_income": -23671208,
      "opex": 1691562,
      "cogs": null,
      "rd": null,
      "sga": null,
      "fcf": -20889028,
      "ocf": -20889028,
      "capex": null,
      "gross_margin": null,
      "op_margin": null,
      "fcf_margin": 0.9487093591512975
    },
    {
      "date": "2017-03-31T00:00:00",
      "quarter_label": "2017-03 (Q1)",
      "revenue": -8983851,
      "gross_profit": null,
      "operating_income": null,
      "net_income": -10438029,
      "opex": 1490532,
      "cogs": null,
      "rd": null,
      "sga": null,
      "fcf": null,
      "ocf": null,
      "capex": null,
      "gross_margin": null,
      "op_margin": null,
      "fcf_margin": null
    },
    {
      "date": "2017-06-30T00:00:00",
      "quarter_label": "2017-06 (Q2)",
      "revenue": -9618420,
      "gross_profit": null,
      "operating_income": null,
      "net_income": -11074112,
      "opex": 1466978,
      "cogs": null,
      "rd": null,
      "sga": null,
      "fcf": null,
      "ocf": null,
      "capex": null,
      "gross_margin": null,
      "op_margin": null,
      "fcf_margin": null,
      "rev_growth_yoy": -1.258233359307679,
      "op_leverage_ratio": Infinity
    },
    {
      "date": "2017-09-30T00:00:00",
      "quarter_label": "2017-09 (Q3)",
      "revenue": 22057501,
      "gross_profit": null,
      "operating_income": null,
      "net_income": 20848323,
      "opex": 1233942,
      "cogs": null,
      "rd": null,
      "sga": null,
      "fcf": null,
      "ocf": null,
      "capex": null,
      "gross_margin": null,
      "op_margin": null,
      "fcf_margin": null
    },
    {
      "date": "2017-12-31T00:00:00",
      "quarter_label": "2017-12 (Q4)",
      "revenue": 30597941,
      "gross_profit": null,
      "operating_income": null,
      "net_income": 29269559,
      "opex": 1341664,
      "cogs": null,
      "rd": null,
      "sga": null,
      "fcf": -59771654,
      "ocf": -59771654,
      "capex": null,
      "gross_margin": null,
      "op_margin": null,
      "fcf_margin": -1.9534534693037024,
      "op_leverage_ratio": 4.435210910661201
    },
    {
      "date": "2018-06-30T00:00:00",
      "quarter_label": "2018-06 (Q2)",
      "revenue": 14400166,
      "gross_profit": null,
      "operating_income": null,
      "net_income": 12837703,
      "opex": 1582919,
      "cogs": null,
      "rd": null,
      "sga": null,
      "fcf": null,
      "ocf": null,
      "capex": null,
      "gross_margin": null,
      "op_margin": null,
      "fcf_margin": null
    },
    {
      "date": "2018-09-30T00:00:00",
      "quarter_label": "2018-09 (Q3)",
      "revenue": -19821660,
      "gross_profit": null,
      "operating_income": null,
      "net_income": -21485778,
      "opex": 1685750,
      "cogs": null,
      "rd": null,
      "sga": null,
      "fcf": 16737670,
      "ocf": 16737670,
      "capex": null,
      "gross_margin": null,
      "op_margin": null,
      "fcf_margin": -0.8444131318971266,
      "rev_growth_yoy": -1.8986357974096884
    },
    {
      "date": "2018-12-31T00:00:00",
      "quarter_label": "2018-12 (Q4)",
      "revenue": -66518324,
      "gross_profit": null,
      "operating_income": null,
      "net_income": -67936950,
      "opex": 1435254,
      "cogs": null,
      "rd": null,
      "sga": null,
      "fcf": -53373450,
      "ocf": -53373450,
      "capex": null,
      "gross_margin": null,
      "op_margin": null,
      "fcf_margin": 0.8023871737959002,
      "rev_growth_yoy": -3.1739477175931543,
      "rev_growth_yoy_accel": -1.275311920183466,
      "op_leverage_ratio": Infinity,
      "fcf_margin_change": 1.6468003056930267
    },
    {
      "date": "2019-03-31T00:00:00",
      "quarter_label": "2019-03 (Q1)",
      "revenue": 18761544,
      "gross_profit": null,
      "operating_income": null,
      "net_income": 17462641,
      "opex": 1320821,
      "cogs": null,
      "rd": null,
      "sga": null,
      "fcf": 2163246,
      "ocf": 2163246,
      "capex": null,
      "gross_margin": null,
      "op_margin": null,
      "fcf_margin": 0.11530213078411883,
      "fcf_margin_change": -0.6870850430117814
    },
    {
      "date": "2019-06-30T00:00:00",
      "quarter_label": "2019-06 (Q2)",
      "revenue": -19246746,
      "gross_profit": null,
      "operating_income": null,
      "net_income": -20375704,
      "opex": 1151311,
      "cogs": null,
      "rd": null,
      "sga": null,
      "fcf": -16282364,
      "ocf": -16282364,
      "capex": null,
      "gross_margin": null,
      "op_margin": null,
      "fcf_margin": 0.8459800945053257,
      "rev_growth_yoy": -2.33656417571853,
      "fcf_margin_change": 0.7306779637212069
    },
    {
      "date": "2019-09-30T00:00:00",
      "quarter_label": "2019-09 (Q3)",
      "revenue": -10997243,
      "gross_profit": null,
      "operating_income": null,
      "net_income": -11849746,
      "opex": 864650,
      "cogs": null,
      "rd": null,
      "sga": null,
      "fcf": -11373740,
      "ocf": -11373740,
      "capex": null,
      "gross_margin": null,
      "op_margin": null,
      "fcf_margin": 1.034235580681449,
      "fcf_margin_change": 0.1882554861761232
    },
    {
      "date": "2019-12-31T00:00:00",
      "quarter_label": "2019-12 (Q4)",
      "revenue": 7241139,
      "gross_profit": null,
      "operating_income": null,
      "net_income": 6619394,
      "opex": 632955,
      "cogs": null,
      "rd": null,
      "sga": null,
      "fcf": -70272,
      "ocf": -70272,
      "capex": null,
      "gross_margin": null,
      "op_margin": null,
      "fcf_margin": -0.009704550623872847,
      "fcf_margin_change": -1.0439401313053218
    },
    {
      "date": "2020-03-31T00:00:00",
      "quarter_label": "2020-03 (Q1)",
      "revenue": -54659197,
      "gross_profit": null,
      "operating_income": null,
      "net_income": -55119996,
      "opex": 465204,
      "cogs": null,
      "rd": null,
      "sga": null,
      "fcf": -45679239,
      "ocf": -45679239,
      "capex": null,
      "gross_margin": null,
      "op_margin": null,
      "fcf_margin": 0.835710026987773,
      "rev_growth_yoy": -3.9133634737098397,
      "fcf_margin_change": 0.8454145776116458
    }
  ],
  "signals": [
    {
      "quarter": "2020-03 (Q1)",
      "signal": "FCF TURNED POSITIVE",
      "detail": "FCF margin: -1.0% -> +83.6%",
      "severity": "HIGH"
    },
    {
      "quarter": "2019-09 (Q3)",
      "signal": "FCF MARGIN EXPANSION",
      "detail": "FCF margin: +84.6% -> +103.4% (+18.8%)",
      "severity": "MEDIUM"
    },
    {
      "quarter": "2019-06 (Q2)",
      "signal": "FCF MARGIN EXPANSION",
      "detail": "FCF margin: +11.5% -> +84.6% (+73.1%)",
      "severity": "MEDIUM"
    },
    {
      "quarter": "2018-12 (Q4)",
      "signal": "FCF TURNED POSITIVE",
      "detail": "FCF margin: -84.4% -> +80.2%",
      "severity": "HIGH"
    },
    {
      "quarter": "2018-12 (Q4)",
      "signal": "YoY REVENUE GROWTH DECELERATION",
      "detail": "YoY growth: -317.4% vs prior quarter YoY: -189.9% (decel: -127.5%)",
      "severity": "WARNING"
    },
    {
      "quarter": "2017-12 (Q4)",
      "signal": "OPERATING LEVERAGE",
      "detail": "Rev growth +38.7% vs OpEx growth +8.7% (leverage: 4.4x)",
      "severity": "MEDIUM"
    },
    {
      "quarter": "2015-12 (Q4)",
      "signal": "FCF MARGIN EXPANSION",
      "detail": "FCF margin: +84.9% -> +161.3% (+76.4%)",
      "severity": "MEDIUM"
    }
  ],
  "data_quality": {
    "n_quarters": 20,
    "coverage": {
      "revenue": [
        20,
        20
      ],
      "gross_profit": [
        0,
        20
      ],
      "op_income": [
        4,
        20
      ],
      "fcf": [
        12,
        20
      ]
    },
    "gaps": [
      [
        "2017-12 (Q4)",
        "2018-06 (Q2)",
        181
      ]
    ],
    "warnings": [
      "gross_profit: no data",
      "op_income: 4/20Q",
      "fcf: 12/20Q",
      "gap: 1Q missing between 2017-12 (Q4) and 2018-06 (Q2)"
    ]
  },
  "market_cap": null,
  "source": "SEC EDGAR",
  "last_updated": "2026-02-03T01:08:32.539125"
}