{
  "ticker": "CPF",
  "name": "Central Pacific Financial Corp",
  "quarters": [
    {
      "date": "2020-12-31T00:00:00",
      "quarter_label": "2020-12 (Q4)",
      "revenue": 6243000,
      "gross_profit": null,
      "operating_income": null,
      "net_income": 12171000,
      "opex": null,
      "cogs": null,
      "rd": null,
      "sga": null,
      "fcf": 29765000,
      "ocf": 36382000,
      "capex": -6617000,
      "gross_margin": null,
      "op_margin": null,
      "fcf_margin": 4.767739868652892
    },
    {
      "date": "2021-03-31T00:00:00",
      "quarter_label": "2021-03 (Q1)",
      "revenue": 6725000,
      "gross_profit": null,
      "operating_income": null,
      "net_income": 18038000,
      "opex": null,
      "cogs": null,
      "rd": null,
      "sga": null,
      "fcf": 10718000,
      "ocf": 19679000,
      "capex": -8961000,
      "gross_margin": null,
      "op_margin": null,
      "fcf_margin": 1.5937546468401487,
      "fcf_margin_change": -3.173985221812743
    },
    {
      "date": "2021-06-30T00:00:00",
      "quarter_label": "2021-06 (Q2)",
      "revenue": 7159000,
      "gross_profit": null,
      "operating_income": null,
      "net_income": 18714000,
      "opex": null,
      "cogs": null,
      "rd": null,
      "sga": null,
      "fcf": 33630000,
      "ocf": 39461000,
      "capex": -5831000,
      "gross_margin": null,
      "op_margin": null,
      "fcf_margin": 4.697583461377287,
      "fcf_margin_change": 3.1038288145371387
    },
    {
      "date": "2021-09-30T00:00:00",
      "quarter_label": "2021-09 (Q3)",
      "revenue": 7298000,
      "gross_profit": null,
      "operating_income": null,
      "net_income": 20815000,
      "opex": null,
      "cogs": null,
      "rd": null,
      "sga": null,
      "fcf": 10457000,
      "ocf": 15775000,
      "capex": -5318000,
      "gross_margin": null,
      "op_margin": null,
      "fcf_margin": 1.4328583173472185,
      "fcf_margin_change": -3.264725144030069
    },
    {
      "date": "2021-12-31T00:00:00",
      "quarter_label": "2021-12 (Q4)",
      "revenue": 21878000,
      "gross_profit": null,
      "operating_income": null,
      "net_income": 22327000,
      "opex": null,
      "cogs": null,
      "rd": null,
      "sga": null,
      "fcf": 33522000,
      "ocf": 35573000,
      "capex": -2051000,
      "gross_margin": null,
      "op_margin": null,
      "fcf_margin": 1.5322241521162812,
      "rev_growth_yoy": 2.5044049335255485,
      "fcf_margin_change": 0.09936583476906269
    },
    {
      "date": "2022-03-31T00:00:00",
      "quarter_label": "2022-03 (Q1)",
      "revenue": 7113000,
      "gross_profit": null,
      "operating_income": null,
      "net_income": 19438000,
      "opex": null,
      "cogs": null,
      "rd": null,
      "sga": null,
      "fcf": 8552000,
      "ocf": 9410000,
      "capex": -858000,
      "gross_margin": null,
      "op_margin": null,
      "fcf_margin": 1.2023056375650218,
      "rev_growth_yoy": 0.05769516728624535,
      "rev_growth_yoy_accel": -2.4467097662393034,
      "fcf_margin_change": -0.3299185145512593
    },
    {
      "date": "2022-06-30T00:00:00",
      "quarter_label": "2022-06 (Q2)",
      "revenue": 7803000,
      "gross_profit": null,
      "operating_income": null,
      "net_income": 17594000,
      "opex": null,
      "cogs": null,
      "rd": null,
      "sga": null,
      "fcf": 27180000,
      "ocf": 38141000,
      "capex": -10961000,
      "gross_margin": null,
      "op_margin": null,
      "fcf_margin": 3.483275663206459,
      "rev_growth_yoy": 0.08995669786283,
      "rev_growth_yoy_accel": 0.03226153057658465,
      "fcf_margin_change": 2.2809700256414374
    },
    {
      "date": "2022-09-30T00:00:00",
      "quarter_label": "2022-09 (Q3)",
      "revenue": 7835000,
      "gross_profit": null,
      "operating_income": null,
      "net_income": 16715000,
      "opex": null,
      "cogs": null,
      "rd": null,
      "sga": null,
      "fcf": 31288000,
      "ocf": 34450000,
      "capex": -3162000,
      "gross_margin": null,
      "op_margin": null,
      "fcf_margin": 3.993363114231015,
      "rev_growth_yoy": 0.07358180323376268,
      "rev_growth_yoy_accel": -0.016374894629067327,
      "fcf_margin_change": 0.5100874510245559
    },
    {
      "date": "2022-12-31T00:00:00",
      "quarter_label": "2022-12 (Q4)",
      "revenue": 25168000,
      "gross_profit": null,
      "operating_income": null,
      "net_income": 20181000,
      "opex": null,
      "cogs": null,
      "rd": null,
      "sga": null,
      "fcf": 28661000,
      "ocf": 32120000,
      "capex": -3459000,
      "gross_margin": null,
      "op_margin": null,
      "fcf_margin": 1.1387873490146216,
      "rev_growth_yoy": 0.15037937654264558,
      "rev_growth_yoy_accel": 0.0767975733088829,
      "fcf_margin_change": -2.854575765216393
    },
    {
      "date": "2023-03-31T00:00:00",
      "quarter_label": "2023-03 (Q1)",
      "revenue": 11009000,
      "gross_profit": null,
      "operating_income": null,
      "net_income": 16187000,
      "opex": null,
      "cogs": null,
      "rd": null,
      "sga": null,
      "fcf": 14446000,
      "ocf": 18268000,
      "capex": -3822000,
      "gross_margin": null,
      "op_margin": null,
      "fcf_margin": 1.3121991098192387,
      "rev_growth_yoy": 0.5477295093490792,
      "rev_growth_yoy_accel": 0.3973501328064336,
      "fcf_margin_change": 0.17341176080461707
    },
    {
      "date": "2023-06-30T00:00:00",
      "quarter_label": "2023-06 (Q2)",
      "revenue": 10435000,
      "gross_profit": null,
      "operating_income": null,
      "net_income": 14475000,
      "opex": null,
      "cogs": null,
      "rd": null,
      "sga": null,
      "fcf": 25551000,
      "ocf": 29999000,
      "capex": -4448000,
      "gross_margin": null,
      "op_margin": null,
      "fcf_margin": 2.4485864877815047,
      "rev_growth_yoy": 0.3373061642957837,
      "rev_growth_yoy_accel": -0.21042334505329546,
      "fcf_margin_change": 1.136387377962266
    },
    {
      "date": "2023-09-30T00:00:00",
      "quarter_label": "2023-09 (Q3)",
      "revenue": 10047000,
      "gross_profit": null,
      "operating_income": null,
      "net_income": 13141000,
      "opex": null,
      "cogs": null,
      "rd": null,
      "sga": null,
      "fcf": 32534000,
      "ocf": 35233000,
      "capex": -2699000,
      "gross_margin": null,
      "op_margin": null,
      "fcf_margin": 3.2381805514083806,
      "rev_growth_yoy": 0.2823229100191449,
      "rev_growth_yoy_accel": -0.054983254276638804,
      "fcf_margin_change": 0.7895940636268759
    },
    {
      "date": "2023-12-31T00:00:00",
      "quarter_label": "2023-12 (Q4)",
      "revenue": 15172000,
      "gross_profit": null,
      "operating_income": null,
      "net_income": 14866000,
      "opex": null,
      "cogs": null,
      "rd": null,
      "sga": null,
      "fcf": 19931000,
      "ocf": 21612000,
      "capex": -1681000,
      "gross_margin": null,
      "op_margin": null,
      "fcf_margin": 1.3136699182704983,
      "rev_growth_yoy": -0.39717101080737444,
      "rev_growth_yoy_accel": -0.6794939208265194,
      "fcf_margin_change": -1.9245106331378823
    },
    {
      "date": "2024-03-31T00:00:00",
      "quarter_label": "2024-03 (Q1)",
      "revenue": 11244000,
      "gross_profit": null,
      "operating_income": null,
      "net_income": 12945000,
      "opex": null,
      "cogs": null,
      "rd": null,
      "sga": null,
      "fcf": 13743000,
      "ocf": 16996000,
      "capex": -3253000,
      "gross_margin": null,
      "op_margin": null,
      "fcf_margin": 1.2222518676627534,
      "rev_growth_yoy": 0.021346171314379145,
      "rev_growth_yoy_accel": 0.4185171821217536,
      "fcf_margin_change": -0.09141805060774488
    },
    {
      "date": "2024-06-30T00:00:00",
      "quarter_label": "2024-06 (Q2)",
      "revenue": 12121000,
      "gross_profit": null,
      "operating_income": null,
      "net_income": 15817000,
      "opex": null,
      "cogs": null,
      "rd": null,
      "sga": null,
      "fcf": 21271000,
      "ocf": 25950000,
      "capex": -4679000,
      "gross_margin": null,
      "op_margin": null,
      "fcf_margin": 1.7548882105436845,
      "rev_growth_yoy": 0.16157163392429325,
      "rev_growth_yoy_accel": 0.1402254626099141,
      "fcf_margin_change": 0.5326363428809311
    },
    {
      "date": "2024-09-30T00:00:00",
      "quarter_label": "2024-09 (Q3)",
      "revenue": 12734000,
      "gross_profit": null,
      "operating_income": null,
      "net_income": 13305000,
      "opex": null,
      "cogs": null,
      "rd": null,
      "sga": null,
      "fcf": 15619000,
      "ocf": 21266000,
      "capex": -5647000,
      "gross_margin": null,
      "op_margin": null,
      "fcf_margin": 1.2265588189100047,
      "rev_growth_yoy": 0.26744301781626356,
      "rev_growth_yoy_accel": 0.10587138389197032,
      "fcf_margin_change": -0.5283293916336798
    },
    {
      "date": "2024-12-31T00:00:00",
      "quarter_label": "2024-12 (Q4)",
      "revenue": 2624000,
      "gross_profit": null,
      "operating_income": null,
      "net_income": 11345000,
      "opex": null,
      "cogs": null,
      "rd": null,
      "sga": null,
      "fcf": 24794000,
      "ocf": 26307000,
      "capex": -1513000,
      "gross_margin": null,
      "op_margin": null,
      "fcf_margin": 9.448932926829269,
      "rev_growth_yoy": -0.82704982863169,
      "rev_growth_yoy_accel": -1.0944928464479535,
      "fcf_margin_change": 8.222374107919263
    },
    {
      "date": "2025-03-31T00:00:00",
      "quarter_label": "2025-03 (Q1)",
      "revenue": 11096000,
      "gross_profit": null,
      "operating_income": null,
      "net_income": 17760000,
      "opex": null,
      "cogs": null,
      "rd": null,
      "sga": null,
      "fcf": 19551000,
      "ocf": 20440000,
      "capex": -889000,
      "gross_margin": null,
      "op_margin": null,
      "fcf_margin": 1.7619863013698631,
      "rev_growth_yoy": -0.013162575595873355,
      "rev_growth_yoy_accel": 0.8138872530358167,
      "fcf_margin_change": -7.686946625459406
    },
    {
      "date": "2025-06-30T00:00:00",
      "quarter_label": "2025-06 (Q2)",
      "revenue": 13013000,
      "gross_profit": null,
      "operating_income": null,
      "net_income": 18271000,
      "opex": null,
      "cogs": null,
      "rd": null,
      "sga": null,
      "fcf": 32274000,
      "ocf": 34273000,
      "capex": -1999000,
      "gross_margin": null,
      "op_margin": null,
      "fcf_margin": 2.4801352493660187,
      "rev_growth_yoy": 0.07359128784753734,
      "rev_growth_yoy_accel": 0.0867538634434107,
      "fcf_margin_change": 0.7181489479961556
    },
    {
      "date": "2025-09-30T00:00:00",
      "quarter_label": "2025-09 (Q3)",
      "revenue": 13507000,
      "gross_profit": null,
      "operating_income": null,
      "net_income": 18574000,
      "opex": null,
      "cogs": null,
      "rd": null,
      "sga": null,
      "fcf": 21362000,
      "ocf": 22235000,
      "capex": -873000,
      "gross_margin": null,
      "op_margin": null,
      "fcf_margin": 1.5815503072480936,
      "rev_growth_yoy": 0.06070362808229936,
      "rev_growth_yoy_accel": -0.01288765976523798,
      "fcf_margin_change": -0.8985849421179251
    }
  ],
  "signals": [
    {
      "quarter": "2025-06 (Q2)",
      "signal": "FCF MARGIN EXPANSION",
      "detail": "FCF margin: +176.2% -> +248.0% (+71.8%)",
      "severity": "MEDIUM"
    },
    {
      "quarter": "2025-06 (Q2)",
      "signal": "YoY REVENUE GROWTH ACCELERATION",
      "detail": "YoY growth: +7.4% vs prior quarter YoY: -1.3% (accel: +8.7%)",
      "severity": "MEDIUM"
    },
    {
      "quarter": "2025-03 (Q1)",
      "signal": "YoY REVENUE GROWTH ACCELERATION",
      "detail": "YoY growth: -1.3% vs prior quarter YoY: -82.7% (accel: +81.4%)",
      "severity": "HIGH"
    },
    {
      "quarter": "2024-12 (Q4)",
      "signal": "FCF MARGIN EXPANSION",
      "detail": "FCF margin: +122.7% -> +944.9% (+822.2%)",
      "severity": "MEDIUM"
    },
    {
      "quarter": "2024-12 (Q4)",
      "signal": "YoY REVENUE GROWTH DECELERATION",
      "detail": "YoY growth: -82.7% vs prior quarter YoY: +26.7% (decel: -109.4%)",
      "severity": "WARNING"
    },
    {
      "quarter": "2024-09 (Q3)",
      "signal": "YoY REVENUE GROWTH ACCELERATION",
      "detail": "YoY growth: +26.7% vs prior quarter YoY: +16.2% (accel: +10.6%)",
      "severity": "MEDIUM"
    },
    {
      "quarter": "2024-06 (Q2)",
      "signal": "FCF MARGIN EXPANSION",
      "detail": "FCF margin: +122.2% -> +175.5% (+53.3%)",
      "severity": "MEDIUM"
    },
    {
      "quarter": "2024-06 (Q2)",
      "signal": "YoY REVENUE GROWTH ACCELERATION",
      "detail": "YoY growth: +16.2% vs prior quarter YoY: +2.1% (accel: +14.0%)",
      "severity": "MEDIUM"
    },
    {
      "quarter": "2024-03 (Q1)",
      "signal": "YoY REVENUE GROWTH ACCELERATION",
      "detail": "YoY growth: +2.1% vs prior quarter YoY: -39.7% (accel: +41.9%)",
      "severity": "HIGH"
    },
    {
      "quarter": "2023-12 (Q4)",
      "signal": "YoY REVENUE GROWTH DECELERATION",
      "detail": "YoY growth: -39.7% vs prior quarter YoY: +28.2% (decel: -67.9%)",
      "severity": "WARNING"
    },
    {
      "quarter": "2023-09 (Q3)",
      "signal": "FCF MARGIN EXPANSION",
      "detail": "FCF margin: +244.9% -> +323.8% (+79.0%)",
      "severity": "MEDIUM"
    },
    {
      "quarter": "2023-09 (Q3)",
      "signal": "YoY REVENUE GROWTH DECELERATION",
      "detail": "YoY growth: +28.2% vs prior quarter YoY: +33.7% (decel: -5.5%)",
      "severity": "WARNING"
    },
    {
      "quarter": "2023-06 (Q2)",
      "signal": "FCF MARGIN EXPANSION",
      "detail": "FCF margin: +131.2% -> +244.9% (+113.6%)",
      "severity": "MEDIUM"
    },
    {
      "quarter": "2023-06 (Q2)",
      "signal": "YoY REVENUE GROWTH DECELERATION",
      "detail": "YoY growth: +33.7% vs prior quarter YoY: +54.8% (decel: -21.0%)",
      "severity": "WARNING"
    },
    {
      "quarter": "2023-03 (Q1)",
      "signal": "FCF MARGIN EXPANSION",
      "detail": "FCF margin: +113.9% -> +131.2% (+17.3%)",
      "severity": "MEDIUM"
    },
    {
      "quarter": "2023-03 (Q1)",
      "signal": "YoY REVENUE GROWTH ACCELERATION",
      "detail": "YoY growth: +54.8% vs prior quarter YoY: +15.0% (accel: +39.7%)",
      "severity": "HIGH"
    },
    {
      "quarter": "2022-12 (Q4)",
      "signal": "YoY REVENUE GROWTH ACCELERATION",
      "detail": "YoY growth: +15.0% vs prior quarter YoY: +7.4% (accel: +7.7%)",
      "severity": "MEDIUM"
    },
    {
      "quarter": "2022-09 (Q3)",
      "signal": "FCF MARGIN EXPANSION",
      "detail": "FCF margin: +348.3% -> +399.3% (+51.0%)",
      "severity": "MEDIUM"
    },
    {
      "quarter": "2022-06 (Q2)",
      "signal": "FCF MARGIN EXPANSION",
      "detail": "FCF margin: +120.2% -> +348.3% (+228.1%)",
      "severity": "MEDIUM"
    },
    {
      "quarter": "2022-03 (Q1)",
      "signal": "YoY REVENUE GROWTH DECELERATION",
      "detail": "YoY growth: +5.8% vs prior quarter YoY: +250.4% (decel: -244.7%)",
      "severity": "WARNING"
    },
    {
      "quarter": "2021-12 (Q4)",
      "signal": "FCF MARGIN EXPANSION",
      "detail": "FCF margin: +143.3% -> +153.2% (+9.9%)",
      "severity": "MEDIUM"
    },
    {
      "quarter": "2021-06 (Q2)",
      "signal": "FCF MARGIN EXPANSION",
      "detail": "FCF margin: +159.4% -> +469.8% (+310.4%)",
      "severity": "MEDIUM"
    }
  ],
  "data_quality": {
    "n_quarters": 20,
    "coverage": {
      "revenue": [
        20,
        20
      ],
      "gross_profit": [
        0,
        20
      ],
      "op_income": [
        0,
        20
      ],
      "fcf": [
        20,
        20
      ]
    },
    "gaps": [],
    "warnings": [
      "gross_profit: no data",
      "op_income: no data"
    ]
  },
  "market_cap": null,
  "source": "SEC EDGAR",
  "last_updated": "2026-02-02T22:06:52.181556"
}