{
  "ticker": "CPHC",
  "name": "Canterbury Park Holding Corp",
  "quarters": [
    {
      "date": "2020-12-31T00:00:00",
      "quarter_label": "2020-12 (Q4)",
      "revenue": 6123272,
      "gross_profit": null,
      "operating_income": -527392,
      "net_income": 138978,
      "opex": 6742892,
      "cogs": null,
      "rd": null,
      "sga": null,
      "fcf": 450470,
      "ocf": 450470,
      "capex": null,
      "gross_margin": null,
      "op_margin": -0.08612911528346283,
      "fcf_margin": 0.07356687731657192
    },
    {
      "date": "2021-03-31T00:00:00",
      "quarter_label": "2021-03 (Q1)",
      "revenue": 9225542,
      "gross_profit": null,
      "operating_income": 1272111,
      "net_income": 551493,
      "opex": 7953431,
      "cogs": null,
      "rd": null,
      "sga": null,
      "fcf": 1564182,
      "ocf": 1693433,
      "capex": -129251,
      "gross_margin": null,
      "op_margin": 0.1378901098710515,
      "fcf_margin": 0.16954906280845072,
      "op_leverage_ratio": 2.822041912719463,
      "fcf_margin_change": 0.0959821854918788
    },
    {
      "date": "2021-06-30T00:00:00",
      "quarter_label": "2021-06 (Q2)",
      "revenue": 15871818,
      "gross_profit": null,
      "operating_income": 3092467,
      "net_income": 1869084,
      "opex": 13042932,
      "cogs": null,
      "rd": null,
      "sga": null,
      "fcf": 8424402,
      "ocf": 9638309,
      "capex": -1213907,
      "gross_margin": null,
      "op_margin": 0.19484012480485852,
      "fcf_margin": 0.5307773816458833,
      "op_leverage_ratio": 1.1258117980773887,
      "fcf_margin_change": 0.36122831883743256
    },
    {
      "date": "2021-09-30T00:00:00",
      "quarter_label": "2021-09 (Q3)",
      "revenue": 21347334,
      "gross_profit": null,
      "operating_income": 4385991,
      "net_income": 2757398,
      "opex": 16961343,
      "cogs": null,
      "rd": null,
      "sga": null,
      "fcf": -2580071,
      "ocf": -1340459,
      "capex": -1239612,
      "gross_margin": null,
      "op_margin": 0.20545848957064147,
      "fcf_margin": -0.12086150898280788,
      "op_leverage_ratio": 1.1483218290046855,
      "fcf_margin_change": -0.6516388906286912
    },
    {
      "date": "2021-12-31T00:00:00",
      "quarter_label": "2021-12 (Q4)",
      "revenue": 13955004,
      "gross_profit": null,
      "operating_income": 9030918,
      "net_income": 6620178,
      "opex": 4924086,
      "cogs": null,
      "rd": null,
      "sga": null,
      "fcf": 3506985,
      "ocf": 3506985,
      "capex": null,
      "gross_margin": null,
      "op_margin": 0.6471454970561098,
      "fcf_margin": 0.25130662807405857,
      "incr_op_margin_yoy": 1.2204592802715926,
      "rev_growth_yoy": 1.2790109601533297,
      "fcf_margin_change": 0.37216813705686647
    },
    {
      "date": "2022-03-31T00:00:00",
      "quarter_label": "2022-03 (Q1)",
      "revenue": 13637972,
      "gross_profit": null,
      "operating_income": 2426236,
      "net_income": 1773913,
      "opex": 11211736,
      "cogs": null,
      "rd": null,
      "sga": null,
      "fcf": 2936818,
      "ocf": 2936818,
      "capex": null,
      "gross_margin": null,
      "op_margin": 0.17790299026864112,
      "fcf_margin": 0.2153412545501633,
      "incr_op_margin_yoy": 0.2615622230834257,
      "rev_growth_yoy": 0.4782840943112069,
      "rev_growth_yoy_accel": -0.8007268658421228,
      "fcf_margin_change": -0.035965373523895255
    },
    {
      "date": "2022-06-30T00:00:00",
      "quarter_label": "2022-06 (Q2)",
      "revenue": 17774274,
      "gross_profit": null,
      "operating_income": 2702822,
      "net_income": 1755069,
      "opex": 15083603,
      "cogs": null,
      "rd": null,
      "sga": null,
      "fcf": 7351215,
      "ocf": 7351215,
      "capex": null,
      "gross_margin": null,
      "op_margin": 0.1520637073559235,
      "fcf_margin": 0.4135873566481534,
      "incr_op_margin_yoy": -0.2048115698865046,
      "rev_growth_yoy": 0.11986377363954148,
      "rev_growth_yoy_accel": -0.3584203206716654,
      "op_leverage_ratio": 0.8782433656801328,
      "fcf_margin_change": 0.19824610209799007
    },
    {
      "date": "2022-09-30T00:00:00",
      "quarter_label": "2022-09 (Q3)",
      "revenue": 22292403,
      "gross_profit": null,
      "operating_income": 4408369,
      "net_income": 2921120,
      "opex": 17884034,
      "cogs": null,
      "rd": null,
      "sga": null,
      "fcf": -419192,
      "ocf": -419192,
      "capex": null,
      "gross_margin": null,
      "op_margin": 0.1977520772435345,
      "fcf_margin": -0.01880425362846706,
      "rev_growth_yoy": 0.044271055111612535,
      "rev_growth_yoy_accel": -0.07559271852792895,
      "op_leverage_ratio": 1.3691372062476515,
      "fcf_margin_change": -0.43239161027662043
    },
    {
      "date": "2022-12-31T00:00:00",
      "quarter_label": "2022-12 (Q4)",
      "revenue": 13119232,
      "gross_profit": null,
      "operating_income": 1355183,
      "net_income": 1062844,
      "opex": 11764049,
      "cogs": null,
      "rd": null,
      "sga": null,
      "fcf": 1348601,
      "ocf": 1348601,
      "capex": null,
      "gross_margin": null,
      "op_margin": 0.103297433874178,
      "fcf_margin": 0.10279572767674205,
      "rev_growth_yoy": -0.059890488028523675,
      "rev_growth_yoy_accel": -0.1041615431401362,
      "fcf_margin_change": 0.12159998130520912
    },
    {
      "date": "2023-03-31T00:00:00",
      "quarter_label": "2023-03 (Q1)",
      "revenue": 13299558,
      "gross_profit": null,
      "operating_income": 1553821,
      "net_income": 2770508,
      "opex": 11745737,
      "cogs": null,
      "rd": null,
      "sga": null,
      "fcf": 5822471,
      "ocf": 5822471,
      "capex": null,
      "gross_margin": null,
      "op_margin": 0.11683252932165114,
      "fcf_margin": 0.43779432369105803,
      "rev_growth_yoy": -0.024814099926294027,
      "rev_growth_yoy_accel": 0.03507638810222965,
      "op_leverage_ratio": Infinity,
      "fcf_margin_change": 0.334998596014316
    },
    {
      "date": "2023-06-30T00:00:00",
      "quarter_label": "2023-06 (Q2)",
      "revenue": 16341688,
      "gross_profit": null,
      "operating_income": 7552431,
      "net_income": 5292525,
      "opex": 15279233,
      "cogs": null,
      "rd": null,
      "sga": null,
      "fcf": 4977902,
      "ocf": 4977902,
      "capex": null,
      "gross_margin": null,
      "op_margin": 0.46215733650036644,
      "fcf_margin": 0.3046136971896661,
      "incr_op_margin_yoy": -3.3852131739385976,
      "rev_growth_yoy": -0.08059884752536166,
      "rev_growth_yoy_accel": -0.05578474759906763,
      "op_leverage_ratio": 0.7603546905316224,
      "fcf_margin_change": -0.13318062650139195
    },
    {
      "date": "2023-09-30T00:00:00",
      "quarter_label": "2023-09 (Q3)",
      "revenue": 19268549,
      "gross_profit": null,
      "operating_income": 1806736,
      "net_income": 1136299,
      "opex": 17461813,
      "cogs": null,
      "rd": null,
      "sga": null,
      "fcf": -599680,
      "ocf": -599680,
      "capex": null,
      "gross_margin": null,
      "op_margin": 0.09376606406637054,
      "fcf_margin": -0.031122218907090514,
      "incr_op_margin_yoy": 0.860369912039404,
      "rev_growth_yoy": -0.13564504463695548,
      "rev_growth_yoy_accel": -0.05504619711159382,
      "op_leverage_ratio": 1.2538239626410943,
      "fcf_margin_change": -0.33573591609675657
    },
    {
      "date": "2023-12-31T00:00:00",
      "quarter_label": "2023-12 (Q4)",
      "revenue": 12527063,
      "gross_profit": null,
      "operating_income": 587872,
      "net_income": 1363918,
      "opex": 11939191,
      "cogs": null,
      "rd": null,
      "sga": null,
      "fcf": 1335816,
      "ocf": 1335816,
      "capex": null,
      "gross_margin": null,
      "op_margin": 0.04692815865937611,
      "fcf_margin": 0.10663441223214093,
      "rev_growth_yoy": -0.04513747451070307,
      "rev_growth_yoy_accel": 0.0905075701262524,
      "fcf_margin_change": 0.13775663113923145
    },
    {
      "date": "2024-03-31T00:00:00",
      "quarter_label": "2024-03 (Q1)",
      "revenue": 14097989,
      "gross_profit": null,
      "operating_income": 1761875,
      "net_income": 998154,
      "opex": 12336114,
      "cogs": null,
      "rd": null,
      "sga": null,
      "fcf": 1616413,
      "ocf": 1616413,
      "capex": null,
      "gross_margin": null,
      "op_margin": 0.12497349799322442,
      "fcf_margin": 0.11465557250753991,
      "rev_growth_yoy": 0.06003440114325604,
      "rev_growth_yoy_accel": 0.10517187565395911,
      "op_leverage_ratio": 3.772029676863928,
      "fcf_margin_change": 0.00802116027539898
    },
    {
      "date": "2024-06-30T00:00:00",
      "quarter_label": "2024-06 (Q2)",
      "revenue": 16202395,
      "gross_profit": null,
      "operating_income": 1122215,
      "net_income": 338286,
      "opex": 15080180,
      "cogs": null,
      "rd": null,
      "sga": null,
      "fcf": 5394050,
      "ocf": 5394050,
      "capex": null,
      "gross_margin": null,
      "op_margin": 0.06926229116127584,
      "fcf_margin": 0.33291683112280623,
      "rev_growth_yoy": -0.00852378285523503,
      "rev_growth_yoy_accel": -0.06855818399849106,
      "op_leverage_ratio": 0.6710520158706352,
      "fcf_margin_change": 0.21826125861526632
    },
    {
      "date": "2024-09-30T00:00:00",
      "quarter_label": "2024-09 (Q3)",
      "revenue": 19284367,
      "gross_profit": null,
      "operating_income": 3646628,
      "net_income": 2021806,
      "opex": 17370092,
      "cogs": null,
      "rd": null,
      "sga": null,
      "fcf": 2270057,
      "ocf": 2270057,
      "capex": null,
      "gross_margin": null,
      "op_margin": 0.18909762503482744,
      "fcf_margin": 0.11771488273377083,
      "rev_growth_yoy": 0.0008209232568575869,
      "rev_growth_yoy_accel": 0.009344706112092616,
      "op_leverage_ratio": 1.2526715253621539,
      "fcf_margin_change": -0.2152019483890354
    },
    {
      "date": "2024-12-31T00:00:00",
      "quarter_label": "2024-12 (Q4)",
      "revenue": 11977537,
      "gross_profit": null,
      "operating_income": -97730,
      "net_income": -1245404,
      "opex": 12075267,
      "cogs": null,
      "rd": null,
      "sga": null,
      "fcf": -2792706,
      "ocf": -2792706,
      "capex": null,
      "gross_margin": null,
      "op_margin": -0.008159440459253016,
      "fcf_margin": -0.2331619597585046,
      "rev_growth_yoy": -0.04386710596091039,
      "rev_growth_yoy_accel": -0.044688029217767974,
      "fcf_margin_change": -0.3508768424922754
    },
    {
      "date": "2025-03-31T00:00:00",
      "quarter_label": "2025-03 (Q1)",
      "revenue": 13141632,
      "gross_profit": null,
      "operating_income": 649671,
      "net_income": -299210,
      "opex": 12491961,
      "cogs": null,
      "rd": null,
      "sga": null,
      "fcf": 3374172,
      "ocf": 3374172,
      "capex": null,
      "gross_margin": null,
      "op_margin": 0.04943609743447389,
      "fcf_margin": 0.2567544122373842,
      "rev_growth_yoy": -0.06783641269687471,
      "rev_growth_yoy_accel": -0.02396930673596432,
      "op_leverage_ratio": 2.816439314800343,
      "fcf_margin_change": 0.4899163719958888
    },
    {
      "date": "2025-06-30T00:00:00",
      "quarter_label": "2025-06 (Q2)",
      "revenue": 15665734,
      "gross_profit": null,
      "operating_income": 431818,
      "net_income": -327406,
      "opex": 15233916,
      "cogs": null,
      "rd": null,
      "sga": null,
      "fcf": 4381724,
      "ocf": 4381724,
      "capex": null,
      "gross_margin": null,
      "op_margin": 0.02756449203082345,
      "fcf_margin": 0.27970116178405685,
      "rev_growth_yoy": -0.033122325433986764,
      "rev_growth_yoy_accel": 0.034714087262887945,
      "op_leverage_ratio": 0.8750399797201084,
      "fcf_margin_change": 0.02294674954667264
    },
    {
      "date": "2025-09-30T00:00:00",
      "quarter_label": "2025-09 (Q3)",
      "revenue": 18314701,
      "gross_profit": null,
      "operating_income": 1051046,
      "net_income": 487283,
      "opex": 17263655,
      "cogs": null,
      "rd": null,
      "sga": null,
      "fcf": 1247756,
      "ocf": 1247756,
      "capex": null,
      "gross_margin": null,
      "op_margin": 0.05738810587188947,
      "fcf_margin": 0.06812865795625056,
      "rev_growth_yoy": -0.05028249047531609,
      "rev_growth_yoy_accel": -0.017160165041329327,
      "op_leverage_ratio": 1.269103845488797,
      "fcf_margin_change": -0.2115725038278063
    }
  ],
  "signals": [
    {
      "quarter": "2025-03 (Q1)",
      "signal": "FCF TURNED POSITIVE",
      "detail": "FCF margin: -23.3% -> +25.7%",
      "severity": "HIGH"
    },
    {
      "quarter": "2025-03 (Q1)",
      "signal": "OPERATING LEVERAGE",
      "detail": "Rev growth +9.7% vs OpEx growth +3.5% (leverage: 2.8x)",
      "severity": "MEDIUM"
    },
    {
      "quarter": "2025-03 (Q1)",
      "signal": "OP MARGIN TURNED POSITIVE (QoQ)",
      "detail": "Op margin: -0.8% -> +4.9%",
      "severity": "HIGH"
    },
    {
      "quarter": "2024-06 (Q2)",
      "signal": "FCF MARGIN EXPANSION",
      "detail": "FCF margin: +11.5% -> +33.3% (+21.8%)",
      "severity": "MEDIUM"
    },
    {
      "quarter": "2024-06 (Q2)",
      "signal": "YoY REVENUE GROWTH DECELERATION",
      "detail": "YoY growth: -0.9% vs prior quarter YoY: +6.0% (decel: -6.9%)",
      "severity": "WARNING"
    },
    {
      "quarter": "2024-03 (Q1)",
      "signal": "OPERATING LEVERAGE",
      "detail": "Rev growth +12.5% vs OpEx growth +3.3% (leverage: 3.8x)",
      "severity": "MEDIUM"
    },
    {
      "quarter": "2024-03 (Q1)",
      "signal": "YoY REVENUE GROWTH ACCELERATION",
      "detail": "YoY growth: +6.0% vs prior quarter YoY: -4.5% (accel: +10.5%)",
      "severity": "MEDIUM"
    },
    {
      "quarter": "2023-12 (Q4)",
      "signal": "FCF TURNED POSITIVE",
      "detail": "FCF margin: -3.1% -> +10.7%",
      "severity": "HIGH"
    },
    {
      "quarter": "2023-12 (Q4)",
      "signal": "YoY REVENUE GROWTH ACCELERATION",
      "detail": "YoY growth: -4.5% vs prior quarter YoY: -13.6% (accel: +9.1%)",
      "severity": "MEDIUM"
    },
    {
      "quarter": "2023-09 (Q3)",
      "signal": "YoY REVENUE GROWTH DECELERATION",
      "detail": "YoY growth: -13.6% vs prior quarter YoY: -8.1% (decel: -5.5%)",
      "severity": "WARNING"
    },
    {
      "quarter": "2023-09 (Q3)",
      "signal": "INCREMENTAL MARGIN (YoY)",
      "detail": "YoY Incr OPM: +86.0% vs year-ago OPM: +19.8%",
      "severity": "HIGH"
    },
    {
      "quarter": "2023-06 (Q2)",
      "signal": "YoY REVENUE GROWTH DECELERATION",
      "detail": "YoY growth: -8.1% vs prior quarter YoY: -2.5% (decel: -5.6%)",
      "severity": "WARNING"
    },
    {
      "quarter": "2023-03 (Q1)",
      "signal": "FCF MARGIN EXPANSION",
      "detail": "FCF margin: +10.3% -> +43.8% (+33.5%)",
      "severity": "MEDIUM"
    },
    {
      "quarter": "2022-12 (Q4)",
      "signal": "FCF TURNED POSITIVE",
      "detail": "FCF margin: -1.9% -> +10.3%",
      "severity": "HIGH"
    },
    {
      "quarter": "2022-12 (Q4)",
      "signal": "YoY REVENUE GROWTH DECELERATION",
      "detail": "YoY growth: -6.0% vs prior quarter YoY: +4.4% (decel: -10.4%)",
      "severity": "WARNING"
    },
    {
      "quarter": "2022-09 (Q3)",
      "signal": "YoY REVENUE GROWTH DECELERATION",
      "detail": "YoY growth: +4.4% vs prior quarter YoY: +12.0% (decel: -7.6%)",
      "severity": "WARNING"
    },
    {
      "quarter": "2022-06 (Q2)",
      "signal": "FCF MARGIN EXPANSION",
      "detail": "FCF margin: +21.5% -> +41.4% (+19.8%)",
      "severity": "MEDIUM"
    },
    {
      "quarter": "2022-06 (Q2)",
      "signal": "YoY REVENUE GROWTH DECELERATION",
      "detail": "YoY growth: +12.0% vs prior quarter YoY: +47.8% (decel: -35.8%)",
      "severity": "WARNING"
    },
    {
      "quarter": "2022-03 (Q1)",
      "signal": "YoY REVENUE GROWTH DECELERATION",
      "detail": "YoY growth: +47.8% vs prior quarter YoY: +127.9% (decel: -80.1%)",
      "severity": "WARNING"
    },
    {
      "quarter": "2022-03 (Q1)",
      "signal": "INCREMENTAL MARGIN (YoY)",
      "detail": "YoY Incr OPM: +26.2% vs year-ago OPM: +13.8%",
      "severity": "MEDIUM"
    },
    {
      "quarter": "2021-12 (Q4)",
      "signal": "FCF TURNED POSITIVE",
      "detail": "FCF margin: -12.1% -> +25.1%",
      "severity": "HIGH"
    },
    {
      "quarter": "2021-12 (Q4)",
      "signal": "OP MARGIN TURNED POSITIVE (YoY)",
      "detail": "Op margin: -8.6% (year-ago) -> +64.7%",
      "severity": "HIGH"
    },
    {
      "quarter": "2021-06 (Q2)",
      "signal": "FCF MARGIN EXPANSION",
      "detail": "FCF margin: +17.0% -> +53.1% (+36.1%)",
      "severity": "MEDIUM"
    },
    {
      "quarter": "2021-03 (Q1)",
      "signal": "FCF MARGIN EXPANSION",
      "detail": "FCF margin: +7.4% -> +17.0% (+9.6%)",
      "severity": "MEDIUM"
    },
    {
      "quarter": "2021-03 (Q1)",
      "signal": "OPERATING LEVERAGE",
      "detail": "Rev growth +50.7% vs OpEx growth +18.0% (leverage: 2.8x)",
      "severity": "MEDIUM"
    },
    {
      "quarter": "2021-03 (Q1)",
      "signal": "OP MARGIN TURNED POSITIVE (QoQ)",
      "detail": "Op margin: -8.6% -> +13.8%",
      "severity": "HIGH"
    }
  ],
  "data_quality": {
    "n_quarters": 20,
    "coverage": {
      "revenue": [
        20,
        20
      ],
      "gross_profit": [
        0,
        20
      ],
      "op_income": [
        20,
        20
      ],
      "fcf": [
        20,
        20
      ]
    },
    "gaps": [],
    "warnings": [
      "gross_profit: no data"
    ]
  },
  "market_cap": null,
  "source": "SEC EDGAR",
  "last_updated": "2026-02-02T23:29:21.673458"
}