{
  "ticker": "CPK",
  "name": "CHESAPEAKE UTILITIES CORP",
  "quarters": [
    {
      "date": "2020-12-31T00:00:00",
      "quarter_label": "2020-12 (Q4)",
      "revenue": 137038000,
      "gross_profit": null,
      "operating_income": 35206000,
      "net_income": 22352000,
      "opex": 101833000,
      "cogs": null,
      "rd": null,
      "sga": null,
      "fcf": 946000,
      "ocf": 43036000,
      "capex": -42090000,
      "gross_margin": null,
      "op_margin": 0.25690684335731695,
      "fcf_margin": 0.006903194734307273
    },
    {
      "date": "2021-03-31T00:00:00",
      "quarter_label": "2021-03 (Q1)",
      "revenue": 191187000,
      "gross_profit": null,
      "operating_income": 51597000,
      "net_income": 34466000,
      "opex": 139590000,
      "cogs": null,
      "rd": null,
      "sga": null,
      "fcf": 28388000,
      "ocf": 80382000,
      "capex": -51994000,
      "gross_margin": null,
      "op_margin": 0.26987713599774044,
      "fcf_margin": 0.14848289894187366,
      "op_leverage_ratio": 1.065713549212579,
      "fcf_margin_change": 0.14157970420756638
    },
    {
      "date": "2021-06-30T00:00:00",
      "quarter_label": "2021-06 (Q2)",
      "revenue": 111082000,
      "gross_profit": null,
      "operating_income": 22578000,
      "net_income": 13813000,
      "opex": 88504000,
      "cogs": null,
      "rd": null,
      "sga": null,
      "fcf": 1197000,
      "ocf": 53834000,
      "capex": -52637000,
      "gross_margin": null,
      "op_margin": 0.20325525287625357,
      "fcf_margin": 0.010775823265695612,
      "fcf_margin_change": -0.13770707567617804
    },
    {
      "date": "2021-09-30T00:00:00",
      "quarter_label": "2021-09 (Q3)",
      "revenue": 107335000,
      "gross_profit": null,
      "operating_income": 20113000,
      "net_income": 12475000,
      "opex": 87222000,
      "cogs": null,
      "rd": null,
      "sga": null,
      "fcf": -25014000,
      "ocf": 18568000,
      "capex": -43582000,
      "gross_margin": null,
      "op_margin": 0.1873852890483067,
      "fcf_margin": -0.23304607071318767,
      "fcf_margin_change": -0.2438218939788833
    },
    {
      "date": "2021-12-31T00:00:00",
      "quarter_label": "2021-12 (Q4)",
      "revenue": 160364000,
      "gross_profit": null,
      "operating_income": 36824000,
      "net_income": 22352000,
      "opex": 123540000,
      "cogs": null,
      "rd": null,
      "sga": null,
      "fcf": -40991000,
      "ocf": -2280000,
      "capex": -38711000,
      "gross_margin": null,
      "op_margin": 0.22962759721633283,
      "fcf_margin": -0.2556122321718091,
      "incr_op_margin_yoy": 0.06936465746377433,
      "rev_growth_yoy": 0.17021556064741167,
      "op_leverage_ratio": 1.1865230879194157,
      "fcf_margin_change": -0.022566161458621448
    },
    {
      "date": "2022-03-31T00:00:00",
      "quarter_label": "2022-03 (Q1)",
      "revenue": 222880000,
      "gross_profit": null,
      "operating_income": 54865000,
      "net_income": 36933000,
      "opex": 168015000,
      "cogs": null,
      "rd": null,
      "sga": null,
      "fcf": 39233000,
      "ocf": 69120000,
      "capex": -29887000,
      "gross_margin": null,
      "op_margin": 0.24616385498923188,
      "fcf_margin": 0.17602745872218234,
      "incr_op_margin_yoy": 0.10311425235856499,
      "rev_growth_yoy": 0.16576963914910534,
      "rev_growth_yoy_accel": -0.004445921498306332,
      "op_leverage_ratio": 1.0828690530055927,
      "fcf_margin_change": 0.43163969089399146
    },
    {
      "date": "2022-06-30T00:00:00",
      "quarter_label": "2022-06 (Q2)",
      "revenue": 139470000,
      "gross_profit": null,
      "operating_income": 26469000,
      "net_income": 17051000,
      "opex": 113001000,
      "cogs": null,
      "rd": null,
      "sga": null,
      "fcf": 19475000,
      "ocf": 54675000,
      "capex": -35200000,
      "gross_margin": null,
      "op_margin": 0.1897827489782749,
      "fcf_margin": 0.1396357639635764,
      "incr_op_margin_yoy": 0.13706495702409469,
      "rev_growth_yoy": 0.255558956446589,
      "rev_growth_yoy_accel": 0.08978931729748366,
      "fcf_margin_change": -0.03639169475860593
    },
    {
      "date": "2022-09-30T00:00:00",
      "quarter_label": "2022-09 (Q3)",
      "revenue": 131053000,
      "gross_profit": null,
      "operating_income": 18648000,
      "net_income": 9662000,
      "opex": 112405000,
      "cogs": null,
      "rd": null,
      "sga": null,
      "fcf": -20726000,
      "ocf": 12215000,
      "capex": -32941000,
      "gross_margin": null,
      "op_margin": 0.1422935758815136,
      "fcf_margin": -0.15814975620550464,
      "incr_op_margin_yoy": -0.06176743401635888,
      "rev_growth_yoy": 0.22097172404155216,
      "rev_growth_yoy_accel": -0.03458723240503683,
      "fcf_margin_change": -0.29778552016908105
    },
    {
      "date": "2022-12-31T00:00:00",
      "quarter_label": "2022-12 (Q4)",
      "revenue": 187301000,
      "gross_profit": null,
      "operating_income": 42952000,
      "net_income": 26150000,
      "opex": 144349000,
      "cogs": null,
      "rd": null,
      "sga": null,
      "fcf": -7382000,
      "ocf": 22890000,
      "capex": -30272000,
      "gross_margin": null,
      "op_margin": 0.22932071905649196,
      "fcf_margin": -0.03941249646291264,
      "incr_op_margin_yoy": 0.22749378178713295,
      "rev_growth_yoy": 0.1679741089022474,
      "rev_growth_yoy_accel": -0.05299761513930476,
      "op_leverage_ratio": 1.5102764507831399,
      "fcf_margin_change": 0.118737259742592
    },
    {
      "date": "2023-03-31T00:00:00",
      "quarter_label": "2023-03 (Q1)",
      "revenue": 218129000,
      "gross_profit": null,
      "operating_income": 54915000,
      "net_income": 36344000,
      "opex": 163214000,
      "cogs": null,
      "rd": null,
      "sga": null,
      "fcf": 39249000,
      "ocf": 81667000,
      "capex": -42418000,
      "gross_margin": null,
      "op_margin": 0.25175469561589703,
      "fcf_margin": 0.1799348092183983,
      "incr_op_margin_yoy": -0.010524100189433803,
      "rev_growth_yoy": -0.021316403445800432,
      "rev_growth_yoy_accel": -0.18929051234804783,
      "op_leverage_ratio": 1.2593957526067567,
      "fcf_margin_change": 0.21934730568131094
    },
    {
      "date": "2023-06-30T00:00:00",
      "quarter_label": "2023-06 (Q2)",
      "revenue": 135593000,
      "gross_profit": null,
      "operating_income": 28346000,
      "net_income": 16133000,
      "opex": 107247000,
      "cogs": null,
      "rd": null,
      "sga": null,
      "fcf": 19469000,
      "ocf": 67316000,
      "capex": -47847000,
      "gross_margin": null,
      "op_margin": 0.20905208970964578,
      "fcf_margin": 0.14358410832417604,
      "incr_op_margin_yoy": -0.4841372194996131,
      "rev_growth_yoy": -0.02779809277980928,
      "rev_growth_yoy_accel": -0.006481689334008847,
      "fcf_margin_change": -0.036350700894222265
    },
    {
      "date": "2023-09-30T00:00:00",
      "quarter_label": "2023-09 (Q3)",
      "revenue": 131547000,
      "gross_profit": null,
      "operating_income": 20228000,
      "net_income": 9407000,
      "opex": 111319000,
      "cogs": null,
      "rd": null,
      "sga": null,
      "fcf": -13055000,
      "ocf": 34364000,
      "capex": -47419000,
      "gross_margin": null,
      "op_margin": 0.1537701353888724,
      "fcf_margin": -0.09924209598090417,
      "rev_growth_yoy": 0.0037694673147505207,
      "rev_growth_yoy_accel": 0.0315675600945598,
      "fcf_margin_change": -0.2428262043050802
    },
    {
      "date": "2023-12-31T00:00:00",
      "quarter_label": "2023-12 (Q4)",
      "revenue": 185335000,
      "gross_profit": null,
      "operating_income": 47315000,
      "net_income": 25328000,
      "opex": 138020000,
      "cogs": null,
      "rd": null,
      "sga": null,
      "fcf": -30763000,
      "ocf": 20153000,
      "capex": -50916000,
      "gross_margin": null,
      "op_margin": 0.2552944667763779,
      "fcf_margin": -0.1659859173928292,
      "incr_op_margin_yoy": -2.2192268565615465,
      "rev_growth_yoy": -0.01049647359063753,
      "rev_growth_yoy_accel": -0.01426594090538805,
      "op_leverage_ratio": 1.7046931559755563,
      "fcf_margin_change": -0.06674382141192503
    },
    {
      "date": "2024-03-31T00:00:00",
      "quarter_label": "2024-03 (Q1)",
      "revenue": 245744000,
      "gross_profit": null,
      "operating_income": 79585000,
      "net_income": 46168000,
      "opex": 166159000,
      "cogs": null,
      "rd": null,
      "sga": null,
      "fcf": 21800000,
      "ocf": 97300000,
      "capex": -75500000,
      "gross_margin": null,
      "op_margin": 0.3238532782082167,
      "fcf_margin": 0.0887102024871411,
      "incr_op_margin_yoy": 0.8933550606554409,
      "rev_growth_yoy": 0.12659939760417002,
      "rev_growth_yoy_accel": 0.13709587119480754,
      "op_leverage_ratio": 1.598738994154227,
      "fcf_margin_change": 0.2546961198799703
    },
    {
      "date": "2024-06-30T00:00:00",
      "quarter_label": "2024-06 (Q2)",
      "revenue": 166272000,
      "gross_profit": null,
      "operating_income": 40790000,
      "net_income": 18271000,
      "opex": 125482000,
      "cogs": null,
      "rd": null,
      "sga": null,
      "fcf": -12400000,
      "ocf": 70100000,
      "capex": -82500000,
      "gross_margin": null,
      "op_margin": 0.24532091993841418,
      "fcf_margin": -0.074576597382602,
      "incr_op_margin_yoy": 0.4056194791225268,
      "rev_growth_yoy": 0.2262579926692381,
      "rev_growth_yoy_accel": 0.09965859506506808,
      "fcf_margin_change": -0.1632867998697431
    },
    {
      "date": "2024-09-30T00:00:00",
      "quarter_label": "2024-09 (Q3)",
      "revenue": 160138000,
      "gross_profit": null,
      "operating_income": 40918000,
      "net_income": 17507000,
      "opex": 119220000,
      "cogs": null,
      "rd": null,
      "sga": null,
      "fcf": -51300000,
      "ocf": 50300000,
      "capex": -101600000,
      "gross_margin": null,
      "op_margin": 0.25551711648702996,
      "fcf_margin": -0.32034869924689957,
      "incr_op_margin_yoy": 0.7236542968066875,
      "rev_growth_yoy": 0.21734437121333058,
      "rev_growth_yoy_accel": -0.008913621455907517,
      "fcf_margin_change": -0.24577210186429757
    },
    {
      "date": "2024-12-31T00:00:00",
      "quarter_label": "2024-12 (Q4)",
      "revenue": 215046000,
      "gross_profit": null,
      "operating_income": 66907000,
      "net_income": 36654000,
      "opex": 148139000,
      "cogs": null,
      "rd": null,
      "sga": null,
      "fcf": -74000000,
      "ocf": 21700000,
      "capex": -95700000,
      "gross_margin": null,
      "op_margin": 0.31112878174902114,
      "fcf_margin": -0.34411242245845075,
      "incr_op_margin_yoy": 0.6594190703779745,
      "rev_growth_yoy": 0.16030970944505896,
      "rev_growth_yoy_accel": -0.05703466176827163,
      "op_leverage_ratio": 1.4135366426200824,
      "fcf_margin_change": -0.02376372321155118
    },
    {
      "date": "2025-03-31T00:00:00",
      "quarter_label": "2025-03 (Q1)",
      "revenue": 298700000,
      "gross_profit": null,
      "operating_income": 86800000,
      "net_income": 50900000,
      "opex": 211900000,
      "cogs": null,
      "rd": null,
      "sga": null,
      "fcf": -28800000,
      "ocf": 85000000,
      "capex": -113800000,
      "gross_margin": null,
      "op_margin": 0.290592567793773,
      "fcf_margin": -0.09641781051221962,
      "incr_op_margin_yoy": 0.13624518468162247,
      "rev_growth_yoy": 0.2154925450875708,
      "rev_growth_yoy_accel": 0.055182835642511835,
      "op_leverage_ratio": 0.9037943710350745,
      "fcf_margin_change": 0.24769461194623113
    },
    {
      "date": "2025-06-30T00:00:00",
      "quarter_label": "2025-06 (Q2)",
      "revenue": 192800000,
      "gross_profit": null,
      "operating_income": 50300000,
      "net_income": 23900000,
      "opex": 142500000,
      "cogs": null,
      "rd": null,
      "sga": null,
      "fcf": -45900000,
      "ocf": 54200000,
      "capex": -100100000,
      "gross_margin": null,
      "op_margin": 0.26089211618257263,
      "fcf_margin": -0.23807053941908712,
      "incr_op_margin_yoy": 0.3584891435464415,
      "rev_growth_yoy": 0.15954580446497305,
      "rev_growth_yoy_accel": -0.055946740622597746,
      "fcf_margin_change": -0.1416527289068675
    },
    {
      "date": "2025-09-30T00:00:00",
      "quarter_label": "2025-09 (Q3)",
      "revenue": 179600000,
      "gross_profit": null,
      "operating_income": 45000000,
      "net_income": 19400000,
      "opex": 134600000,
      "cogs": null,
      "rd": null,
      "sga": null,
      "fcf": -49200000,
      "ocf": 59100000,
      "capex": -108300000,
      "gross_margin": null,
      "op_margin": 0.2505567928730512,
      "fcf_margin": -0.2739420935412027,
      "incr_op_margin_yoy": 0.20974206145308807,
      "rev_growth_yoy": 0.12153267806516879,
      "rev_growth_yoy_accel": -0.03801312639980425,
      "fcf_margin_change": -0.03587155412211557
    }
  ],
  "signals": [
    {
      "quarter": "2025-06 (Q2)",
      "signal": "YoY REVENUE GROWTH DECELERATION",
      "detail": "YoY growth: +16.0% vs prior quarter YoY: +21.5% (decel: -5.6%)",
      "severity": "WARNING"
    },
    {
      "quarter": "2025-06 (Q2)",
      "signal": "INCREMENTAL MARGIN (YoY)",
      "detail": "YoY Incr OPM: +35.8% vs year-ago OPM: +24.5%",
      "severity": "MEDIUM"
    },
    {
      "quarter": "2025-03 (Q1)",
      "signal": "FCF MARGIN EXPANSION",
      "detail": "FCF margin: -34.4% -> -9.6% (+24.8%)",
      "severity": "MEDIUM"
    },
    {
      "quarter": "2025-03 (Q1)",
      "signal": "YoY REVENUE GROWTH ACCELERATION",
      "detail": "YoY growth: +21.5% vs prior quarter YoY: +16.0% (accel: +5.5%)",
      "severity": "MEDIUM"
    },
    {
      "quarter": "2024-12 (Q4)",
      "signal": "YoY REVENUE GROWTH DECELERATION",
      "detail": "YoY growth: +16.0% vs prior quarter YoY: +21.7% (decel: -5.7%)",
      "severity": "WARNING"
    },
    {
      "quarter": "2024-12 (Q4)",
      "signal": "INCREMENTAL MARGIN (YoY)",
      "detail": "YoY Incr OPM: +65.9% vs year-ago OPM: +25.5%",
      "severity": "HIGH"
    },
    {
      "quarter": "2024-09 (Q3)",
      "signal": "INCREMENTAL MARGIN (YoY)",
      "detail": "YoY Incr OPM: +72.4% vs year-ago OPM: +15.4%",
      "severity": "HIGH"
    },
    {
      "quarter": "2024-06 (Q2)",
      "signal": "YoY REVENUE GROWTH ACCELERATION",
      "detail": "YoY growth: +22.6% vs prior quarter YoY: +12.7% (accel: +10.0%)",
      "severity": "MEDIUM"
    },
    {
      "quarter": "2024-06 (Q2)",
      "signal": "INCREMENTAL MARGIN (YoY)",
      "detail": "YoY Incr OPM: +40.6% vs year-ago OPM: +20.9%",
      "severity": "MEDIUM"
    },
    {
      "quarter": "2024-03 (Q1)",
      "signal": "FCF TURNED POSITIVE",
      "detail": "FCF margin: -16.6% -> +8.9%",
      "severity": "HIGH"
    },
    {
      "quarter": "2024-03 (Q1)",
      "signal": "OPERATING LEVERAGE",
      "detail": "Rev growth +32.6% vs OpEx growth +20.4% (leverage: 1.6x)",
      "severity": "MEDIUM"
    },
    {
      "quarter": "2024-03 (Q1)",
      "signal": "YoY REVENUE GROWTH ACCELERATION",
      "detail": "YoY growth: +12.7% vs prior quarter YoY: -1.0% (accel: +13.7%)",
      "severity": "MEDIUM"
    },
    {
      "quarter": "2024-03 (Q1)",
      "signal": "INCREMENTAL MARGIN (YoY)",
      "detail": "YoY Incr OPM: +89.3% vs year-ago OPM: +25.2%",
      "severity": "HIGH"
    },
    {
      "quarter": "2023-12 (Q4)",
      "signal": "OPERATING LEVERAGE",
      "detail": "Rev growth +40.9% vs OpEx growth +24.0% (leverage: 1.7x)",
      "severity": "MEDIUM"
    },
    {
      "quarter": "2023-03 (Q1)",
      "signal": "FCF TURNED POSITIVE",
      "detail": "FCF margin: -3.9% -> +18.0%",
      "severity": "HIGH"
    },
    {
      "quarter": "2023-03 (Q1)",
      "signal": "YoY REVENUE GROWTH DECELERATION",
      "detail": "YoY growth: -2.1% vs prior quarter YoY: +16.8% (decel: -18.9%)",
      "severity": "WARNING"
    },
    {
      "quarter": "2022-12 (Q4)",
      "signal": "FCF MARGIN EXPANSION",
      "detail": "FCF margin: -15.8% -> -3.9% (+11.9%)",
      "severity": "MEDIUM"
    },
    {
      "quarter": "2022-12 (Q4)",
      "signal": "OPERATING LEVERAGE",
      "detail": "Rev growth +42.9% vs OpEx growth +28.4% (leverage: 1.5x)",
      "severity": "MEDIUM"
    },
    {
      "quarter": "2022-12 (Q4)",
      "signal": "YoY REVENUE GROWTH DECELERATION",
      "detail": "YoY growth: +16.8% vs prior quarter YoY: +22.1% (decel: -5.3%)",
      "severity": "WARNING"
    },
    {
      "quarter": "2022-06 (Q2)",
      "signal": "YoY REVENUE GROWTH ACCELERATION",
      "detail": "YoY growth: +25.6% vs prior quarter YoY: +16.6% (accel: +9.0%)",
      "severity": "MEDIUM"
    },
    {
      "quarter": "2022-03 (Q1)",
      "signal": "FCF TURNED POSITIVE",
      "detail": "FCF margin: -25.6% -> +17.6%",
      "severity": "HIGH"
    },
    {
      "quarter": "2021-03 (Q1)",
      "signal": "FCF MARGIN EXPANSION",
      "detail": "FCF margin: +0.7% -> +14.8% (+14.2%)",
      "severity": "MEDIUM"
    }
  ],
  "data_quality": {
    "n_quarters": 20,
    "coverage": {
      "revenue": [
        20,
        20
      ],
      "gross_profit": [
        0,
        20
      ],
      "op_income": [
        20,
        20
      ],
      "fcf": [
        20,
        20
      ]
    },
    "gaps": [],
    "warnings": [
      "gross_profit: no data"
    ]
  },
  "market_cap": null,
  "source": "SEC EDGAR",
  "last_updated": "2026-02-02T21:22:23.468794"
}