{
  "ticker": "CPRT",
  "name": "COPART INC",
  "quarters": [
    {
      "date": "2021-01-31T00:00:00",
      "quarter_label": "2021-01 (Q1)",
      "revenue": 617031000,
      "gross_profit": null,
      "operating_income": 258221000,
      "net_income": 193440000,
      "opex": 358810000,
      "cogs": null,
      "rd": null,
      "sga": null,
      "fcf": -1613000,
      "ocf": 134508000,
      "capex": -136121000,
      "gross_margin": null,
      "op_margin": 0.4184895086308468,
      "fcf_margin": -0.002614131218690795
    },
    {
      "date": "2021-04-30T00:00:00",
      "quarter_label": "2021-04 (Q2)",
      "revenue": 733910000,
      "gross_profit": null,
      "operating_income": 328111000,
      "net_income": 286796000,
      "opex": 405799000,
      "cogs": null,
      "rd": null,
      "sga": null,
      "fcf": 287983000,
      "ocf": 369164000,
      "capex": -81181000,
      "gross_margin": null,
      "op_margin": 0.4470725293292093,
      "fcf_margin": 0.39239552533689415,
      "op_leverage_ratio": 1.446431392894832,
      "fcf_margin_change": 0.39500965655558495
    },
    {
      "date": "2021-07-31T00:00:00",
      "quarter_label": "2021-07 (Q3)",
      "revenue": 748630000,
      "gross_profit": null,
      "operating_income": 301500000,
      "net_income": 255974000,
      "opex": 447130000,
      "cogs": null,
      "rd": null,
      "sga": null,
      "fcf": 130085000,
      "ocf": 228686000,
      "capex": -98601000,
      "gross_margin": null,
      "op_margin": 0.40273566381256426,
      "fcf_margin": 0.17376407571163324,
      "op_leverage_ratio": 0.19692464175253535,
      "fcf_margin_change": -0.2186314496252609
    },
    {
      "date": "2021-10-31T00:00:00",
      "quarter_label": "2021-10 (Q4)",
      "revenue": 810132000,
      "gross_profit": null,
      "operating_income": 330121000,
      "net_income": 260363000,
      "opex": 480011000,
      "cogs": null,
      "rd": null,
      "sga": null,
      "fcf": 247844000,
      "ocf": 312540000,
      "capex": -64696000,
      "gross_margin": null,
      "op_margin": 0.4074903842830551,
      "fcf_margin": 0.3059303915905062,
      "op_leverage_ratio": 1.1171482377117383,
      "fcf_margin_change": 0.13216631587887298
    },
    {
      "date": "2022-01-31T00:00:00",
      "quarter_label": "2022-01 (Q1)",
      "revenue": 867460000,
      "gross_profit": null,
      "operating_income": 347328000,
      "net_income": 287412000,
      "opex": 520132000,
      "cogs": null,
      "rd": null,
      "sga": null,
      "fcf": 42504000,
      "ocf": 134008000,
      "capex": -91504000,
      "gross_margin": null,
      "op_margin": 0.40039656007193414,
      "fcf_margin": 0.04899822470200355,
      "incr_op_margin_yoy": 0.3558174173118928,
      "rev_growth_yoy": 0.4058612938409902,
      "op_leverage_ratio": 0.846623744418659,
      "fcf_margin_change": -0.2569321668885027
    },
    {
      "date": "2022-04-30T00:00:00",
      "quarter_label": "2022-04 (Q2)",
      "revenue": 939941000,
      "gross_profit": null,
      "operating_income": 372755000,
      "net_income": 278620000,
      "opex": 567186000,
      "cogs": null,
      "rd": null,
      "sga": null,
      "fcf": 338696000,
      "ocf": 417306000,
      "capex": -78610000,
      "gross_margin": null,
      "op_margin": 0.39657276360963084,
      "fcf_margin": 0.3603375105458747,
      "incr_op_margin_yoy": 0.21668583853886067,
      "rev_growth_yoy": 0.2807306072951724,
      "rev_growth_yoy_accel": -0.12513068654581777,
      "op_leverage_ratio": 0.923616630454927,
      "fcf_margin_change": 0.31133928584387116
    },
    {
      "date": "2022-07-31T00:00:00",
      "quarter_label": "2022-07 (Q3)",
      "revenue": 883388000,
      "gross_profit": null,
      "operating_income": 324793000,
      "net_income": 263735000,
      "opex": 558595000,
      "cogs": null,
      "rd": null,
      "sga": null,
      "fcf": 210191000,
      "ocf": 312829000,
      "capex": -102638000,
      "gross_margin": null,
      "op_margin": 0.3676674349210087,
      "fcf_margin": 0.2379373502922838,
      "incr_op_margin_yoy": 0.17285059143056442,
      "rev_growth_yoy": 0.1800061445573915,
      "rev_growth_yoy_accel": -0.1007244627377809,
      "fcf_margin_change": -0.1224001602535909
    },
    {
      "date": "2022-10-31T00:00:00",
      "quarter_label": "2022-10 (Q4)",
      "revenue": 893372000,
      "gross_profit": null,
      "operating_income": 311503000,
      "net_income": 245848000,
      "opex": 581869000,
      "cogs": null,
      "rd": null,
      "sga": null,
      "fcf": 158904000,
      "ocf": 311559000,
      "capex": -152655000,
      "gross_margin": null,
      "op_margin": 0.3486822958409263,
      "fcf_margin": 0.17786991309331388,
      "incr_op_margin_yoy": -0.22366650648726574,
      "rev_growth_yoy": 0.10274868786814988,
      "rev_growth_yoy_accel": -0.07725745668924162,
      "op_leverage_ratio": 0.2712558361153497,
      "fcf_margin_change": -0.060067437198969925
    },
    {
      "date": "2023-01-31T00:00:00",
      "quarter_label": "2023-01 (Q1)",
      "revenue": 956724000,
      "gross_profit": null,
      "operating_income": 365525000,
      "net_income": 293677000,
      "opex": 591199000,
      "cogs": null,
      "rd": null,
      "sga": null,
      "fcf": 84210000,
      "ocf": 188274000,
      "capex": -104064000,
      "gross_margin": null,
      "op_margin": 0.3820589846183434,
      "fcf_margin": 0.08801911523072485,
      "incr_op_margin_yoy": 0.20385597777379458,
      "rev_growth_yoy": 0.10290272750328545,
      "rev_growth_yoy_accel": 0.00015403963513557772,
      "op_leverage_ratio": 4.422537962903069,
      "fcf_margin_change": -0.08985079786258902
    },
    {
      "date": "2023-04-30T00:00:00",
      "quarter_label": "2023-04 (Q2)",
      "revenue": 1021831000,
      "gross_profit": null,
      "operating_income": 418924000,
      "net_income": 350431000,
      "opex": 602907000,
      "cogs": null,
      "rd": null,
      "sga": null,
      "fcf": 415995000,
      "ocf": 505800000,
      "capex": -89805000,
      "gross_margin": null,
      "op_margin": 0.40997386064818936,
      "fcf_margin": 0.40710743753125517,
      "incr_op_margin_yoy": 0.5637928929051166,
      "rev_growth_yoy": 0.08712248960307083,
      "rev_growth_yoy_accel": -0.015780237900214628,
      "op_leverage_ratio": 3.4363072846304674,
      "fcf_margin_change": 0.3190883223005303
    },
    {
      "date": "2023-07-31T00:00:00",
      "quarter_label": "2023-07 (Q3)",
      "revenue": 997591000,
      "gross_profit": null,
      "operating_income": 390617000,
      "net_income": 347785000,
      "opex": 606974000,
      "cogs": null,
      "rd": null,
      "sga": null,
      "fcf": 188465000,
      "ocf": 358577000,
      "capex": -170112000,
      "gross_margin": null,
      "op_margin": 0.3915602686872676,
      "fcf_margin": 0.18892010854147642,
      "incr_op_margin_yoy": 0.576377152964458,
      "rev_growth_yoy": 0.1292784144679348,
      "rev_growth_yoy_accel": 0.04215592486486398,
      "fcf_margin_change": -0.21818732898977874
    },
    {
      "date": "2023-10-31T00:00:00",
      "quarter_label": "2023-10 (Q4)",
      "revenue": 1020416000,
      "gross_profit": null,
      "operating_income": 395376000,
      "net_income": 332527000,
      "opex": 625040000,
      "cogs": null,
      "rd": null,
      "sga": null,
      "fcf": 212986000,
      "ocf": 375246000,
      "capex": -162260000,
      "gross_margin": null,
      "op_margin": 0.38746550426492726,
      "fcf_margin": 0.2087246769944807,
      "incr_op_margin_yoy": 0.6601885960769497,
      "rev_growth_yoy": 0.14220727759544735,
      "rev_growth_yoy_accel": 0.012928863127512541,
      "op_leverage_ratio": 0.7687167534159812,
      "fcf_margin_change": 0.019804568453004268
    },
    {
      "date": "2024-01-31T00:00:00",
      "quarter_label": "2024-01 (Q1)",
      "revenue": 1020149000,
      "gross_profit": null,
      "operating_income": 379900000,
      "net_income": 325635000,
      "opex": 640249000,
      "cogs": null,
      "rd": null,
      "sga": null,
      "fcf": 38764000,
      "ocf": 161793000,
      "capex": -123029000,
      "gross_margin": null,
      "op_margin": 0.37239658128371445,
      "fcf_margin": 0.03799837082622244,
      "incr_op_margin_yoy": 0.22664564446196295,
      "rev_growth_yoy": 0.06629393639126854,
      "rev_growth_yoy_accel": -0.07591334120417881,
      "fcf_margin_change": -0.17072630616825824
    },
    {
      "date": "2024-04-30T00:00:00",
      "quarter_label": "2024-04 (Q2)",
      "revenue": 1127259000,
      "gross_profit": null,
      "operating_income": 437203000,
      "net_income": 382291000,
      "opex": 690056000,
      "cogs": null,
      "rd": null,
      "sga": null,
      "fcf": 408489000,
      "ocf": 496304000,
      "capex": -87815000,
      "gross_margin": null,
      "op_margin": 0.3878460939322729,
      "fcf_margin": 0.3623736869698978,
      "incr_op_margin_yoy": 0.17337898850400274,
      "rev_growth_yoy": 0.10317557404306583,
      "rev_growth_yoy_accel": 0.03688163765179729,
      "op_leverage_ratio": 1.3496617378822524,
      "fcf_margin_change": 0.3243753161436754
    },
    {
      "date": "2024-07-31T00:00:00",
      "quarter_label": "2024-07 (Q3)",
      "revenue": 1068999000,
      "gross_profit": null,
      "operating_income": 359544000,
      "net_income": 322567000,
      "opex": 709455000,
      "cogs": null,
      "rd": null,
      "sga": null,
      "fcf": 301335000,
      "ocf": 439221000,
      "capex": -137886000,
      "gross_margin": null,
      "op_margin": 0.3363370779579775,
      "fcf_margin": 0.28188520288606445,
      "incr_op_margin_yoy": -0.4351473224288595,
      "rev_growth_yoy": 0.0715804372733916,
      "rev_growth_yoy_accel": -0.03159513676967424,
      "fcf_margin_change": -0.08048848408383336
    },
    {
      "date": "2024-10-31T00:00:00",
      "quarter_label": "2024-10 (Q4)",
      "revenue": 1146829000,
      "gross_profit": null,
      "operating_income": 406367000,
      "net_income": 362086000,
      "opex": 740462000,
      "cogs": null,
      "rd": null,
      "sga": null,
      "fcf": 245516000,
      "ocf": 482274000,
      "capex": -236758000,
      "gross_margin": null,
      "op_margin": 0.3543396617978792,
      "fcf_margin": 0.21408248309032996,
      "incr_op_margin_yoy": 0.08694517177821902,
      "rev_growth_yoy": 0.12388378857250376,
      "rev_growth_yoy_accel": 0.052303351299112164,
      "op_leverage_ratio": 1.665845945190783,
      "fcf_margin_change": -0.06780271979573449
    },
    {
      "date": "2025-01-31T00:00:00",
      "quarter_label": "2025-01 (Q1)",
      "revenue": 1163316000,
      "gross_profit": null,
      "operating_income": 426211000,
      "net_income": 387400000,
      "opex": 737105000,
      "cogs": null,
      "rd": null,
      "sga": null,
      "fcf": 61486000,
      "ocf": 178127000,
      "capex": -116641000,
      "gross_margin": null,
      "op_margin": 0.36637594600263385,
      "fcf_margin": 0.05285408263962672,
      "incr_op_margin_yoy": 0.32347538189666614,
      "rev_growth_yoy": 0.1403393033762715,
      "rev_growth_yoy_accel": 0.01645551480376775,
      "op_leverage_ratio": Infinity,
      "fcf_margin_change": -0.16122840045070325
    },
    {
      "date": "2025-04-30T00:00:00",
      "quarter_label": "2025-04 (Q2)",
      "revenue": 1211716000,
      "gross_profit": null,
      "operating_income": 451545000,
      "net_income": 406609000,
      "opex": 760171000,
      "cogs": null,
      "rd": null,
      "sga": null,
      "fcf": 572923000,
      "ocf": 700873000,
      "capex": -127950000,
      "gross_margin": null,
      "op_margin": 0.3726492016281043,
      "fcf_margin": 0.4728195385717445,
      "incr_op_margin_yoy": 0.16981422499023172,
      "rev_growth_yoy": 0.07492244462009175,
      "rev_growth_yoy_accel": -0.06541685875617977,
      "op_leverage_ratio": 1.329550169664117,
      "fcf_margin_change": 0.4199654559321178
    },
    {
      "date": "2025-07-31T00:00:00",
      "quarter_label": "2025-07 (Q3)",
      "revenue": 1125097000,
      "gross_profit": null,
      "operating_income": 412591000,
      "net_income": 396354000,
      "opex": 712506000,
      "cogs": null,
      "rd": null,
      "sga": null,
      "fcf": 350835000,
      "ocf": 438476000,
      "capex": -87641000,
      "gross_margin": null,
      "op_margin": 0.3667159364925869,
      "fcf_margin": 0.3118264469641284,
      "incr_op_margin_yoy": 0.9456130343327748,
      "rev_growth_yoy": 0.052477130474397074,
      "rev_growth_yoy_accel": -0.022445314145694673,
      "fcf_margin_change": -0.1609930916076161
    },
    {
      "date": "2025-10-31T00:00:00",
      "quarter_label": "2025-10 (Q4)",
      "revenue": 1155030000,
      "gross_profit": null,
      "operating_income": 430694000,
      "net_income": 403714000,
      "opex": 724336000,
      "cogs": null,
      "rd": null,
      "sga": null,
      "fcf": 427211000,
      "ocf": 535253000,
      "capex": -108042000,
      "gross_margin": null,
      "op_margin": 0.37288555275620544,
      "fcf_margin": 0.3698700466654546,
      "incr_op_margin_yoy": 2.966345567613706,
      "rev_growth_yoy": 0.007151022515126493,
      "rev_growth_yoy_accel": -0.045326107959270584,
      "op_leverage_ratio": 1.6023746300056971,
      "fcf_margin_change": 0.058043599701326165
    }
  ],
  "signals": [
    {
      "quarter": "2025-10 (Q4)",
      "signal": "FCF MARGIN EXPANSION",
      "detail": "FCF margin: +31.2% -> +37.0% (+5.8%)",
      "severity": "MEDIUM"
    },
    {
      "quarter": "2025-10 (Q4)",
      "signal": "OPERATING LEVERAGE",
      "detail": "Rev growth +2.7% vs OpEx growth +1.7% (leverage: 1.6x)",
      "severity": "MEDIUM"
    },
    {
      "quarter": "2025-10 (Q4)",
      "signal": "INCREMENTAL MARGIN (YoY)",
      "detail": "YoY Incr OPM: +296.6% vs year-ago OPM: +35.4%",
      "severity": "HIGH"
    },
    {
      "quarter": "2025-07 (Q3)",
      "signal": "INCREMENTAL MARGIN (YoY)",
      "detail": "YoY Incr OPM: +94.6% vs year-ago OPM: +33.6%",
      "severity": "HIGH"
    },
    {
      "quarter": "2025-04 (Q2)",
      "signal": "FCF MARGIN EXPANSION",
      "detail": "FCF margin: +5.3% -> +47.3% (+42.0%)",
      "severity": "MEDIUM"
    },
    {
      "quarter": "2025-04 (Q2)",
      "signal": "YoY REVENUE GROWTH DECELERATION",
      "detail": "YoY growth: +7.5% vs prior quarter YoY: +14.0% (decel: -6.5%)",
      "severity": "WARNING"
    },
    {
      "quarter": "2024-10 (Q4)",
      "signal": "OPERATING LEVERAGE",
      "detail": "Rev growth +7.3% vs OpEx growth +4.4% (leverage: 1.7x)",
      "severity": "MEDIUM"
    },
    {
      "quarter": "2024-10 (Q4)",
      "signal": "YoY REVENUE GROWTH ACCELERATION",
      "detail": "YoY growth: +12.4% vs prior quarter YoY: +7.2% (accel: +5.2%)",
      "severity": "MEDIUM"
    },
    {
      "quarter": "2024-04 (Q2)",
      "signal": "FCF MARGIN EXPANSION",
      "detail": "FCF margin: +3.8% -> +36.2% (+32.4%)",
      "severity": "MEDIUM"
    },
    {
      "quarter": "2024-01 (Q1)",
      "signal": "YoY REVENUE GROWTH DECELERATION",
      "detail": "YoY growth: +6.6% vs prior quarter YoY: +14.2% (decel: -7.6%)",
      "severity": "WARNING"
    },
    {
      "quarter": "2023-10 (Q4)",
      "signal": "INCREMENTAL MARGIN (YoY)",
      "detail": "YoY Incr OPM: +66.0% vs year-ago OPM: +34.9%",
      "severity": "HIGH"
    },
    {
      "quarter": "2023-07 (Q3)",
      "signal": "INCREMENTAL MARGIN (YoY)",
      "detail": "YoY Incr OPM: +57.6% vs year-ago OPM: +36.8%",
      "severity": "HIGH"
    },
    {
      "quarter": "2023-04 (Q2)",
      "signal": "FCF MARGIN EXPANSION",
      "detail": "FCF margin: +8.8% -> +40.7% (+31.9%)",
      "severity": "MEDIUM"
    },
    {
      "quarter": "2023-04 (Q2)",
      "signal": "OPERATING LEVERAGE",
      "detail": "Rev growth +6.8% vs OpEx growth +2.0% (leverage: 3.4x)",
      "severity": "MEDIUM"
    },
    {
      "quarter": "2023-04 (Q2)",
      "signal": "INCREMENTAL MARGIN (YoY)",
      "detail": "YoY Incr OPM: +56.4% vs year-ago OPM: +39.7%",
      "severity": "MEDIUM"
    },
    {
      "quarter": "2023-01 (Q1)",
      "signal": "OPERATING LEVERAGE",
      "detail": "Rev growth +7.1% vs OpEx growth +1.6% (leverage: 4.4x)",
      "severity": "MEDIUM"
    },
    {
      "quarter": "2022-10 (Q4)",
      "signal": "YoY REVENUE GROWTH DECELERATION",
      "detail": "YoY growth: +10.3% vs prior quarter YoY: +18.0% (decel: -7.7%)",
      "severity": "WARNING"
    },
    {
      "quarter": "2022-07 (Q3)",
      "signal": "YoY REVENUE GROWTH DECELERATION",
      "detail": "YoY growth: +18.0% vs prior quarter YoY: +28.1% (decel: -10.1%)",
      "severity": "WARNING"
    },
    {
      "quarter": "2022-04 (Q2)",
      "signal": "FCF MARGIN EXPANSION",
      "detail": "FCF margin: +4.9% -> +36.0% (+31.1%)",
      "severity": "MEDIUM"
    },
    {
      "quarter": "2022-04 (Q2)",
      "signal": "YoY REVENUE GROWTH DECELERATION",
      "detail": "YoY growth: +28.1% vs prior quarter YoY: +40.6% (decel: -12.5%)",
      "severity": "WARNING"
    },
    {
      "quarter": "2021-10 (Q4)",
      "signal": "FCF MARGIN EXPANSION",
      "detail": "FCF margin: +17.4% -> +30.6% (+13.2%)",
      "severity": "MEDIUM"
    },
    {
      "quarter": "2021-04 (Q2)",
      "signal": "FCF TURNED POSITIVE",
      "detail": "FCF margin: -0.3% -> +39.2%",
      "severity": "HIGH"
    }
  ],
  "data_quality": {
    "n_quarters": 20,
    "coverage": {
      "revenue": [
        20,
        20
      ],
      "gross_profit": [
        0,
        20
      ],
      "op_income": [
        20,
        20
      ],
      "fcf": [
        20,
        20
      ]
    },
    "gaps": [],
    "warnings": [
      "gross_profit: no data"
    ]
  },
  "market_cap": null,
  "source": "SEC EDGAR",
  "last_updated": "2026-02-02T20:03:55.816868"
}