{
  "ticker": "CPSS",
  "name": "CONSUMER PORTFOLIO SERVICES, INC.",
  "quarters": [
    {
      "date": "2020-12-31T00:00:00",
      "quarter_label": "2020-12 (Q4)",
      "revenue": 62433000,
      "gross_profit": null,
      "operating_income": null,
      "net_income": 4145000,
      "opex": 55957000,
      "cogs": null,
      "rd": null,
      "sga": null,
      "fcf": 48997000,
      "ocf": 48201000,
      "capex": 796000,
      "gross_margin": null,
      "op_margin": null,
      "fcf_margin": 0.7847932984159018
    },
    {
      "date": "2021-03-31T00:00:00",
      "quarter_label": "2021-03 (Q1)",
      "revenue": 63112000,
      "gross_profit": null,
      "operating_income": null,
      "net_income": 5164000,
      "opex": 55168000,
      "cogs": null,
      "rd": null,
      "sga": null,
      "fcf": 64924000,
      "ocf": 65350000,
      "capex": -426000,
      "gross_margin": null,
      "op_margin": null,
      "fcf_margin": 1.0287108632272786,
      "op_leverage_ratio": Infinity,
      "fcf_margin_change": 0.24391756481137672
    },
    {
      "date": "2021-06-30T00:00:00",
      "quarter_label": "2021-06 (Q2)",
      "revenue": 66769000,
      "gross_profit": null,
      "operating_income": null,
      "net_income": 9713000,
      "opex": 52893000,
      "cogs": null,
      "rd": null,
      "sga": null,
      "fcf": 46458000,
      "ocf": 47056000,
      "capex": -598000,
      "gross_margin": null,
      "op_margin": null,
      "fcf_margin": 0.6958019440159355,
      "op_leverage_ratio": Infinity,
      "fcf_margin_change": -0.332908919211343
    },
    {
      "date": "2021-09-30T00:00:00",
      "quarter_label": "2021-09 (Q3)",
      "revenue": 68565000,
      "gross_profit": null,
      "operating_income": null,
      "net_income": 13683000,
      "opex": 49018000,
      "cogs": null,
      "rd": null,
      "sga": null,
      "fcf": 50147000,
      "ocf": 50670000,
      "capex": -523000,
      "gross_margin": null,
      "op_margin": null,
      "fcf_margin": 0.7313789834463648,
      "op_leverage_ratio": Infinity,
      "fcf_margin_change": 0.035577039430429225
    },
    {
      "date": "2021-12-31T00:00:00",
      "quarter_label": "2021-12 (Q4)",
      "revenue": 69365000,
      "gross_profit": null,
      "operating_income": null,
      "net_income": 18965000,
      "opex": 44985000,
      "cogs": null,
      "rd": null,
      "sga": null,
      "fcf": 34689000,
      "ocf": 35118000,
      "capex": -429000,
      "gross_margin": null,
      "op_margin": null,
      "fcf_margin": 0.500093707201038,
      "rev_growth_yoy": 0.11103102525907774,
      "op_leverage_ratio": Infinity,
      "fcf_margin_change": -0.2312852762453268
    },
    {
      "date": "2022-03-31T00:00:00",
      "quarter_label": "2022-03 (Q1)",
      "revenue": 74366000,
      "gross_profit": null,
      "operating_income": null,
      "net_income": 21115000,
      "opex": 45038000,
      "cogs": null,
      "rd": null,
      "sga": null,
      "fcf": 68025000,
      "ocf": 68300000,
      "capex": -275000,
      "gross_margin": null,
      "op_margin": null,
      "fcf_margin": 0.9147325390635506,
      "rev_growth_yoy": 0.1783179110153378,
      "rev_growth_yoy_accel": 0.06728688575626007,
      "op_leverage_ratio": 61.19392630452256,
      "fcf_margin_change": 0.4146388318625126
    },
    {
      "date": "2022-06-30T00:00:00",
      "quarter_label": "2022-06 (Q2)",
      "revenue": 82018000,
      "gross_profit": null,
      "operating_income": null,
      "net_income": 25320000,
      "opex": 47802000,
      "cogs": null,
      "rd": null,
      "sga": null,
      "fcf": 50617000,
      "ocf": 51370000,
      "capex": -753000,
      "gross_margin": null,
      "op_margin": null,
      "fcf_margin": 0.6171450169474993,
      "rev_growth_yoy": 0.22838442990010335,
      "rev_growth_yoy_accel": 0.05006651888476554,
      "op_leverage_ratio": 1.676646848518181,
      "fcf_margin_change": -0.2975875221160512
    },
    {
      "date": "2022-09-30T00:00:00",
      "quarter_label": "2022-09 (Q3)",
      "revenue": 90305000,
      "gross_profit": null,
      "operating_income": null,
      "net_income": 25413000,
      "opex": 55961000,
      "cogs": null,
      "rd": null,
      "sga": null,
      "fcf": 44324000,
      "ocf": 45074000,
      "capex": -750000,
      "gross_margin": null,
      "op_margin": null,
      "fcf_margin": 0.49082553568462434,
      "rev_growth_yoy": 0.31707139210967694,
      "rev_growth_yoy_accel": 0.08868696220957359,
      "op_leverage_ratio": 0.5919667292174939,
      "fcf_margin_change": -0.126319481262875
    },
    {
      "date": "2022-12-31T00:00:00",
      "quarter_label": "2022-12 (Q4)",
      "revenue": 83020000,
      "gross_profit": null,
      "operating_income": null,
      "net_income": 14135000,
      "opex": 64715000,
      "cogs": null,
      "rd": null,
      "sga": null,
      "fcf": 50817000,
      "ocf": 51188000,
      "capex": -371000,
      "gross_margin": null,
      "op_margin": null,
      "fcf_margin": 0.6121055167429535,
      "rev_growth_yoy": 0.19685720464211057,
      "rev_growth_yoy_accel": -0.12021418746756637,
      "fcf_margin_change": 0.12127998105832921
    },
    {
      "date": "2023-03-31T00:00:00",
      "quarter_label": "2023-03 (Q1)",
      "revenue": 83100000,
      "gross_profit": null,
      "operating_income": null,
      "net_income": 13823000,
      "opex": 64669000,
      "cogs": null,
      "rd": null,
      "sga": null,
      "fcf": 65107000,
      "ocf": 65141000,
      "capex": -34000,
      "gross_margin": null,
      "op_margin": null,
      "fcf_margin": 0.7834777376654632,
      "rev_growth_yoy": 0.11744614474356561,
      "rev_growth_yoy_accel": -0.07941105989854495,
      "fcf_margin_change": 0.1713722209225097
    },
    {
      "date": "2023-06-30T00:00:00",
      "quarter_label": "2023-06 (Q2)",
      "revenue": 84858000,
      "gross_profit": null,
      "operating_income": null,
      "net_income": 13954000,
      "opex": 66254000,
      "cogs": null,
      "rd": null,
      "sga": null,
      "fcf": 55488000,
      "ocf": 55520000,
      "capex": -32000,
      "gross_margin": null,
      "op_margin": null,
      "fcf_margin": 0.6538923849254048,
      "rev_growth_yoy": 0.034626545392474825,
      "rev_growth_yoy_accel": -0.08281959935109079,
      "op_leverage_ratio": 0.8631469211584234,
      "fcf_margin_change": -0.12958535274005845
    },
    {
      "date": "2023-09-30T00:00:00",
      "quarter_label": "2023-09 (Q3)",
      "revenue": 92079000,
      "gross_profit": null,
      "operating_income": null,
      "net_income": 10379000,
      "opex": 77861000,
      "cogs": null,
      "rd": null,
      "sga": null,
      "fcf": 61046000,
      "ocf": 61257000,
      "capex": -211000,
      "gross_margin": null,
      "op_margin": null,
      "fcf_margin": 0.6629741852105258,
      "rev_growth_yoy": 0.01964453795470904,
      "rev_growth_yoy_accel": -0.014982007437765784,
      "op_leverage_ratio": 0.4857319512948397,
      "fcf_margin_change": 0.009081800285120956
    },
    {
      "date": "2023-12-31T00:00:00",
      "quarter_label": "2023-12 (Q4)",
      "revenue": 91977000,
      "gross_profit": null,
      "operating_income": null,
      "net_income": 7187000,
      "opex": 82133000,
      "cogs": null,
      "rd": null,
      "sga": null,
      "fcf": 55780000,
      "ocf": 56062000,
      "capex": -282000,
      "gross_margin": null,
      "op_margin": null,
      "fcf_margin": 0.606455961816541,
      "rev_growth_yoy": 0.1078896651409299,
      "rev_growth_yoy_accel": 0.08824512718622086,
      "fcf_margin_change": -0.05651822339398471
    },
    {
      "date": "2024-03-31T00:00:00",
      "quarter_label": "2024-03 (Q1)",
      "revenue": 91744000,
      "gross_profit": null,
      "operating_income": null,
      "net_income": 4590000,
      "opex": 85187000,
      "cogs": null,
      "rd": null,
      "sga": null,
      "fcf": 52594000,
      "ocf": 52705000,
      "capex": -111000,
      "gross_margin": null,
      "op_margin": null,
      "fcf_margin": 0.5732690966166725,
      "rev_growth_yoy": 0.10401925391095067,
      "rev_growth_yoy_accel": -0.0038704112299792343,
      "fcf_margin_change": -0.033186865199868576
    },
    {
      "date": "2024-06-30T00:00:00",
      "quarter_label": "2024-06 (Q2)",
      "revenue": 95880000,
      "gross_profit": null,
      "operating_income": null,
      "net_income": 4672000,
      "opex": 89208000,
      "cogs": null,
      "rd": null,
      "sga": null,
      "fcf": 43146000,
      "ocf": 43291000,
      "capex": -145000,
      "gross_margin": null,
      "op_margin": null,
      "fcf_margin": 0.45,
      "rev_growth_yoy": 0.1298875768931627,
      "rev_growth_yoy_accel": 0.02586832298221202,
      "op_leverage_ratio": 0.9550851880088551,
      "fcf_margin_change": -0.12326909661667246
    },
    {
      "date": "2024-09-30T00:00:00",
      "quarter_label": "2024-09 (Q3)",
      "revenue": 100580000,
      "gross_profit": null,
      "operating_income": null,
      "net_income": 4796000,
      "opex": 93729000,
      "cogs": null,
      "rd": null,
      "sga": null,
      "fcf": 69662000,
      "ocf": 69762000,
      "capex": -100000,
      "gross_margin": null,
      "op_margin": null,
      "fcf_margin": 0.6926029031616624,
      "rev_growth_yoy": 0.09232289664309995,
      "rev_growth_yoy_accel": -0.03756468025006274,
      "op_leverage_ratio": 0.967250868496038,
      "fcf_margin_change": 0.2426029031616624
    },
    {
      "date": "2024-12-31T00:00:00",
      "quarter_label": "2024-12 (Q4)",
      "revenue": 105303000,
      "gross_profit": null,
      "operating_income": null,
      "net_income": 5145000,
      "opex": 97952000,
      "cogs": null,
      "rd": null,
      "sga": null,
      "fcf": 67920000,
      "ocf": 67997000,
      "capex": -77000,
      "gross_margin": null,
      "op_margin": null,
      "fcf_margin": 0.6449958690635594,
      "rev_growth_yoy": 0.1448840470987312,
      "rev_growth_yoy_accel": 0.052561150455631256,
      "op_leverage_ratio": 1.042219552359987,
      "fcf_margin_change": -0.04760703409810296
    },
    {
      "date": "2025-03-31T00:00:00",
      "quarter_label": "2025-03 (Q1)",
      "revenue": 106874000,
      "gross_profit": null,
      "operating_income": null,
      "net_income": 4694000,
      "opex": 100072000,
      "cogs": null,
      "rd": null,
      "sga": null,
      "fcf": 73397000,
      "ocf": 73868000,
      "capex": -471000,
      "gross_margin": null,
      "op_margin": null,
      "fcf_margin": 0.6867619813986564,
      "rev_growth_yoy": 0.16491541681199862,
      "rev_growth_yoy_accel": 0.02003136971326741,
      "op_leverage_ratio": 0.6893073160488,
      "fcf_margin_change": 0.04176611233509697
    },
    {
      "date": "2025-06-30T00:00:00",
      "quarter_label": "2025-06 (Q2)",
      "revenue": 109764000,
      "gross_profit": null,
      "operating_income": null,
      "net_income": 4797000,
      "opex": 102812000,
      "cogs": null,
      "rd": null,
      "sga": null,
      "fcf": 54336000,
      "ocf": 54460000,
      "capex": -124000,
      "gross_margin": null,
      "op_margin": null,
      "fcf_margin": 0.4950256914835465,
      "rev_growth_yoy": 0.14480600750938674,
      "rev_growth_yoy_accel": -0.020109409302611875,
      "op_leverage_ratio": 0.9876152680781475,
      "fcf_margin_change": -0.19173628991510988
    },
    {
      "date": "2025-09-30T00:00:00",
      "quarter_label": "2025-09 (Q3)",
      "revenue": 108421000,
      "gross_profit": null,
      "operating_income": null,
      "net_income": 4853000,
      "opex": 101389000,
      "cogs": null,
      "rd": null,
      "sga": null,
      "fcf": 84872000,
      "ocf": 84921000,
      "capex": -49000,
      "gross_margin": null,
      "op_margin": null,
      "fcf_margin": 0.7828003800001845,
      "rev_growth_yoy": 0.07795784450188904,
      "rev_growth_yoy_accel": -0.0668481630074977,
      "fcf_margin_change": 0.28777468851663796
    }
  ],
  "signals": [
    {
      "quarter": "2025-09 (Q3)",
      "signal": "FCF MARGIN EXPANSION",
      "detail": "FCF margin: +49.5% -> +78.3% (+28.8%)",
      "severity": "MEDIUM"
    },
    {
      "quarter": "2025-09 (Q3)",
      "signal": "YoY REVENUE GROWTH DECELERATION",
      "detail": "YoY growth: +7.8% vs prior quarter YoY: +14.5% (decel: -6.7%)",
      "severity": "WARNING"
    },
    {
      "quarter": "2024-12 (Q4)",
      "signal": "YoY REVENUE GROWTH ACCELERATION",
      "detail": "YoY growth: +14.5% vs prior quarter YoY: +9.2% (accel: +5.3%)",
      "severity": "MEDIUM"
    },
    {
      "quarter": "2024-09 (Q3)",
      "signal": "FCF MARGIN EXPANSION",
      "detail": "FCF margin: +45.0% -> +69.3% (+24.3%)",
      "severity": "MEDIUM"
    },
    {
      "quarter": "2023-12 (Q4)",
      "signal": "YoY REVENUE GROWTH ACCELERATION",
      "detail": "YoY growth: +10.8% vs prior quarter YoY: +2.0% (accel: +8.8%)",
      "severity": "MEDIUM"
    },
    {
      "quarter": "2023-06 (Q2)",
      "signal": "YoY REVENUE GROWTH DECELERATION",
      "detail": "YoY growth: +3.5% vs prior quarter YoY: +11.7% (decel: -8.3%)",
      "severity": "WARNING"
    },
    {
      "quarter": "2023-03 (Q1)",
      "signal": "FCF MARGIN EXPANSION",
      "detail": "FCF margin: +61.2% -> +78.3% (+17.1%)",
      "severity": "MEDIUM"
    },
    {
      "quarter": "2023-03 (Q1)",
      "signal": "YoY REVENUE GROWTH DECELERATION",
      "detail": "YoY growth: +11.7% vs prior quarter YoY: +19.7% (decel: -7.9%)",
      "severity": "WARNING"
    },
    {
      "quarter": "2022-12 (Q4)",
      "signal": "FCF MARGIN EXPANSION",
      "detail": "FCF margin: +49.1% -> +61.2% (+12.1%)",
      "severity": "MEDIUM"
    },
    {
      "quarter": "2022-12 (Q4)",
      "signal": "YoY REVENUE GROWTH DECELERATION",
      "detail": "YoY growth: +19.7% vs prior quarter YoY: +31.7% (decel: -12.0%)",
      "severity": "WARNING"
    },
    {
      "quarter": "2022-09 (Q3)",
      "signal": "YoY REVENUE GROWTH ACCELERATION",
      "detail": "YoY growth: +31.7% vs prior quarter YoY: +22.8% (accel: +8.9%)",
      "severity": "MEDIUM"
    },
    {
      "quarter": "2022-06 (Q2)",
      "signal": "OPERATING LEVERAGE",
      "detail": "Rev growth +10.3% vs OpEx growth +6.1% (leverage: 1.7x)",
      "severity": "MEDIUM"
    },
    {
      "quarter": "2022-06 (Q2)",
      "signal": "YoY REVENUE GROWTH ACCELERATION",
      "detail": "YoY growth: +22.8% vs prior quarter YoY: +17.8% (accel: +5.0%)",
      "severity": "MEDIUM"
    },
    {
      "quarter": "2022-03 (Q1)",
      "signal": "FCF MARGIN EXPANSION",
      "detail": "FCF margin: +50.0% -> +91.5% (+41.5%)",
      "severity": "MEDIUM"
    },
    {
      "quarter": "2022-03 (Q1)",
      "signal": "OPERATING LEVERAGE",
      "detail": "Rev growth +7.2% vs OpEx growth +0.1% (leverage: 61.2x)",
      "severity": "MEDIUM"
    },
    {
      "quarter": "2022-03 (Q1)",
      "signal": "YoY REVENUE GROWTH ACCELERATION",
      "detail": "YoY growth: +17.8% vs prior quarter YoY: +11.1% (accel: +6.7%)",
      "severity": "MEDIUM"
    },
    {
      "quarter": "2021-03 (Q1)",
      "signal": "FCF MARGIN EXPANSION",
      "detail": "FCF margin: +78.5% -> +102.9% (+24.4%)",
      "severity": "MEDIUM"
    }
  ],
  "data_quality": {
    "n_quarters": 20,
    "coverage": {
      "revenue": [
        20,
        20
      ],
      "gross_profit": [
        0,
        20
      ],
      "op_income": [
        0,
        20
      ],
      "fcf": [
        20,
        20
      ]
    },
    "gaps": [],
    "warnings": [
      "gross_profit: no data",
      "op_income: no data"
    ]
  },
  "market_cap": null,
  "source": "SEC EDGAR",
  "last_updated": "2026-02-02T23:03:10.129237"
}