{
  "ticker": "CPT",
  "name": "CAMDEN PROPERTY TRUST",
  "sector": "Real Estate",
  "industry": "REIT - Residential",
  "quarters": [
    {
      "date": "2021-03-31T00:00:00",
      "quarter_label": "2021-03 (Q1)",
      "revenue": 2206000,
      "gross_profit": null,
      "operating_income": null,
      "net_income": 31347000,
      "opex": 100932000,
      "cogs": null,
      "rd": null,
      "sga": null,
      "fcf": 88456000,
      "ocf": 88456000,
      "capex": null,
      "gross_margin": null,
      "op_margin": null,
      "fcf_margin": 40.097914777878515
    },
    {
      "date": "2021-06-30T00:00:00",
      "quarter_label": "2021-06 (Q2)",
      "revenue": 2263000,
      "gross_profit": null,
      "operating_income": null,
      "net_income": 30179000,
      "opex": 102971000,
      "cogs": null,
      "rd": null,
      "sga": null,
      "fcf": 155213000,
      "ocf": 155213000,
      "capex": null,
      "gross_margin": null,
      "op_margin": null,
      "fcf_margin": 68.58727353071144,
      "op_leverage_ratio": 1.2790307943425951,
      "fcf_margin_change": 28.489358752832928
    },
    {
      "date": "2021-09-30T00:00:00",
      "quarter_label": "2021-09 (Q3)",
      "revenue": 3248000,
      "gross_profit": null,
      "operating_income": null,
      "net_income": 29483000,
      "opex": 110068000,
      "cogs": null,
      "rd": null,
      "sga": null,
      "fcf": 192353000,
      "ocf": 192353000,
      "capex": null,
      "gross_margin": null,
      "op_margin": null,
      "fcf_margin": 59.22198275862069,
      "op_leverage_ratio": 6.315268237729174,
      "fcf_margin_change": -9.365290772090752
    },
    {
      "date": "2021-12-31T00:00:00",
      "quarter_label": "2021-12 (Q4)",
      "revenue": 2815000,
      "gross_profit": null,
      "operating_income": null,
      "net_income": 212898000,
      "opex": null,
      "cogs": null,
      "rd": null,
      "sga": null,
      "fcf": 141445000,
      "ocf": 141445000,
      "capex": null,
      "gross_margin": null,
      "op_margin": null,
      "fcf_margin": 50.246891651865006,
      "fcf_margin_change": -8.975091106755684
    },
    {
      "date": "2022-03-31T00:00:00",
      "quarter_label": "2022-03 (Q1)",
      "revenue": 2450000,
      "gross_profit": null,
      "operating_income": null,
      "net_income": 80745000,
      "opex": 110310000,
      "cogs": null,
      "rd": null,
      "sga": null,
      "fcf": 122287000,
      "ocf": 122287000,
      "capex": null,
      "gross_margin": null,
      "op_margin": null,
      "fcf_margin": 49.913061224489795,
      "rev_growth_yoy": 0.11060743427017226,
      "fcf_margin_change": -0.3338304273752115
    },
    {
      "date": "2022-06-30T00:00:00",
      "quarter_label": "2022-06 (Q2)",
      "revenue": 1190000,
      "gross_profit": null,
      "operating_income": null,
      "net_income": 497315000,
      "opex": 127811000,
      "cogs": null,
      "rd": null,
      "sga": null,
      "fcf": 208347000,
      "ocf": 208347000,
      "capex": null,
      "gross_margin": null,
      "op_margin": null,
      "fcf_margin": 175.081512605042,
      "rev_growth_yoy": -0.47414935925762264,
      "rev_growth_yoy_accel": -0.5847567935277949,
      "fcf_margin_change": 125.16845138055221
    },
    {
      "date": "2022-09-30T00:00:00",
      "quarter_label": "2022-09 (Q3)",
      "revenue": 617000,
      "gross_profit": null,
      "operating_income": null,
      "net_income": 29844000,
      "opex": 132831000,
      "cogs": null,
      "rd": null,
      "sga": null,
      "fcf": 245896000,
      "ocf": 245896000,
      "capex": null,
      "gross_margin": null,
      "op_margin": null,
      "fcf_margin": 398.5348460291734,
      "rev_growth_yoy": -0.8100369458128078,
      "rev_growth_yoy_accel": -0.3358875865551852,
      "fcf_margin_change": 223.45333342413142
    },
    {
      "date": "2022-12-31T00:00:00",
      "quarter_label": "2022-12 (Q4)",
      "revenue": 931000,
      "gross_profit": null,
      "operating_income": null,
      "net_income": 45709000,
      "opex": null,
      "cogs": null,
      "rd": null,
      "sga": null,
      "fcf": 168182000,
      "ocf": 168182000,
      "capex": null,
      "gross_margin": null,
      "op_margin": null,
      "fcf_margin": 180.64661654135338,
      "rev_growth_yoy": -0.669271758436945,
      "rev_growth_yoy_accel": 0.14076518737586285,
      "fcf_margin_change": -217.88822948782004
    },
    {
      "date": "2023-03-31T00:00:00",
      "quarter_label": "2023-03 (Q1)",
      "revenue": 578000,
      "gross_profit": null,
      "operating_income": null,
      "net_income": 41917000,
      "opex": 134681000,
      "cogs": null,
      "rd": null,
      "sga": null,
      "fcf": 139711000,
      "ocf": 139711000,
      "capex": null,
      "gross_margin": null,
      "op_margin": null,
      "fcf_margin": 241.71453287197232,
      "rev_growth_yoy": -0.7640816326530612,
      "rev_growth_yoy_accel": -0.0948098742161162,
      "fcf_margin_change": 61.06791633061894
    },
    {
      "date": "2023-06-30T00:00:00",
      "quarter_label": "2023-06 (Q2)",
      "revenue": 718000,
      "gross_profit": null,
      "operating_income": null,
      "net_income": 91099000,
      "opex": 137597000,
      "cogs": null,
      "rd": null,
      "sga": null,
      "fcf": 226931000,
      "ocf": 226931000,
      "capex": null,
      "gross_margin": null,
      "op_margin": null,
      "fcf_margin": 316.0598885793872,
      "rev_growth_yoy": -0.39663865546218485,
      "rev_growth_yoy_accel": 0.3674429771908763,
      "op_leverage_ratio": 11.187138375078911,
      "fcf_margin_change": 74.34535570741485
    },
    {
      "date": "2023-09-30T00:00:00",
      "quarter_label": "2023-09 (Q3)",
      "revenue": 1077000,
      "gross_profit": null,
      "operating_income": null,
      "net_income": 47963000,
      "opex": 140105000,
      "cogs": null,
      "rd": null,
      "sga": null,
      "fcf": 236328000,
      "ocf": 236328000,
      "capex": null,
      "gross_margin": null,
      "op_margin": null,
      "fcf_margin": 219.4317548746518,
      "rev_growth_yoy": 0.7455429497568882,
      "rev_growth_yoy_accel": 1.142181605219073,
      "op_leverage_ratio": 27.431618819776713,
      "fcf_margin_change": -96.62813370473538
    },
    {
      "date": "2023-12-31T00:00:00",
      "quarter_label": "2023-12 (Q4)",
      "revenue": 1078000,
      "gross_profit": null,
      "operating_income": null,
      "net_income": 222330000,
      "opex": null,
      "cogs": null,
      "rd": null,
      "sga": null,
      "fcf": 191980000,
      "ocf": 191980000,
      "capex": null,
      "gross_margin": null,
      "op_margin": null,
      "fcf_margin": 178.0890538033395,
      "rev_growth_yoy": 0.15789473684210525,
      "rev_growth_yoy_accel": -0.5876482129147829,
      "fcf_margin_change": -41.34270107131229
    },
    {
      "date": "2024-03-31T00:00:00",
      "quarter_label": "2024-03 (Q1)",
      "revenue": 1284000,
      "gross_profit": null,
      "operating_income": null,
      "net_income": 83889000,
      "opex": 138545000,
      "cogs": null,
      "rd": null,
      "sga": null,
      "fcf": 135890000,
      "ocf": 135890000,
      "capex": null,
      "gross_margin": null,
      "op_margin": null,
      "fcf_margin": 105.83333333333333,
      "rev_growth_yoy": 1.221453287197232,
      "rev_growth_yoy_accel": 1.0635585503551266,
      "fcf_margin_change": -72.25572047000618
    },
    {
      "date": "2024-06-30T00:00:00",
      "quarter_label": "2024-06 (Q2)",
      "revenue": 2606000,
      "gross_profit": null,
      "operating_income": null,
      "net_income": 42917000,
      "opex": 138889000,
      "cogs": null,
      "rd": null,
      "sga": null,
      "fcf": 225069000,
      "ocf": 225069000,
      "capex": null,
      "gross_margin": null,
      "op_margin": null,
      "fcf_margin": 86.36569455103607,
      "rev_growth_yoy": 2.629526462395543,
      "rev_growth_yoy_accel": 1.408073175198311,
      "op_leverage_ratio": 414.6663995145983,
      "fcf_margin_change": -19.467638782297257
    },
    {
      "date": "2024-09-30T00:00:00",
      "quarter_label": "2024-09 (Q3)",
      "revenue": 1707000,
      "gross_profit": null,
      "operating_income": null,
      "net_income": -4204000,
      "opex": 143360000,
      "cogs": null,
      "rd": null,
      "sga": null,
      "fcf": 261560000,
      "ocf": 261560000,
      "capex": null,
      "gross_margin": null,
      "op_margin": null,
      "fcf_margin": 153.22788517867605,
      "rev_growth_yoy": 0.584958217270195,
      "rev_growth_yoy_accel": -2.044568245125348,
      "fcf_margin_change": 66.86219062763998
    },
    {
      "date": "2024-12-31T00:00:00",
      "quarter_label": "2024-12 (Q4)",
      "revenue": 1540000,
      "gross_profit": null,
      "operating_income": null,
      "net_income": 40691000,
      "opex": null,
      "cogs": null,
      "rd": null,
      "sga": null,
      "fcf": 152358000,
      "ocf": 152358000,
      "capex": null,
      "gross_margin": null,
      "op_margin": null,
      "fcf_margin": 98.93376623376624,
      "rev_growth_yoy": 0.42857142857142855,
      "rev_growth_yoy_accel": -0.1563867886987665,
      "fcf_margin_change": -54.29411894490981
    },
    {
      "date": "2025-03-31T00:00:00",
      "quarter_label": "2025-03 (Q1)",
      "revenue": 2487000,
      "gross_profit": null,
      "operating_income": null,
      "net_income": 38822000,
      "opex": 139420000,
      "cogs": null,
      "rd": null,
      "sga": null,
      "fcf": 148216000,
      "ocf": 148216000,
      "capex": null,
      "gross_margin": null,
      "op_margin": null,
      "fcf_margin": 59.59630076397266,
      "rev_growth_yoy": 0.9369158878504673,
      "rev_growth_yoy_accel": 0.5083444592790387,
      "fcf_margin_change": -39.33746546979358
    },
    {
      "date": "2025-06-30T00:00:00",
      "quarter_label": "2025-06 (Q2)",
      "revenue": 2633000,
      "gross_profit": null,
      "operating_income": null,
      "net_income": 80670000,
      "opex": 143672000,
      "cogs": null,
      "rd": null,
      "sga": null,
      "fcf": 230663000,
      "ocf": 230663000,
      "capex": null,
      "gross_margin": null,
      "op_margin": null,
      "fcf_margin": 87.60463349791112,
      "rev_growth_yoy": 0.010360706062931695,
      "rev_growth_yoy_accel": -0.9265551817875356,
      "op_leverage_ratio": 1.924903193690918,
      "fcf_margin_change": 28.008332733938467
    },
    {
      "date": "2025-09-30T00:00:00",
      "quarter_label": "2025-09 (Q3)",
      "revenue": 2565000,
      "gross_profit": null,
      "operating_income": null,
      "net_income": 108934000,
      "opex": 145696000,
      "cogs": null,
      "rd": null,
      "sga": null,
      "fcf": 250927000,
      "ocf": 250927000,
      "capex": null,
      "gross_margin": null,
      "op_margin": null,
      "fcf_margin": 97.82729044834308,
      "rev_growth_yoy": 0.5026362038664324,
      "rev_growth_yoy_accel": 0.49227549780350066,
      "fcf_margin_change": 10.222656950431954
    },
    {
      "date": "2025-12-31T00:00:00",
      "quarter_label": "2025-12 (Q4)",
      "revenue": 5282000,
      "gross_profit": null,
      "operating_income": null,
      "net_income": 156036000,
      "opex": null,
      "cogs": null,
      "rd": null,
      "sga": null,
      "fcf": 196815000,
      "ocf": 196815000,
      "capex": null,
      "gross_margin": null,
      "op_margin": null,
      "fcf_margin": 37.261453994698975,
      "rev_growth_yoy": 2.42987012987013,
      "rev_growth_yoy_accel": 1.9272339260036975,
      "fcf_margin_change": -60.5658364536441
    }
  ],
  "signals": [
    {
      "quarter": "2025-12 (Q4)",
      "signal": "YoY REVENUE GROWTH ACCELERATION",
      "detail": "YoY growth: +243.0% vs prior quarter YoY: +50.3% (accel: +192.7%)",
      "severity": "HIGH"
    },
    {
      "quarter": "2025-09 (Q3)",
      "signal": "FCF MARGIN EXPANSION",
      "detail": "FCF margin: +8760.5% -> +9782.7% (+1022.3%)",
      "severity": "MEDIUM"
    },
    {
      "quarter": "2025-09 (Q3)",
      "signal": "YoY REVENUE GROWTH ACCELERATION",
      "detail": "YoY growth: +50.3% vs prior quarter YoY: +1.0% (accel: +49.2%)",
      "severity": "HIGH"
    },
    {
      "quarter": "2025-06 (Q2)",
      "signal": "FCF MARGIN EXPANSION",
      "detail": "FCF margin: +5959.6% -> +8760.5% (+2800.8%)",
      "severity": "MEDIUM"
    },
    {
      "quarter": "2025-06 (Q2)",
      "signal": "OPERATING LEVERAGE",
      "detail": "Rev growth +5.9% vs OpEx growth +3.0% (leverage: 1.9x)",
      "severity": "MEDIUM"
    },
    {
      "quarter": "2025-06 (Q2)",
      "signal": "YoY REVENUE GROWTH DECELERATION",
      "detail": "YoY growth: +1.0% vs prior quarter YoY: +93.7% (decel: -92.7%)",
      "severity": "WARNING"
    },
    {
      "quarter": "2025-03 (Q1)",
      "signal": "YoY REVENUE GROWTH ACCELERATION",
      "detail": "YoY growth: +93.7% vs prior quarter YoY: +42.9% (accel: +50.8%)",
      "severity": "HIGH"
    },
    {
      "quarter": "2024-12 (Q4)",
      "signal": "YoY REVENUE GROWTH DECELERATION",
      "detail": "YoY growth: +42.9% vs prior quarter YoY: +58.5% (decel: -15.6%)",
      "severity": "WARNING"
    },
    {
      "quarter": "2024-09 (Q3)",
      "signal": "FCF MARGIN EXPANSION",
      "detail": "FCF margin: +8636.6% -> +15322.8% (+6686.2%)",
      "severity": "MEDIUM"
    },
    {
      "quarter": "2024-09 (Q3)",
      "signal": "YoY REVENUE GROWTH DECELERATION",
      "detail": "YoY growth: +58.5% vs prior quarter YoY: +263.0% (decel: -204.5%)",
      "severity": "WARNING"
    },
    {
      "quarter": "2024-06 (Q2)",
      "signal": "OPERATING LEVERAGE",
      "detail": "Rev growth +103.0% vs OpEx growth +0.2% (leverage: 414.7x)",
      "severity": "MEDIUM"
    },
    {
      "quarter": "2024-06 (Q2)",
      "signal": "YoY REVENUE GROWTH ACCELERATION",
      "detail": "YoY growth: +263.0% vs prior quarter YoY: +122.1% (accel: +140.8%)",
      "severity": "HIGH"
    },
    {
      "quarter": "2024-03 (Q1)",
      "signal": "YoY REVENUE GROWTH ACCELERATION",
      "detail": "YoY growth: +122.1% vs prior quarter YoY: +15.8% (accel: +106.4%)",
      "severity": "HIGH"
    },
    {
      "quarter": "2023-12 (Q4)",
      "signal": "YoY REVENUE GROWTH DECELERATION",
      "detail": "YoY growth: +15.8% vs prior quarter YoY: +74.6% (decel: -58.8%)",
      "severity": "WARNING"
    },
    {
      "quarter": "2023-09 (Q3)",
      "signal": "OPERATING LEVERAGE",
      "detail": "Rev growth +50.0% vs OpEx growth +1.8% (leverage: 27.4x)",
      "severity": "MEDIUM"
    },
    {
      "quarter": "2023-09 (Q3)",
      "signal": "YoY REVENUE GROWTH ACCELERATION",
      "detail": "YoY growth: +74.6% vs prior quarter YoY: -39.7% (accel: +114.2%)",
      "severity": "HIGH"
    },
    {
      "quarter": "2023-06 (Q2)",
      "signal": "FCF MARGIN EXPANSION",
      "detail": "FCF margin: +24171.5% -> +31606.0% (+7434.5%)",
      "severity": "MEDIUM"
    },
    {
      "quarter": "2023-06 (Q2)",
      "signal": "OPERATING LEVERAGE",
      "detail": "Rev growth +24.2% vs OpEx growth +2.2% (leverage: 11.2x)",
      "severity": "MEDIUM"
    },
    {
      "quarter": "2023-06 (Q2)",
      "signal": "YoY REVENUE GROWTH ACCELERATION",
      "detail": "YoY growth: -39.7% vs prior quarter YoY: -76.4% (accel: +36.7%)",
      "severity": "HIGH"
    },
    {
      "quarter": "2023-03 (Q1)",
      "signal": "FCF MARGIN EXPANSION",
      "detail": "FCF margin: +18064.7% -> +24171.5% (+6106.8%)",
      "severity": "MEDIUM"
    },
    {
      "quarter": "2023-03 (Q1)",
      "signal": "YoY REVENUE GROWTH DECELERATION",
      "detail": "YoY growth: -76.4% vs prior quarter YoY: -66.9% (decel: -9.5%)",
      "severity": "WARNING"
    },
    {
      "quarter": "2022-12 (Q4)",
      "signal": "YoY REVENUE GROWTH ACCELERATION",
      "detail": "YoY growth: -66.9% vs prior quarter YoY: -81.0% (accel: +14.1%)",
      "severity": "MEDIUM"
    },
    {
      "quarter": "2022-09 (Q3)",
      "signal": "FCF MARGIN EXPANSION",
      "detail": "FCF margin: +17508.2% -> +39853.5% (+22345.3%)",
      "severity": "MEDIUM"
    },
    {
      "quarter": "2022-09 (Q3)",
      "signal": "YoY REVENUE GROWTH DECELERATION",
      "detail": "YoY growth: -81.0% vs prior quarter YoY: -47.4% (decel: -33.6%)",
      "severity": "WARNING"
    },
    {
      "quarter": "2022-06 (Q2)",
      "signal": "FCF MARGIN EXPANSION",
      "detail": "FCF margin: +4991.3% -> +17508.2% (+12516.8%)",
      "severity": "MEDIUM"
    },
    {
      "quarter": "2022-06 (Q2)",
      "signal": "YoY REVENUE GROWTH DECELERATION",
      "detail": "YoY growth: -47.4% vs prior quarter YoY: +11.1% (decel: -58.5%)",
      "severity": "WARNING"
    },
    {
      "quarter": "2021-09 (Q3)",
      "signal": "OPERATING LEVERAGE",
      "detail": "Rev growth +43.5% vs OpEx growth +6.9% (leverage: 6.3x)",
      "severity": "MEDIUM"
    },
    {
      "quarter": "2021-06 (Q2)",
      "signal": "FCF MARGIN EXPANSION",
      "detail": "FCF margin: +4009.8% -> +6858.7% (+2848.9%)",
      "severity": "MEDIUM"
    }
  ],
  "data_quality": {
    "n_quarters": 20,
    "coverage": {
      "revenue": [
        20,
        20
      ],
      "gross_profit": [
        0,
        20
      ],
      "op_income": [
        0,
        20
      ],
      "fcf": [
        20,
        20
      ]
    },
    "gaps": [],
    "warnings": [
      "gross_profit: no data",
      "op_income: no data"
    ]
  },
  "market_cap": null,
  "source": "SEC EDGAR",
  "last_updated": "2026-02-13T11:33:08.064556"
}