{
  "ticker": "CR",
  "name": "CRANE COMPANY",
  "quarters": [
    {
      "date": "2022-03-31T00:00:00",
      "quarter_label": "2022-03 (Q1)",
      "revenue": 538900000,
      "gross_profit": 191900000,
      "operating_income": 70200000,
      "net_income": 54100000,
      "opex": 121700000,
      "cogs": 347000000,
      "rd": null,
      "sga": 121700000,
      "fcf": -74300000,
      "ocf": -74300000,
      "capex": null,
      "gross_margin": 0.35609575060308035,
      "op_margin": 0.13026535535349787,
      "fcf_margin": -0.13787344590833178
    },
    {
      "date": "2022-06-30T00:00:00",
      "quarter_label": "2022-06 (Q2)",
      "revenue": 530300000,
      "gross_profit": 177500000,
      "operating_income": 43700000,
      "net_income": 258200000,
      "opex": 133800000,
      "cogs": 352800000,
      "rd": null,
      "sga": 133800000,
      "fcf": null,
      "ocf": null,
      "capex": null,
      "gross_margin": 0.33471619837827643,
      "op_margin": 0.08240618517820102,
      "fcf_margin": null
    },
    {
      "date": "2022-09-30T00:00:00",
      "quarter_label": "2022-09 (Q3)",
      "revenue": 480000000,
      "gross_profit": 169300000,
      "operating_income": -117200000,
      "net_income": -59300000,
      "opex": 286500000,
      "cogs": 310700000,
      "rd": null,
      "sga": 124100000,
      "fcf": null,
      "ocf": null,
      "capex": null,
      "gross_margin": 0.35270833333333335,
      "op_margin": -0.24416666666666667,
      "fcf_margin": null
    },
    {
      "date": "2022-12-31T00:00:00",
      "quarter_label": "2022-12 (Q4)",
      "revenue": 227600000,
      "gross_profit": -83200000,
      "operating_income": 48600000,
      "net_income": 97200000,
      "opex": -131800000,
      "cogs": 310800000,
      "rd": null,
      "sga": 126500000,
      "fcf": null,
      "ocf": null,
      "capex": null,
      "gross_margin": -0.3655536028119508,
      "op_margin": 0.21353251318101935,
      "fcf_margin": null
    },
    {
      "date": "2023-03-31T00:00:00",
      "quarter_label": "2023-03 (Q1)",
      "revenue": 513800000,
      "gross_profit": 190400000,
      "operating_income": 86300000,
      "net_income": 61800000,
      "opex": 104100000,
      "cogs": 307000000,
      "rd": null,
      "sga": 120500000,
      "fcf": -71600000,
      "ocf": -71600000,
      "capex": null,
      "gross_margin": 0.37057220708446864,
      "op_margin": 0.1679641884001557,
      "fcf_margin": -0.13935383417672245,
      "incr_op_margin_yoy": -0.6414342629482072,
      "rev_growth_yoy": -0.04657635925032474,
      "op_leverage_ratio": Infinity
    },
    {
      "date": "2023-06-30T00:00:00",
      "quarter_label": "2023-06 (Q2)",
      "revenue": 509600000,
      "gross_profit": 186400000,
      "operating_income": 63100000,
      "net_income": 45600000,
      "opex": 123300000,
      "cogs": 308500000,
      "rd": null,
      "sga": 138000000,
      "fcf": null,
      "ocf": null,
      "capex": null,
      "gross_margin": 0.36577708006279436,
      "op_margin": 0.12382260596546311,
      "fcf_margin": null,
      "incr_op_margin_yoy": -0.9371980676328503,
      "rev_growth_yoy": -0.03903450876862154,
      "rev_growth_yoy_accel": 0.007541850481703201
    },
    {
      "date": "2023-09-30T00:00:00",
      "quarter_label": "2023-09 (Q3)",
      "revenue": 530100000,
      "gross_profit": 190300000,
      "operating_income": 76300000,
      "net_income": 55200000,
      "opex": 114000000,
      "cogs": 326900000,
      "rd": null,
      "sga": 126900000,
      "fcf": null,
      "ocf": null,
      "capex": null,
      "gross_margin": 0.3589888700245237,
      "op_margin": 0.14393510658366346,
      "fcf_margin": null,
      "incr_op_margin_yoy": 3.8622754491017965,
      "rev_growth_yoy": 0.104375,
      "rev_growth_yoy_accel": 0.14340950876862152,
      "op_leverage_ratio": Infinity
    },
    {
      "date": "2023-12-31T00:00:00",
      "quarter_label": "2023-12 (Q4)",
      "revenue": 484300000,
      "gross_profit": 183900000,
      "operating_income": 62400000,
      "net_income": 49400000,
      "opex": 121500000,
      "cogs": 300400000,
      "rd": null,
      "sga": 126900000,
      "fcf": null,
      "ocf": null,
      "capex": null,
      "gross_margin": 0.3797233119966963,
      "op_margin": 0.1288457567623374,
      "fcf_margin": null,
      "incr_op_margin_yoy": 0.053759252045188936,
      "rev_growth_yoy": 1.1278558875219684,
      "rev_growth_yoy_accel": 1.0234808875219685
    },
    {
      "date": "2024-03-31T00:00:00",
      "quarter_label": "2024-03 (Q1)",
      "revenue": 565300000,
      "gross_profit": 206800000,
      "operating_income": 89400000,
      "net_income": 64800000,
      "opex": 117400000,
      "cogs": 344800000,
      "rd": null,
      "sga": 131100000,
      "fcf": null,
      "ocf": null,
      "capex": null,
      "gross_margin": 0.3658234565717318,
      "op_margin": 0.15814611710596144,
      "fcf_margin": null,
      "incr_op_margin_yoy": 0.06019417475728155,
      "rev_growth_yoy": 0.10023355391202803,
      "rev_growth_yoy_accel": -1.0276223336099404,
      "op_leverage_ratio": Infinity
    },
    {
      "date": "2024-06-30T00:00:00",
      "quarter_label": "2024-06 (Q2)",
      "revenue": 581200000,
      "gross_profit": 211500000,
      "operating_income": 96600000,
      "net_income": 71600000,
      "opex": 114900000,
      "cogs": 357300000,
      "rd": null,
      "sga": 127300000,
      "fcf": null,
      "ocf": null,
      "capex": null,
      "gross_margin": 0.3639022711631108,
      "op_margin": 0.16620784583620096,
      "fcf_margin": null,
      "incr_op_margin_yoy": 0.46787709497206703,
      "rev_growth_yoy": 0.14050235478806908,
      "rev_growth_yoy_accel": 0.04026880087604105,
      "op_leverage_ratio": Infinity
    },
    {
      "date": "2024-09-30T00:00:00",
      "quarter_label": "2024-09 (Q3)",
      "revenue": 597200000,
      "gross_profit": 227000000,
      "operating_income": 105200000,
      "net_income": 77300000,
      "opex": 121800000,
      "cogs": 359200000,
      "rd": null,
      "sga": 132800000,
      "fcf": null,
      "ocf": null,
      "capex": null,
      "gross_margin": 0.38010716677829876,
      "op_margin": 0.17615539182853315,
      "fcf_margin": null,
      "incr_op_margin_yoy": 0.4307004470938897,
      "rev_growth_yoy": 0.12657989058668176,
      "rev_growth_yoy_accel": -0.013922464201387319,
      "op_leverage_ratio": 0.4584218558305156
    },
    {
      "date": "2024-12-31T00:00:00",
      "quarter_label": "2024-12 (Q4)",
      "revenue": 544100000,
      "gross_profit": 222500000,
      "operating_income": 86200000,
      "net_income": 81000000,
      "opex": 136300000,
      "cogs": 321600000,
      "rd": null,
      "sga": 120800000,
      "fcf": null,
      "ocf": null,
      "capex": null,
      "gross_margin": 0.4089321815842676,
      "op_margin": 0.1584267597868039,
      "fcf_margin": null,
      "incr_op_margin_yoy": 0.3979933110367893,
      "rev_growth_yoy": 0.12347718356390668,
      "rev_growth_yoy_accel": -0.0031027070227750836
    },
    {
      "date": "2025-03-31T00:00:00",
      "quarter_label": "2025-03 (Q1)",
      "revenue": 557600000,
      "gross_profit": 237600000,
      "operating_income": 101100000,
      "net_income": 107100000,
      "opex": 136500000,
      "cogs": 320000000,
      "rd": null,
      "sga": 136500000,
      "fcf": null,
      "ocf": null,
      "capex": null,
      "gross_margin": 0.4261119081779053,
      "op_margin": 0.18131276901004303,
      "fcf_margin": null,
      "incr_op_margin_yoy": -1.5194805194805194,
      "rev_growth_yoy": -0.013621086148947461,
      "rev_growth_yoy_accel": -0.13709826971285413,
      "op_leverage_ratio": 16.9091159713288
    },
    {
      "date": "2025-06-30T00:00:00",
      "quarter_label": "2025-06 (Q2)",
      "revenue": 577200000,
      "gross_profit": 242300000,
      "operating_income": 102900000,
      "net_income": 86400000,
      "opex": 139400000,
      "cogs": 334900000,
      "rd": null,
      "sga": null,
      "fcf": null,
      "ocf": null,
      "capex": null,
      "gross_margin": 0.4197851697851698,
      "op_margin": 0.17827442827442827,
      "fcf_margin": null,
      "incr_op_margin_yoy": -1.575,
      "rev_growth_yoy": -0.006882312456985547,
      "rev_growth_yoy_accel": 0.006738773691961914,
      "op_leverage_ratio": 1.6545045267896896
    },
    {
      "date": "2025-09-30T00:00:00",
      "quarter_label": "2025-09 (Q3)",
      "revenue": 589200000,
      "gross_profit": 251300000,
      "operating_income": 118400000,
      "net_income": 91400000,
      "opex": 132900000,
      "cogs": 337900000,
      "rd": null,
      "sga": null,
      "fcf": null,
      "ocf": null,
      "capex": null,
      "gross_margin": 0.42651052274270196,
      "op_margin": 0.20095044127630685,
      "fcf_margin": null,
      "incr_op_margin_yoy": -1.65,
      "rev_growth_yoy": -0.013395847287340924,
      "rev_growth_yoy_accel": -0.006513534830355377,
      "op_leverage_ratio": Infinity
    }
  ],
  "signals": [
    {
      "quarter": "2025-06 (Q2)",
      "signal": "OPERATING LEVERAGE",
      "detail": "Rev growth +3.5% vs OpEx growth +2.1% (leverage: 1.7x)",
      "severity": "MEDIUM"
    },
    {
      "quarter": "2025-03 (Q1)",
      "signal": "OPERATING LEVERAGE",
      "detail": "Rev growth +2.5% vs OpEx growth +0.1% (leverage: 16.9x)",
      "severity": "MEDIUM"
    },
    {
      "quarter": "2025-03 (Q1)",
      "signal": "YoY REVENUE GROWTH DECELERATION",
      "detail": "YoY growth: -1.4% vs prior quarter YoY: +12.3% (decel: -13.7%)",
      "severity": "WARNING"
    },
    {
      "quarter": "2024-12 (Q4)",
      "signal": "INCREMENTAL MARGIN (YoY)",
      "detail": "YoY Incr OPM: +39.8% vs year-ago OPM: +12.9%",
      "severity": "HIGH"
    },
    {
      "quarter": "2024-09 (Q3)",
      "signal": "INCREMENTAL MARGIN (YoY)",
      "detail": "YoY Incr OPM: +43.1% vs year-ago OPM: +14.4%",
      "severity": "HIGH"
    },
    {
      "quarter": "2024-06 (Q2)",
      "signal": "INCREMENTAL MARGIN (YoY)",
      "detail": "YoY Incr OPM: +46.8% vs year-ago OPM: +12.4%",
      "severity": "HIGH"
    },
    {
      "quarter": "2024-03 (Q1)",
      "signal": "YoY REVENUE GROWTH DECELERATION",
      "detail": "YoY growth: +10.0% vs prior quarter YoY: +112.8% (decel: -102.8%)",
      "severity": "WARNING"
    },
    {
      "quarter": "2023-12 (Q4)",
      "signal": "GROSS MARGIN INFLECTION",
      "detail": "GM: +36.6% -> +35.9% -> +38.0% (reversal +2.1%)",
      "severity": "MEDIUM"
    },
    {
      "quarter": "2023-12 (Q4)",
      "signal": "YoY REVENUE GROWTH ACCELERATION",
      "detail": "YoY growth: +112.8% vs prior quarter YoY: +10.4% (accel: +102.3%)",
      "severity": "HIGH"
    },
    {
      "quarter": "2023-09 (Q3)",
      "signal": "YoY REVENUE GROWTH ACCELERATION",
      "detail": "YoY growth: +10.4% vs prior quarter YoY: -3.9% (accel: +14.3%)",
      "severity": "MEDIUM"
    },
    {
      "quarter": "2023-09 (Q3)",
      "signal": "OP MARGIN TURNED POSITIVE (YoY)",
      "detail": "Op margin: -24.4% (year-ago) -> +14.4%",
      "severity": "HIGH"
    },
    {
      "quarter": "2023-03 (Q1)",
      "signal": "GROSS MARGIN INFLECTION",
      "detail": "GM: +35.3% -> -36.6% -> +37.1% (reversal +73.6%)",
      "severity": "HIGH"
    },
    {
      "quarter": "2022-12 (Q4)",
      "signal": "OP MARGIN TURNED POSITIVE (QoQ)",
      "detail": "Op margin: -24.4% -> +21.4%",
      "severity": "HIGH"
    }
  ],
  "data_quality": {
    "n_quarters": 15,
    "coverage": {
      "revenue": [
        15,
        15
      ],
      "gross_profit": [
        15,
        15
      ],
      "op_income": [
        15,
        15
      ],
      "fcf": [
        2,
        15
      ]
    },
    "gaps": [],
    "warnings": [
      "fcf: 2/15Q"
    ]
  },
  "market_cap": null,
  "source": "SEC EDGAR",
  "last_updated": "2026-02-02T20:36:04.417568"
}