{
  "ticker": "CRBG",
  "name": "Corebridge Financial, Inc.",
  "sector": "Financial Services",
  "industry": "Asset Management",
  "quarters": [
    {
      "date": "2021-09-30T00:00:00",
      "quarter_label": "2021-09 (Q3)",
      "revenue": 5521000000,
      "gross_profit": null,
      "operating_income": null,
      "net_income": 1420000000,
      "opex": null,
      "cogs": null,
      "rd": null,
      "sga": 521000000,
      "fcf": null,
      "ocf": null,
      "capex": null,
      "gross_margin": null,
      "op_margin": null,
      "fcf_margin": null
    },
    {
      "date": "2021-12-31T00:00:00",
      "quarter_label": "2021-12 (Q4)",
      "revenue": 6839000000,
      "gross_profit": null,
      "operating_income": null,
      "net_income": 3122000000,
      "opex": null,
      "cogs": null,
      "rd": null,
      "sga": 551000000,
      "fcf": 373000000,
      "ocf": 373000000,
      "capex": null,
      "gross_margin": null,
      "op_margin": null,
      "fcf_margin": 0.05454013744699517
    },
    {
      "date": "2022-03-31T00:00:00",
      "quarter_label": "2022-03 (Q1)",
      "revenue": 7240000000,
      "gross_profit": null,
      "operating_income": null,
      "net_income": 3366000000,
      "opex": null,
      "cogs": null,
      "rd": null,
      "sga": 586000000,
      "fcf": -3000000,
      "ocf": -3000000,
      "capex": null,
      "gross_margin": null,
      "op_margin": null,
      "fcf_margin": -0.0004143646408839779,
      "fcf_margin_change": -0.05495450208787915
    },
    {
      "date": "2022-06-30T00:00:00",
      "quarter_label": "2022-06 (Q2)",
      "revenue": 6790000000,
      "gross_profit": null,
      "operating_income": null,
      "net_income": 2594000000,
      "opex": null,
      "cogs": null,
      "rd": null,
      "sga": 577000000,
      "fcf": 538000000,
      "ocf": 538000000,
      "capex": null,
      "gross_margin": null,
      "op_margin": null,
      "fcf_margin": 0.0792341678939617,
      "fcf_margin_change": 0.07964853253484568
    },
    {
      "date": "2022-09-30T00:00:00",
      "quarter_label": "2022-09 (Q3)",
      "revenue": 7141000000,
      "gross_profit": null,
      "operating_income": null,
      "net_income": 2351000000,
      "opex": null,
      "cogs": null,
      "rd": null,
      "sga": 578000000,
      "fcf": 1615000000,
      "ocf": 1615000000,
      "capex": null,
      "gross_margin": null,
      "op_margin": null,
      "fcf_margin": 0.22615880128833496,
      "rev_growth_yoy": 0.2934251041477993,
      "fcf_margin_change": 0.14692463339437326
    },
    {
      "date": "2022-12-31T00:00:00",
      "quarter_label": "2022-12 (Q4)",
      "revenue": 3869000000,
      "gross_profit": null,
      "operating_income": null,
      "net_income": -566000000,
      "opex": null,
      "cogs": null,
      "rd": null,
      "sga": 582000000,
      "fcf": 471000000,
      "ocf": 471000000,
      "capex": null,
      "gross_margin": null,
      "op_margin": null,
      "fcf_margin": 0.12173688291548204,
      "rev_growth_yoy": -0.43427401666910365,
      "rev_growth_yoy_accel": -0.727699120816903,
      "fcf_margin_change": -0.10442191837285292
    },
    {
      "date": "2023-03-31T00:00:00",
      "quarter_label": "2023-03 (Q1)",
      "revenue": 4262000000,
      "gross_profit": null,
      "operating_income": null,
      "net_income": -459000000,
      "opex": null,
      "cogs": null,
      "rd": null,
      "sga": 582000000,
      "fcf": 301000000,
      "ocf": 301000000,
      "capex": null,
      "gross_margin": null,
      "op_margin": null,
      "fcf_margin": 0.07062412013139371,
      "rev_growth_yoy": -0.41132596685082873,
      "rev_growth_yoy_accel": 0.022948049818274918,
      "fcf_margin_change": -0.05111276278408833
    },
    {
      "date": "2023-06-30T00:00:00",
      "quarter_label": "2023-06 (Q2)",
      "revenue": 5757000000,
      "gross_profit": null,
      "operating_income": null,
      "net_income": 771000000,
      "opex": null,
      "cogs": null,
      "rd": null,
      "sga": 604000000,
      "fcf": 1271000000,
      "ocf": 1271000000,
      "capex": null,
      "gross_margin": null,
      "op_margin": null,
      "fcf_margin": 0.22077470904985236,
      "rev_growth_yoy": -0.15213549337260676,
      "rev_growth_yoy_accel": 0.259190473478222,
      "fcf_margin_change": 0.15015058891845864
    },
    {
      "date": "2023-09-30T00:00:00",
      "quarter_label": "2023-09 (Q3)",
      "revenue": 5505000000,
      "gross_profit": null,
      "operating_income": null,
      "net_income": 2101000000,
      "opex": null,
      "cogs": null,
      "rd": null,
      "sga": 611000000,
      "fcf": 1018000000,
      "ocf": 1018000000,
      "capex": null,
      "gross_margin": null,
      "op_margin": null,
      "fcf_margin": 0.1849227974568574,
      "rev_growth_yoy": -0.22909956588713065,
      "rev_growth_yoy_accel": -0.07696407251452389,
      "fcf_margin_change": -0.035851911592994945
    },
    {
      "date": "2023-12-31T00:00:00",
      "quarter_label": "2023-12 (Q4)",
      "revenue": 3354000000,
      "gross_profit": null,
      "operating_income": null,
      "net_income": -1309000000,
      "opex": null,
      "cogs": null,
      "rd": null,
      "sga": 563000000,
      "fcf": 767000000,
      "ocf": 767000000,
      "capex": null,
      "gross_margin": null,
      "op_margin": null,
      "fcf_margin": 0.22868217054263565,
      "rev_growth_yoy": -0.13310933057637633,
      "rev_growth_yoy_accel": 0.09599023531075432,
      "fcf_margin_change": 0.043759373085778236
    },
    {
      "date": "2024-03-31T00:00:00",
      "quarter_label": "2024-03 (Q1)",
      "revenue": 5836000000,
      "gross_profit": null,
      "operating_income": null,
      "net_income": 878000000,
      "opex": null,
      "cogs": null,
      "rd": null,
      "sga": 572000000,
      "fcf": 598000000,
      "ocf": 598000000,
      "capex": null,
      "gross_margin": null,
      "op_margin": null,
      "fcf_margin": 0.10246744345442084,
      "rev_growth_yoy": 0.3693101830126701,
      "rev_growth_yoy_accel": 0.5024195135890465,
      "fcf_margin_change": -0.1262147270882148
    },
    {
      "date": "2024-06-30T00:00:00",
      "quarter_label": "2024-06 (Q2)",
      "revenue": 3710000000,
      "gross_profit": null,
      "operating_income": null,
      "net_income": 365000000,
      "opex": null,
      "cogs": null,
      "rd": null,
      "sga": 532000000,
      "fcf": -9000000,
      "ocf": -9000000,
      "capex": null,
      "gross_margin": null,
      "op_margin": null,
      "fcf_margin": -0.002425876010781671,
      "rev_growth_yoy": -0.3555671356609345,
      "rev_growth_yoy_accel": -0.7248773186736046,
      "fcf_margin_change": -0.10489331946520251
    },
    {
      "date": "2024-09-30T00:00:00",
      "quarter_label": "2024-09 (Q3)",
      "revenue": 2616000000,
      "gross_profit": null,
      "operating_income": null,
      "net_income": -1184000000,
      "opex": null,
      "cogs": null,
      "rd": null,
      "sga": 492000000,
      "fcf": 83000000,
      "ocf": 83000000,
      "capex": null,
      "gross_margin": null,
      "op_margin": null,
      "fcf_margin": 0.03172782874617737,
      "rev_growth_yoy": -0.5247956403269755,
      "rev_growth_yoy_accel": -0.16922850466604095,
      "fcf_margin_change": 0.034153704756959044
    },
    {
      "date": "2024-12-31T00:00:00",
      "quarter_label": "2024-12 (Q4)",
      "revenue": 6619000000,
      "gross_profit": null,
      "operating_income": null,
      "net_income": 2171000000,
      "opex": null,
      "cogs": null,
      "rd": null,
      "sga": 494000000,
      "fcf": 1479000000,
      "ocf": 1479000000,
      "capex": null,
      "gross_margin": null,
      "op_margin": null,
      "fcf_margin": 0.22344765070252304,
      "rev_growth_yoy": 0.9734645199761479,
      "rev_growth_yoy_accel": 1.4982601603031234,
      "fcf_margin_change": 0.19171982195634568
    },
    {
      "date": "2025-03-31T00:00:00",
      "quarter_label": "2025-03 (Q1)",
      "revenue": 3590000000,
      "gross_profit": null,
      "operating_income": null,
      "net_income": -664000000,
      "opex": null,
      "cogs": null,
      "rd": null,
      "sga": 544000000,
      "fcf": 375000000,
      "ocf": 375000000,
      "capex": null,
      "gross_margin": null,
      "op_margin": null,
      "fcf_margin": 0.10445682451253482,
      "rev_growth_yoy": -0.3848526387936943,
      "rev_growth_yoy_accel": -1.3583171587698422,
      "fcf_margin_change": -0.11899082618998821
    },
    {
      "date": "2025-06-30T00:00:00",
      "quarter_label": "2025-06 (Q2)",
      "revenue": 2744000000,
      "gross_profit": null,
      "operating_income": null,
      "net_income": -660000000,
      "opex": null,
      "cogs": null,
      "rd": null,
      "sga": 535000000,
      "fcf": -259000000,
      "ocf": -259000000,
      "capex": null,
      "gross_margin": null,
      "op_margin": null,
      "fcf_margin": -0.09438775510204081,
      "rev_growth_yoy": -0.26037735849056604,
      "rev_growth_yoy_accel": 0.12447528030312827,
      "fcf_margin_change": -0.19884457961457563
    },
    {
      "date": "2025-09-30T00:00:00",
      "quarter_label": "2025-09 (Q3)",
      "revenue": 5416000000,
      "gross_profit": null,
      "operating_income": null,
      "net_income": 144000000,
      "opex": null,
      "cogs": null,
      "rd": null,
      "sga": 481000000,
      "fcf": 24000000,
      "ocf": 24000000,
      "capex": null,
      "gross_margin": null,
      "op_margin": null,
      "fcf_margin": 0.004431314623338257,
      "rev_growth_yoy": 1.070336391437309,
      "rev_growth_yoy_accel": 1.330713749927875,
      "fcf_margin_change": 0.09881906972537907
    },
    {
      "date": "2025-12-31T00:00:00",
      "quarter_label": "2025-12 (Q4)",
      "revenue": 6767000000,
      "gross_profit": null,
      "operating_income": null,
      "net_income": 814000000,
      "opex": null,
      "cogs": null,
      "rd": null,
      "sga": 478000000,
      "fcf": 1881000000,
      "ocf": 1881000000,
      "capex": null,
      "gross_margin": null,
      "op_margin": null,
      "fcf_margin": 0.2779666026304123,
      "rev_growth_yoy": 0.022359873092612177,
      "rev_growth_yoy_accel": -1.0479765183446967,
      "fcf_margin_change": 0.27353528800707405
    }
  ],
  "signals": [
    {
      "quarter": "2025-12 (Q4)",
      "signal": "FCF MARGIN EXPANSION",
      "detail": "FCF margin: +0.4% -> +27.8% (+27.4%)",
      "severity": "MEDIUM"
    },
    {
      "quarter": "2025-12 (Q4)",
      "signal": "YoY REVENUE GROWTH DECELERATION",
      "detail": "YoY growth: +2.2% vs prior quarter YoY: +107.0% (decel: -104.8%)",
      "severity": "WARNING"
    },
    {
      "quarter": "2025-09 (Q3)",
      "signal": "FCF TURNED POSITIVE",
      "detail": "FCF margin: -9.4% -> +0.4%",
      "severity": "HIGH"
    },
    {
      "quarter": "2025-09 (Q3)",
      "signal": "YoY REVENUE GROWTH ACCELERATION",
      "detail": "YoY growth: +107.0% vs prior quarter YoY: -26.0% (accel: +133.1%)",
      "severity": "HIGH"
    },
    {
      "quarter": "2025-06 (Q2)",
      "signal": "YoY REVENUE GROWTH ACCELERATION",
      "detail": "YoY growth: -26.0% vs prior quarter YoY: -38.5% (accel: +12.4%)",
      "severity": "MEDIUM"
    },
    {
      "quarter": "2025-03 (Q1)",
      "signal": "YoY REVENUE GROWTH DECELERATION",
      "detail": "YoY growth: -38.5% vs prior quarter YoY: +97.3% (decel: -135.8%)",
      "severity": "WARNING"
    },
    {
      "quarter": "2024-12 (Q4)",
      "signal": "FCF MARGIN EXPANSION",
      "detail": "FCF margin: +3.2% -> +22.3% (+19.2%)",
      "severity": "MEDIUM"
    },
    {
      "quarter": "2024-12 (Q4)",
      "signal": "YoY REVENUE GROWTH ACCELERATION",
      "detail": "YoY growth: +97.3% vs prior quarter YoY: -52.5% (accel: +149.8%)",
      "severity": "HIGH"
    },
    {
      "quarter": "2024-09 (Q3)",
      "signal": "FCF TURNED POSITIVE",
      "detail": "FCF margin: -0.2% -> +3.2%",
      "severity": "HIGH"
    },
    {
      "quarter": "2024-09 (Q3)",
      "signal": "YoY REVENUE GROWTH DECELERATION",
      "detail": "YoY growth: -52.5% vs prior quarter YoY: -35.6% (decel: -16.9%)",
      "severity": "WARNING"
    },
    {
      "quarter": "2024-06 (Q2)",
      "signal": "YoY REVENUE GROWTH DECELERATION",
      "detail": "YoY growth: -35.6% vs prior quarter YoY: +36.9% (decel: -72.5%)",
      "severity": "WARNING"
    },
    {
      "quarter": "2024-03 (Q1)",
      "signal": "YoY REVENUE GROWTH ACCELERATION",
      "detail": "YoY growth: +36.9% vs prior quarter YoY: -13.3% (accel: +50.2%)",
      "severity": "HIGH"
    },
    {
      "quarter": "2023-12 (Q4)",
      "signal": "YoY REVENUE GROWTH ACCELERATION",
      "detail": "YoY growth: -13.3% vs prior quarter YoY: -22.9% (accel: +9.6%)",
      "severity": "MEDIUM"
    },
    {
      "quarter": "2023-09 (Q3)",
      "signal": "YoY REVENUE GROWTH DECELERATION",
      "detail": "YoY growth: -22.9% vs prior quarter YoY: -15.2% (decel: -7.7%)",
      "severity": "WARNING"
    },
    {
      "quarter": "2023-06 (Q2)",
      "signal": "FCF MARGIN EXPANSION",
      "detail": "FCF margin: +7.1% -> +22.1% (+15.0%)",
      "severity": "MEDIUM"
    },
    {
      "quarter": "2023-06 (Q2)",
      "signal": "YoY REVENUE GROWTH ACCELERATION",
      "detail": "YoY growth: -15.2% vs prior quarter YoY: -41.1% (accel: +25.9%)",
      "severity": "HIGH"
    },
    {
      "quarter": "2022-12 (Q4)",
      "signal": "YoY REVENUE GROWTH DECELERATION",
      "detail": "YoY growth: -43.4% vs prior quarter YoY: +29.3% (decel: -72.8%)",
      "severity": "WARNING"
    },
    {
      "quarter": "2022-09 (Q3)",
      "signal": "FCF MARGIN EXPANSION",
      "detail": "FCF margin: +7.9% -> +22.6% (+14.7%)",
      "severity": "MEDIUM"
    },
    {
      "quarter": "2022-06 (Q2)",
      "signal": "FCF TURNED POSITIVE",
      "detail": "FCF margin: -0.0% -> +7.9%",
      "severity": "HIGH"
    }
  ],
  "data_quality": {
    "n_quarters": 18,
    "coverage": {
      "revenue": [
        18,
        18
      ],
      "gross_profit": [
        0,
        18
      ],
      "op_income": [
        0,
        18
      ],
      "fcf": [
        17,
        18
      ]
    },
    "gaps": [],
    "warnings": [
      "gross_profit: no data",
      "op_income: no data"
    ]
  },
  "market_cap": null,
  "source": "SEC EDGAR",
  "last_updated": "2026-02-24T10:58:55.258931"
}