{
  "ticker": "CRD-B",
  "name": "CRAWFORD & COMPANY",
  "quarters": [
    {
      "date": "2020-12-31T00:00:00",
      "quarter_label": "2020-12 (Q4)",
      "revenue": 265605000,
      "gross_profit": 72067000,
      "operating_income": null,
      "net_income": 9400000,
      "opex": 253230000,
      "cogs": 193538000,
      "rd": null,
      "sga": 55625000,
      "fcf": 32486000,
      "ocf": 35862000,
      "capex": -3376000,
      "gross_margin": 0.27133148848854505,
      "op_margin": null,
      "fcf_margin": 0.12230944447581936
    },
    {
      "date": "2021-03-31T00:00:00",
      "quarter_label": "2021-03 (Q1)",
      "revenue": 262155000,
      "gross_profit": 67979000,
      "operating_income": null,
      "net_income": 6064000,
      "opex": 254460000,
      "cogs": 194176000,
      "rd": null,
      "sga": 58702000,
      "fcf": 959000,
      "ocf": 1577000,
      "capex": -618000,
      "gross_margin": 0.259308424405409,
      "op_margin": null,
      "fcf_margin": 0.0036581411760218193,
      "fcf_margin_change": -0.11865130329979753
    },
    {
      "date": "2021-06-30T00:00:00",
      "quarter_label": "2021-06 (Q2)",
      "revenue": 276545000,
      "gross_profit": 74300000,
      "operating_income": null,
      "net_income": 11780000,
      "opex": 262116000,
      "cogs": 202245000,
      "rd": null,
      "sga": 58658000,
      "fcf": 7453000,
      "ocf": 8955000,
      "capex": -1502000,
      "gross_margin": 0.26867236796904664,
      "op_margin": null,
      "fcf_margin": 0.02695040590139037,
      "op_leverage_ratio": 1.8244007693885662,
      "fcf_margin_change": 0.02329226472536855
    },
    {
      "date": "2021-09-30T00:00:00",
      "quarter_label": "2021-09 (Q3)",
      "revenue": 297562000,
      "gross_profit": 77483000,
      "operating_income": null,
      "net_income": 11195000,
      "opex": 282486000,
      "cogs": 220079000,
      "rd": null,
      "sga": 60759000,
      "fcf": 6380000,
      "ocf": 9511000,
      "capex": -3131000,
      "gross_margin": 0.2603927920903879,
      "op_margin": null,
      "fcf_margin": 0.021440909793589234,
      "op_leverage_ratio": 0.9779292053952822,
      "fcf_margin_change": -0.005509496107801135
    },
    {
      "date": "2021-12-31T00:00:00",
      "quarter_label": "2021-12 (Q4)",
      "revenue": 302969000,
      "gross_profit": 72038000,
      "operating_income": null,
      "net_income": 1653000,
      "opex": 299777000,
      "cogs": 230931000,
      "rd": null,
      "sga": 66730000,
      "fcf": 30304000,
      "ocf": 34278000,
      "capex": -3974000,
      "gross_margin": 0.2377735015793695,
      "op_margin": null,
      "fcf_margin": 0.10002343474084807,
      "rev_growth_yoy": 0.14067506259294818,
      "op_leverage_ratio": 0.2968627585739845,
      "fcf_margin_change": 0.07858252494725884
    },
    {
      "date": "2022-03-31T00:00:00",
      "quarter_label": "2022-03 (Q1)",
      "revenue": 287789000,
      "gross_profit": 73444000,
      "operating_income": null,
      "net_income": 5096000,
      "opex": 280705000,
      "cogs": 214345000,
      "rd": null,
      "sga": 64841000,
      "fcf": -16593000,
      "ocf": -15253000,
      "capex": -1340000,
      "gross_margin": 0.2552008589626428,
      "op_margin": null,
      "fcf_margin": -0.05765682496551293,
      "rev_growth_yoy": 0.09778184661745913,
      "rev_growth_yoy_accel": -0.04289321597548905,
      "fcf_margin_change": -0.15768025970636101
    },
    {
      "date": "2022-06-30T00:00:00",
      "quarter_label": "2022-06 (Q2)",
      "revenue": 303651000,
      "gross_profit": 75211000,
      "operating_income": null,
      "net_income": 5830000,
      "opex": 295617000,
      "cogs": 228440000,
      "rd": null,
      "sga": 65397000,
      "fcf": 718000,
      "ocf": 2501000,
      "capex": -1783000,
      "gross_margin": 0.24768895870588273,
      "op_margin": null,
      "fcf_margin": 0.002364556678555315,
      "rev_growth_yoy": 0.09801659766041693,
      "rev_growth_yoy_accel": 0.00023475104295779536,
      "op_leverage_ratio": 1.0375236590874124,
      "fcf_margin_change": 0.06002138164406824
    },
    {
      "date": "2022-09-30T00:00:00",
      "quarter_label": "2022-09 (Q3)",
      "revenue": 306417000,
      "gross_profit": 73691000,
      "operating_income": null,
      "net_income": -15144000,
      "opex": 335420000,
      "cogs": 232726000,
      "rd": null,
      "sga": 62983000,
      "fcf": -5303000,
      "ocf": -3443000,
      "capex": -1860000,
      "gross_margin": 0.2404925314196014,
      "op_margin": null,
      "fcf_margin": -0.01730648103727926,
      "rev_growth_yoy": 0.029758504110067818,
      "rev_growth_yoy_accel": -0.0682580935503491,
      "fcf_margin_change": -0.019671037715834578
    },
    {
      "date": "2022-12-31T00:00:00",
      "quarter_label": "2022-12 (Q4)",
      "revenue": 333368000,
      "gross_profit": 84008000,
      "operating_income": null,
      "net_income": -14087000,
      "opex": 315998000,
      "cogs": 249360000,
      "rd": null,
      "sga": 62528000,
      "fcf": 41974000,
      "ocf": 43829000,
      "capex": -1855000,
      "gross_margin": 0.2519977922296081,
      "op_margin": null,
      "fcf_margin": 0.1259089054738307,
      "rev_growth_yoy": 0.10033699817473075,
      "rev_growth_yoy_accel": 0.07057849406466293,
      "op_leverage_ratio": Infinity,
      "fcf_margin_change": 0.14321538651111
    },
    {
      "date": "2023-03-31T00:00:00",
      "quarter_label": "2023-03 (Q1)",
      "revenue": 324596000,
      "gross_profit": 85914000,
      "operating_income": null,
      "net_income": 10681000,
      "opex": 306450000,
      "cogs": 238682000,
      "rd": null,
      "sga": 63369000,
      "fcf": -1476000,
      "ocf": -445000,
      "capex": -1031000,
      "gross_margin": 0.26467978656545366,
      "op_margin": null,
      "fcf_margin": -0.004547190969697717,
      "rev_growth_yoy": 0.12789578475897273,
      "rev_growth_yoy_accel": 0.027558786584241976,
      "fcf_margin_change": -0.13045609644352843
    },
    {
      "date": "2023-06-30T00:00:00",
      "quarter_label": "2023-06 (Q2)",
      "revenue": 333738000,
      "gross_profit": 86634000,
      "operating_income": null,
      "net_income": 8427000,
      "opex": 317995000,
      "cogs": 247104000,
      "rd": null,
      "sga": 66582000,
      "fcf": 26731000,
      "ocf": 27614000,
      "capex": -883000,
      "gross_margin": 0.2595868615500782,
      "op_margin": null,
      "fcf_margin": 0.08009576374281623,
      "rev_growth_yoy": 0.09908414594386318,
      "rev_growth_yoy_accel": -0.02881163881510955,
      "op_leverage_ratio": 0.7475904444546001,
      "fcf_margin_change": 0.08464295471251394
    },
    {
      "date": "2023-09-30T00:00:00",
      "quarter_label": "2023-09 (Q3)",
      "revenue": 337660000,
      "gross_profit": 95625000,
      "operating_income": null,
      "net_income": 12319000,
      "opex": 316511000,
      "cogs": 242035000,
      "rd": null,
      "sga": 69920000,
      "fcf": 39462000,
      "ocf": 40908000,
      "capex": -1446000,
      "gross_margin": 0.28319907599360306,
      "op_margin": null,
      "fcf_margin": 0.11686903986258367,
      "rev_growth_yoy": 0.10196235848533208,
      "rev_growth_yoy_accel": 0.0028782125414689025,
      "op_leverage_ratio": Infinity,
      "fcf_margin_change": 0.03677327611976744
    },
    {
      "date": "2023-12-31T00:00:00",
      "quarter_label": "2023-12 (Q4)",
      "revenue": 320925000,
      "gross_profit": 90899000,
      "operating_income": null,
      "net_income": -818000,
      "opex": 320433000,
      "cogs": 230026000,
      "rd": null,
      "sga": 86635000,
      "fcf": 34183000,
      "ocf": 35713000,
      "capex": -1530000,
      "gross_margin": 0.28324063254654513,
      "op_margin": null,
      "fcf_margin": 0.10651398301783906,
      "rev_growth_yoy": -0.03732511818770848,
      "rev_growth_yoy_accel": -0.13928747667304056,
      "fcf_margin_change": -0.010355056844744609
    },
    {
      "date": "2024-03-31T00:00:00",
      "quarter_label": "2024-03 (Q1)",
      "revenue": 313073000,
      "gross_profit": 87265000,
      "operating_income": null,
      "net_income": 2837000,
      "opex": 306724000,
      "cogs": 225808000,
      "rd": null,
      "sga": 77320000,
      "fcf": -21344000,
      "ocf": -19803000,
      "capex": -1541000,
      "gross_margin": 0.2787369080054812,
      "op_margin": null,
      "fcf_margin": -0.06817579286620054,
      "rev_growth_yoy": -0.03549951324107506,
      "rev_growth_yoy_accel": 0.001825604946633419,
      "fcf_margin_change": -0.1746897758840396
    },
    {
      "date": "2024-06-30T00:00:00",
      "quarter_label": "2024-06 (Q2)",
      "revenue": 326853000,
      "gross_profit": 91962000,
      "operating_income": null,
      "net_income": 8584000,
      "opex": 311417000,
      "cogs": 234891000,
      "rd": null,
      "sga": 72270000,
      "fcf": 11673000,
      "ocf": 11550000,
      "capex": 123000,
      "gross_margin": 0.28135583886334226,
      "op_margin": null,
      "fcf_margin": 0.03571330231021285,
      "rev_growth_yoy": -0.020629955234345503,
      "rev_growth_yoy_accel": 0.014869558006729556,
      "op_leverage_ratio": 2.8767412958026757,
      "fcf_margin_change": 0.1038890951764134
    },
    {
      "date": "2024-09-30T00:00:00",
      "quarter_label": "2024-09 (Q3)",
      "revenue": 342726000,
      "gross_profit": 93418000,
      "operating_income": null,
      "net_income": 9453000,
      "opex": 325516000,
      "cogs": 249308000,
      "rd": null,
      "sga": 71526000,
      "fcf": 17772000,
      "ocf": 19346000,
      "capex": -1574000,
      "gross_margin": 0.2725734260021125,
      "op_margin": null,
      "fcf_margin": 0.05185483447418637,
      "rev_growth_yoy": 0.015003257714861103,
      "rev_growth_yoy_accel": 0.03563321294920661,
      "op_leverage_ratio": 1.0726561989286023,
      "fcf_margin_change": 0.016141532163973522
    },
    {
      "date": "2024-12-31T00:00:00",
      "quarter_label": "2024-12 (Q4)",
      "revenue": 358318000,
      "gross_profit": 94902000,
      "operating_income": null,
      "net_income": 5722000,
      "opex": 346292000,
      "cogs": 263416000,
      "rd": null,
      "sga": 78548000,
      "fcf": 37308000,
      "ocf": 40526000,
      "capex": -3218000,
      "gross_margin": 0.2648541239904219,
      "op_margin": null,
      "fcf_margin": 0.10411980419627258,
      "rev_growth_yoy": 0.11651632001246397,
      "rev_growth_yoy_accel": 0.10151306229760286,
      "op_leverage_ratio": 0.7127958744309545,
      "fcf_margin_change": 0.052264969722086205
    },
    {
      "date": "2025-03-31T00:00:00",
      "quarter_label": "2025-03 (Q1)",
      "revenue": 323339000,
      "gross_profit": 90139000,
      "operating_income": null,
      "net_income": 6684000,
      "opex": 311731000,
      "cogs": 233200000,
      "rd": null,
      "sga": 74587000,
      "fcf": -14917000,
      "ocf": -13923000,
      "capex": -994000,
      "gross_margin": 0.278775526614482,
      "op_margin": null,
      "fcf_margin": -0.04613424300811223,
      "rev_growth_yoy": 0.03279107428618885,
      "rev_growth_yoy_accel": -0.08372524572627513,
      "fcf_margin_change": -0.15025404720438482
    },
    {
      "date": "2025-06-30T00:00:00",
      "quarter_label": "2025-06 (Q2)",
      "revenue": 334595000,
      "gross_profit": 98273000,
      "operating_income": null,
      "net_income": 7782000,
      "opex": 318517000,
      "cogs": 236322000,
      "rd": null,
      "sga": 78337000,
      "fcf": 33599000,
      "ocf": 35006000,
      "capex": -1407000,
      "gross_margin": 0.293707317802119,
      "op_margin": null,
      "fcf_margin": 0.10041692195041767,
      "rev_growth_yoy": 0.023686489033296315,
      "rev_growth_yoy_accel": -0.009104585252892532,
      "op_leverage_ratio": 1.5991607836652286,
      "fcf_margin_change": 0.1465511649585299
    },
    {
      "date": "2025-09-30T00:00:00",
      "quarter_label": "2025-09 (Q3)",
      "revenue": 332807000,
      "gross_profit": 93792000,
      "operating_income": null,
      "net_income": 12408000,
      "opex": 312196000,
      "cogs": 239015000,
      "rd": null,
      "sga": 69393000,
      "fcf": 29268000,
      "ocf": 30632000,
      "capex": -1364000,
      "gross_margin": 0.2818209953516603,
      "op_margin": null,
      "fcf_margin": 0.08794286177874865,
      "rev_growth_yoy": -0.028941486785362066,
      "rev_growth_yoy_accel": -0.052627975818658385,
      "fcf_margin_change": -0.012474060171669021
    }
  ],
  "signals": [
    {
      "quarter": "2025-09 (Q3)",
      "signal": "YoY REVENUE GROWTH DECELERATION",
      "detail": "YoY growth: -2.9% vs prior quarter YoY: +2.4% (decel: -5.3%)",
      "severity": "WARNING"
    },
    {
      "quarter": "2025-06 (Q2)",
      "signal": "FCF TURNED POSITIVE",
      "detail": "FCF margin: -4.6% -> +10.0%",
      "severity": "HIGH"
    },
    {
      "quarter": "2025-06 (Q2)",
      "signal": "OPERATING LEVERAGE",
      "detail": "Rev growth +3.5% vs OpEx growth +2.2% (leverage: 1.6x)",
      "severity": "MEDIUM"
    },
    {
      "quarter": "2025-03 (Q1)",
      "signal": "YoY REVENUE GROWTH DECELERATION",
      "detail": "YoY growth: +3.3% vs prior quarter YoY: +11.7% (decel: -8.4%)",
      "severity": "WARNING"
    },
    {
      "quarter": "2024-12 (Q4)",
      "signal": "FCF MARGIN EXPANSION",
      "detail": "FCF margin: +5.2% -> +10.4% (+5.2%)",
      "severity": "MEDIUM"
    },
    {
      "quarter": "2024-12 (Q4)",
      "signal": "YoY REVENUE GROWTH ACCELERATION",
      "detail": "YoY growth: +11.7% vs prior quarter YoY: +1.5% (accel: +10.2%)",
      "severity": "MEDIUM"
    },
    {
      "quarter": "2024-06 (Q2)",
      "signal": "FCF TURNED POSITIVE",
      "detail": "FCF margin: -6.8% -> +3.6%",
      "severity": "HIGH"
    },
    {
      "quarter": "2024-06 (Q2)",
      "signal": "OPERATING LEVERAGE",
      "detail": "Rev growth +4.4% vs OpEx growth +1.5% (leverage: 2.9x)",
      "severity": "MEDIUM"
    },
    {
      "quarter": "2023-12 (Q4)",
      "signal": "YoY REVENUE GROWTH DECELERATION",
      "detail": "YoY growth: -3.7% vs prior quarter YoY: +10.2% (decel: -13.9%)",
      "severity": "WARNING"
    },
    {
      "quarter": "2023-09 (Q3)",
      "signal": "GROSS MARGIN INFLECTION",
      "detail": "GM: +26.5% -> +26.0% -> +28.3% (reversal +2.4%)",
      "severity": "MEDIUM"
    },
    {
      "quarter": "2023-06 (Q2)",
      "signal": "FCF TURNED POSITIVE",
      "detail": "FCF margin: -0.5% -> +8.0%",
      "severity": "HIGH"
    },
    {
      "quarter": "2022-12 (Q4)",
      "signal": "FCF TURNED POSITIVE",
      "detail": "FCF margin: -1.7% -> +12.6%",
      "severity": "HIGH"
    },
    {
      "quarter": "2022-12 (Q4)",
      "signal": "YoY REVENUE GROWTH ACCELERATION",
      "detail": "YoY growth: +10.0% vs prior quarter YoY: +3.0% (accel: +7.1%)",
      "severity": "MEDIUM"
    },
    {
      "quarter": "2022-09 (Q3)",
      "signal": "YoY REVENUE GROWTH DECELERATION",
      "detail": "YoY growth: +3.0% vs prior quarter YoY: +9.8% (decel: -6.8%)",
      "severity": "WARNING"
    },
    {
      "quarter": "2022-06 (Q2)",
      "signal": "FCF TURNED POSITIVE",
      "detail": "FCF margin: -5.8% -> +0.2%",
      "severity": "HIGH"
    },
    {
      "quarter": "2021-12 (Q4)",
      "signal": "FCF MARGIN EXPANSION",
      "detail": "FCF margin: +2.1% -> +10.0% (+7.9%)",
      "severity": "MEDIUM"
    },
    {
      "quarter": "2021-06 (Q2)",
      "signal": "OPERATING LEVERAGE",
      "detail": "Rev growth +5.5% vs OpEx growth +3.0% (leverage: 1.8x)",
      "severity": "MEDIUM"
    }
  ],
  "data_quality": {
    "n_quarters": 20,
    "coverage": {
      "revenue": [
        20,
        20
      ],
      "gross_profit": [
        20,
        20
      ],
      "op_income": [
        0,
        20
      ],
      "fcf": [
        20,
        20
      ]
    },
    "gaps": [],
    "warnings": [
      "op_income: no data"
    ]
  },
  "market_cap": null,
  "source": "SEC EDGAR",
  "last_updated": "2026-02-03T00:57:13.453938",
  "sector": "Financial Services",
  "industry": "Insurance Brokers"
}