{
  "ticker": "CRGY",
  "name": "Crescent Energy Company",
  "quarters": [
    {
      "date": "2020-12-31T00:00:00",
      "quarter_label": "2020-12 (Q4)",
      "revenue": 252252000,
      "gross_profit": null,
      "operating_income": -56849000,
      "net_income": 0,
      "opex": null,
      "cogs": null,
      "rd": null,
      "sga": null,
      "fcf": null,
      "ocf": null,
      "capex": null,
      "gross_margin": null,
      "op_margin": -0.2253659039373325,
      "fcf_margin": null
    },
    {
      "date": "2021-03-31T00:00:00",
      "quarter_label": "2021-03 (Q1)",
      "revenue": 317860000,
      "gross_profit": null,
      "operating_income": 88045000,
      "net_income": 0,
      "opex": 229817000,
      "cogs": null,
      "rd": null,
      "sga": null,
      "fcf": 126251000,
      "ocf": 126251000,
      "capex": null,
      "gross_margin": null,
      "op_margin": 0.27699301579311647,
      "fcf_margin": 0.39719058705090293
    },
    {
      "date": "2021-06-30T00:00:00",
      "quarter_label": "2021-06 (Q2)",
      "revenue": 330130000,
      "gross_profit": null,
      "operating_income": 100483000,
      "net_income": 0,
      "opex": 229646000,
      "cogs": null,
      "rd": null,
      "sga": null,
      "fcf": -90573000,
      "ocf": -90573000,
      "capex": null,
      "gross_margin": null,
      "op_margin": 0.3043740344712689,
      "fcf_margin": -0.27435555690182656,
      "op_leverage_ratio": Infinity,
      "fcf_margin_change": -0.6715461439527295
    },
    {
      "date": "2021-09-30T00:00:00",
      "quarter_label": "2021-09 (Q3)",
      "revenue": 365726000,
      "gross_profit": null,
      "operating_income": 133604000,
      "net_income": 0,
      "opex": 232124000,
      "cogs": null,
      "rd": null,
      "sga": null,
      "fcf": 112954000,
      "ocf": 112954000,
      "capex": null,
      "gross_margin": null,
      "op_margin": 0.3653117361084528,
      "fcf_margin": 0.308848700940048,
      "op_leverage_ratio": 9.992491543490816,
      "fcf_margin_change": 0.5832042578418746
    },
    {
      "date": "2021-12-31T00:00:00",
      "quarter_label": "2021-12 (Q4)",
      "revenue": 463261000,
      "gross_profit": null,
      "operating_income": 161607000,
      "net_income": -19376000,
      "opex": 301651000,
      "cogs": null,
      "rd": null,
      "sga": null,
      "fcf": 84515000,
      "ocf": 84515000,
      "capex": null,
      "gross_margin": null,
      "op_margin": 0.34884654654719477,
      "fcf_margin": 0.182434955672936,
      "incr_op_margin_yoy": 1.0352923335023625,
      "rev_growth_yoy": 0.8365008007865151,
      "op_leverage_ratio": 0.8903714124887967,
      "fcf_margin_change": -0.12641374526711202
    },
    {
      "date": "2022-03-31T00:00:00",
      "quarter_label": "2022-03 (Q1)",
      "revenue": 598910000,
      "gross_profit": null,
      "operating_income": 262829000,
      "net_income": -85000000,
      "opex": 336081000,
      "cogs": null,
      "rd": null,
      "sga": null,
      "fcf": 137291000,
      "ocf": 137291000,
      "capex": null,
      "gross_margin": null,
      "op_margin": 0.43884556945116965,
      "fcf_margin": 0.22923477651066104,
      "incr_op_margin_yoy": 0.6218964597046789,
      "rev_growth_yoy": 0.8841942993770843,
      "rev_growth_yoy_accel": 0.04769349859056915,
      "op_leverage_ratio": 2.5654207483997706,
      "fcf_margin_change": 0.04679982083772505
    },
    {
      "date": "2022-06-30T00:00:00",
      "quarter_label": "2022-06 (Q2)",
      "revenue": 908434000,
      "gross_profit": null,
      "operating_income": 499841000,
      "net_income": 54523000,
      "opex": 408593000,
      "cogs": null,
      "rd": null,
      "sga": null,
      "fcf": 261163000,
      "ocf": 261163000,
      "capex": null,
      "gross_margin": null,
      "op_margin": 0.5502226909164563,
      "fcf_margin": 0.2874870381337555,
      "incr_op_margin_yoy": 0.6905675907481187,
      "rev_growth_yoy": 1.7517462817677885,
      "rev_growth_yoy_accel": 0.8675519823907042,
      "op_leverage_ratio": 2.39533820555489,
      "fcf_margin_change": 0.05825226162309444
    },
    {
      "date": "2022-09-30T00:00:00",
      "quarter_label": "2022-09 (Q3)",
      "revenue": 864957000,
      "gross_profit": null,
      "operating_income": 417567000,
      "net_income": 118361000,
      "opex": 447390000,
      "cogs": null,
      "rd": null,
      "sga": null,
      "fcf": 398900000,
      "ocf": 398900000,
      "capex": null,
      "gross_margin": null,
      "op_margin": 0.48276041467957365,
      "fcf_margin": 0.4611789950251862,
      "incr_op_margin_yoy": 0.5688008156544766,
      "rev_growth_yoy": 1.3650410416541345,
      "rev_growth_yoy_accel": -0.3867052401136539,
      "fcf_margin_change": 0.17369195689143074
    },
    {
      "date": "2022-12-31T00:00:00",
      "quarter_label": "2022-12 (Q4)",
      "revenue": 684764000,
      "gross_profit": null,
      "operating_income": 103928000,
      "net_income": 8790000,
      "opex": 580836000,
      "cogs": null,
      "rd": null,
      "sga": null,
      "fcf": 215018000,
      "ocf": 215018000,
      "capex": null,
      "gross_margin": null,
      "op_margin": 0.15177199735967428,
      "fcf_margin": 0.31400307259143295,
      "incr_op_margin_yoy": -0.26039827903008084,
      "rev_growth_yoy": 0.4781386734475814,
      "rev_growth_yoy_accel": -0.8869023682065531,
      "fcf_margin_change": -0.14717592243375327
    },
    {
      "date": "2023-03-31T00:00:00",
      "quarter_label": "2023-03 (Q1)",
      "revenue": 590137000,
      "gross_profit": null,
      "operating_income": 150568000,
      "net_income": 59794000,
      "opex": 439569000,
      "cogs": null,
      "rd": null,
      "sga": null,
      "fcf": 240090000,
      "ocf": 240090000,
      "capex": null,
      "gross_margin": null,
      "op_margin": 0.2551407554517002,
      "fcf_margin": 0.4068377342888177,
      "incr_op_margin_yoy": 12.796192864470534,
      "rev_growth_yoy": -0.014648277704496502,
      "rev_growth_yoy_accel": -0.4927869511520779,
      "fcf_margin_change": 0.09283466169738475
    },
    {
      "date": "2023-06-30T00:00:00",
      "quarter_label": "2023-06 (Q2)",
      "revenue": 492339000,
      "gross_profit": null,
      "operating_income": 64037000,
      "net_income": 5151000,
      "opex": 428302000,
      "cogs": null,
      "rd": null,
      "sga": null,
      "fcf": 183466000,
      "ocf": 183466000,
      "capex": null,
      "gross_margin": null,
      "op_margin": 0.1300668848090442,
      "fcf_margin": 0.3726416148223074,
      "incr_op_margin_yoy": 1.0473665869573054,
      "rev_growth_yoy": -0.45803547643527215,
      "rev_growth_yoy_accel": -0.44338719873077564,
      "fcf_margin_change": -0.0341961194665103
    },
    {
      "date": "2023-09-30T00:00:00",
      "quarter_label": "2023-09 (Q3)",
      "revenue": 642398000,
      "gross_profit": null,
      "operating_income": 141534000,
      "net_income": -52870000,
      "opex": 500864000,
      "cogs": null,
      "rd": null,
      "sga": null,
      "fcf": 189344000,
      "ocf": 189344000,
      "capex": null,
      "gross_margin": null,
      "op_margin": 0.22032135841020675,
      "fcf_margin": 0.2947456249863792,
      "incr_op_margin_yoy": 1.2402688725236903,
      "rev_growth_yoy": -0.25730643257410485,
      "rev_growth_yoy_accel": 0.2007290438611673,
      "op_leverage_ratio": 1.7990310814536485,
      "fcf_margin_change": -0.07789598983592821
    },
    {
      "date": "2023-12-31T00:00:00",
      "quarter_label": "2023-12 (Q4)",
      "revenue": 657728000,
      "gross_profit": null,
      "operating_income": -31399000,
      "net_income": 55535000,
      "opex": 689127000,
      "cogs": null,
      "rd": null,
      "sga": null,
      "fcf": 322869000,
      "ocf": 322869000,
      "capex": null,
      "gross_margin": null,
      "op_margin": -0.04773857886542766,
      "fcf_margin": 0.49088528996788944,
      "incr_op_margin_yoy": 5.005437194851309,
      "rev_growth_yoy": -0.03948221577068888,
      "rev_growth_yoy_accel": 0.21782421680341596,
      "op_leverage_ratio": 0.06348817120502452,
      "fcf_margin_change": 0.19613966498151025
    },
    {
      "date": "2024-03-31T00:00:00",
      "quarter_label": "2024-03 (Q1)",
      "revenue": 657473000,
      "gross_profit": null,
      "operating_income": 134020000,
      "net_income": -24168000,
      "opex": 523453000,
      "cogs": null,
      "rd": null,
      "sga": null,
      "fcf": 183770000,
      "ocf": 183770000,
      "capex": null,
      "gross_margin": null,
      "op_margin": 0.2038410702796921,
      "fcf_margin": 0.27950957681912414,
      "incr_op_margin_yoy": -0.24575264345966497,
      "rev_growth_yoy": 0.1141023186141523,
      "rev_growth_yoy_accel": 0.15358453438484118,
      "fcf_margin_change": -0.2113757131487653
    },
    {
      "date": "2024-06-30T00:00:00",
      "quarter_label": "2024-06 (Q2)",
      "revenue": 653283000,
      "gross_profit": null,
      "operating_income": 119384000,
      "net_income": 37547000,
      "opex": 533899000,
      "cogs": null,
      "rd": null,
      "sga": null,
      "fcf": 286926000,
      "ocf": 286926000,
      "capex": null,
      "gross_margin": null,
      "op_margin": 0.1827446910450754,
      "fcf_margin": 0.4392062857903849,
      "incr_op_margin_yoy": 0.3438898001789442,
      "rev_growth_yoy": 0.3268967114122586,
      "rev_growth_yoy_accel": 0.2127943927981063,
      "fcf_margin_change": 0.15969670897126076
    },
    {
      "date": "2024-09-30T00:00:00",
      "quarter_label": "2024-09 (Q3)",
      "revenue": 744874000,
      "gross_profit": null,
      "operating_income": -7422000,
      "net_income": -9945000,
      "opex": 752296000,
      "cogs": null,
      "rd": null,
      "sga": null,
      "fcf": 367956000,
      "ocf": 367956000,
      "capex": null,
      "gross_margin": null,
      "op_margin": -0.009964101311094225,
      "fcf_margin": 0.49398421746496723,
      "incr_op_margin_yoy": -1.453569616300402,
      "rev_growth_yoy": 0.15952104458606658,
      "rev_growth_yoy_accel": -0.16737566682619204,
      "op_leverage_ratio": 0.34273928214439986,
      "fcf_margin_change": 0.054777931674582336
    },
    {
      "date": "2024-12-31T00:00:00",
      "quarter_label": "2024-12 (Q4)",
      "revenue": 875289000,
      "gross_profit": null,
      "operating_income": -27520000,
      "net_income": -118039000,
      "opex": 902809000,
      "cogs": null,
      "rd": null,
      "sga": null,
      "fcf": 384434000,
      "ocf": 384434000,
      "capex": null,
      "gross_margin": null,
      "op_margin": -0.031441044043738695,
      "fcf_margin": 0.4392080787031483,
      "incr_op_margin_yoy": 0.01782948230611185,
      "rev_growth_yoy": 0.33077655200934125,
      "rev_growth_yoy_accel": 0.17125550742327467,
      "op_leverage_ratio": 0.8751036008350532,
      "fcf_margin_change": -0.054776138761818916
    },
    {
      "date": "2025-03-31T00:00:00",
      "quarter_label": "2025-03 (Q1)",
      "revenue": 950172000,
      "gross_profit": null,
      "operating_income": 172227000,
      "net_income": -2150000,
      "opex": 777945000,
      "cogs": null,
      "rd": null,
      "sga": null,
      "fcf": 337114000,
      "ocf": 337114000,
      "capex": null,
      "gross_margin": null,
      "op_margin": 0.18125876157158916,
      "fcf_margin": 0.3547926059702875,
      "incr_op_margin_yoy": 0.13053341487329986,
      "rev_growth_yoy": 0.4451878632278436,
      "rev_growth_yoy_accel": 0.11441131121850234,
      "op_leverage_ratio": Infinity,
      "fcf_margin_change": -0.08441547273286082
    },
    {
      "date": "2025-06-30T00:00:00",
      "quarter_label": "2025-06 (Q2)",
      "revenue": 897983000,
      "gross_profit": null,
      "operating_income": 79635000,
      "net_income": 153221000,
      "opex": 818348000,
      "cogs": null,
      "rd": null,
      "sga": null,
      "fcf": 498966000,
      "ocf": 498966000,
      "capex": null,
      "gross_margin": null,
      "op_margin": 0.08868207972756723,
      "fcf_margin": 0.5556519444132015,
      "incr_op_margin_yoy": -0.16243972210870453,
      "rev_growth_yoy": 0.3745696734799467,
      "rev_growth_yoy_accel": -0.07061818974789691,
      "fcf_margin_change": 0.20085933844291404
    },
    {
      "date": "2025-09-30T00:00:00",
      "quarter_label": "2025-09 (Q3)",
      "revenue": 866579000,
      "gross_profit": null,
      "operating_income": 30801000,
      "net_income": -9507000,
      "opex": 835778000,
      "cogs": null,
      "rd": null,
      "sga": null,
      "fcf": 473060000,
      "ocf": 473060000,
      "capex": null,
      "gross_margin": null,
      "op_margin": 0.03554321071708407,
      "fcf_margin": 0.5458936807838639,
      "incr_op_margin_yoy": 0.3140626925763116,
      "rev_growth_yoy": 0.16339004986078182,
      "rev_growth_yoy_accel": -0.21117962361916487,
      "fcf_margin_change": -0.009758263629337627
    }
  ],
  "signals": [
    {
      "quarter": "2025-09 (Q3)",
      "signal": "YoY REVENUE GROWTH DECELERATION",
      "detail": "YoY growth: +16.3% vs prior quarter YoY: +37.5% (decel: -21.1%)",
      "severity": "WARNING"
    },
    {
      "quarter": "2025-09 (Q3)",
      "signal": "OP MARGIN TURNED POSITIVE (YoY)",
      "detail": "Op margin: -1.0% (year-ago) -> +3.6%",
      "severity": "HIGH"
    },
    {
      "quarter": "2025-06 (Q2)",
      "signal": "FCF MARGIN EXPANSION",
      "detail": "FCF margin: +35.5% -> +55.6% (+20.1%)",
      "severity": "MEDIUM"
    },
    {
      "quarter": "2025-06 (Q2)",
      "signal": "YoY REVENUE GROWTH DECELERATION",
      "detail": "YoY growth: +37.5% vs prior quarter YoY: +44.5% (decel: -7.1%)",
      "severity": "WARNING"
    },
    {
      "quarter": "2025-03 (Q1)",
      "signal": "YoY REVENUE GROWTH ACCELERATION",
      "detail": "YoY growth: +44.5% vs prior quarter YoY: +33.1% (accel: +11.4%)",
      "severity": "MEDIUM"
    },
    {
      "quarter": "2025-03 (Q1)",
      "signal": "OP MARGIN TURNED POSITIVE (QoQ)",
      "detail": "Op margin: -3.1% -> +18.1%",
      "severity": "HIGH"
    },
    {
      "quarter": "2024-12 (Q4)",
      "signal": "YoY REVENUE GROWTH ACCELERATION",
      "detail": "YoY growth: +33.1% vs prior quarter YoY: +16.0% (accel: +17.1%)",
      "severity": "HIGH"
    },
    {
      "quarter": "2024-09 (Q3)",
      "signal": "FCF MARGIN EXPANSION",
      "detail": "FCF margin: +43.9% -> +49.4% (+5.5%)",
      "severity": "MEDIUM"
    },
    {
      "quarter": "2024-09 (Q3)",
      "signal": "YoY REVENUE GROWTH DECELERATION",
      "detail": "YoY growth: +16.0% vs prior quarter YoY: +32.7% (decel: -16.7%)",
      "severity": "WARNING"
    },
    {
      "quarter": "2024-06 (Q2)",
      "signal": "FCF MARGIN EXPANSION",
      "detail": "FCF margin: +28.0% -> +43.9% (+16.0%)",
      "severity": "MEDIUM"
    },
    {
      "quarter": "2024-06 (Q2)",
      "signal": "YoY REVENUE GROWTH ACCELERATION",
      "detail": "YoY growth: +32.7% vs prior quarter YoY: +11.4% (accel: +21.3%)",
      "severity": "HIGH"
    },
    {
      "quarter": "2024-06 (Q2)",
      "signal": "INCREMENTAL MARGIN (YoY)",
      "detail": "YoY Incr OPM: +34.4% vs year-ago OPM: +13.0%",
      "severity": "HIGH"
    },
    {
      "quarter": "2024-03 (Q1)",
      "signal": "YoY REVENUE GROWTH ACCELERATION",
      "detail": "YoY growth: +11.4% vs prior quarter YoY: -3.9% (accel: +15.4%)",
      "severity": "HIGH"
    },
    {
      "quarter": "2024-03 (Q1)",
      "signal": "OP MARGIN TURNED POSITIVE (QoQ)",
      "detail": "Op margin: -4.8% -> +20.4%",
      "severity": "HIGH"
    },
    {
      "quarter": "2023-12 (Q4)",
      "signal": "FCF MARGIN EXPANSION",
      "detail": "FCF margin: +29.5% -> +49.1% (+19.6%)",
      "severity": "MEDIUM"
    },
    {
      "quarter": "2023-12 (Q4)",
      "signal": "YoY REVENUE GROWTH ACCELERATION",
      "detail": "YoY growth: -3.9% vs prior quarter YoY: -25.7% (accel: +21.8%)",
      "severity": "HIGH"
    },
    {
      "quarter": "2023-09 (Q3)",
      "signal": "OPERATING LEVERAGE",
      "detail": "Rev growth +30.5% vs OpEx growth +16.9% (leverage: 1.8x)",
      "severity": "MEDIUM"
    },
    {
      "quarter": "2023-09 (Q3)",
      "signal": "YoY REVENUE GROWTH ACCELERATION",
      "detail": "YoY growth: -25.7% vs prior quarter YoY: -45.8% (accel: +20.1%)",
      "severity": "HIGH"
    },
    {
      "quarter": "2023-09 (Q3)",
      "signal": "INCREMENTAL MARGIN (YoY)",
      "detail": "YoY Incr OPM: +124.0% vs year-ago OPM: +48.3%",
      "severity": "HIGH"
    },
    {
      "quarter": "2023-06 (Q2)",
      "signal": "YoY REVENUE GROWTH DECELERATION",
      "detail": "YoY growth: -45.8% vs prior quarter YoY: -1.5% (decel: -44.3%)",
      "severity": "WARNING"
    },
    {
      "quarter": "2023-06 (Q2)",
      "signal": "INCREMENTAL MARGIN (YoY)",
      "detail": "YoY Incr OPM: +104.7% vs year-ago OPM: +55.0%",
      "severity": "HIGH"
    },
    {
      "quarter": "2023-03 (Q1)",
      "signal": "FCF MARGIN EXPANSION",
      "detail": "FCF margin: +31.4% -> +40.7% (+9.3%)",
      "severity": "MEDIUM"
    },
    {
      "quarter": "2023-03 (Q1)",
      "signal": "YoY REVENUE GROWTH DECELERATION",
      "detail": "YoY growth: -1.5% vs prior quarter YoY: +47.8% (decel: -49.3%)",
      "severity": "WARNING"
    },
    {
      "quarter": "2023-03 (Q1)",
      "signal": "INCREMENTAL MARGIN (YoY)",
      "detail": "YoY Incr OPM: +1279.6% vs year-ago OPM: +43.9%",
      "severity": "HIGH"
    },
    {
      "quarter": "2022-12 (Q4)",
      "signal": "YoY REVENUE GROWTH DECELERATION",
      "detail": "YoY growth: +47.8% vs prior quarter YoY: +136.5% (decel: -88.7%)",
      "severity": "WARNING"
    },
    {
      "quarter": "2022-09 (Q3)",
      "signal": "FCF MARGIN EXPANSION",
      "detail": "FCF margin: +28.7% -> +46.1% (+17.4%)",
      "severity": "MEDIUM"
    },
    {
      "quarter": "2022-09 (Q3)",
      "signal": "YoY REVENUE GROWTH DECELERATION",
      "detail": "YoY growth: +136.5% vs prior quarter YoY: +175.2% (decel: -38.7%)",
      "severity": "WARNING"
    },
    {
      "quarter": "2022-09 (Q3)",
      "signal": "INCREMENTAL MARGIN (YoY)",
      "detail": "YoY Incr OPM: +56.9% vs year-ago OPM: +36.5%",
      "severity": "HIGH"
    },
    {
      "quarter": "2022-06 (Q2)",
      "signal": "FCF MARGIN EXPANSION",
      "detail": "FCF margin: +22.9% -> +28.7% (+5.8%)",
      "severity": "MEDIUM"
    },
    {
      "quarter": "2022-06 (Q2)",
      "signal": "OPERATING LEVERAGE",
      "detail": "Rev growth +51.7% vs OpEx growth +21.6% (leverage: 2.4x)",
      "severity": "MEDIUM"
    },
    {
      "quarter": "2022-06 (Q2)",
      "signal": "YoY REVENUE GROWTH ACCELERATION",
      "detail": "YoY growth: +175.2% vs prior quarter YoY: +88.4% (accel: +86.8%)",
      "severity": "HIGH"
    },
    {
      "quarter": "2022-06 (Q2)",
      "signal": "INCREMENTAL MARGIN (YoY)",
      "detail": "YoY Incr OPM: +69.1% vs year-ago OPM: +30.4%",
      "severity": "HIGH"
    },
    {
      "quarter": "2022-03 (Q1)",
      "signal": "OPERATING LEVERAGE",
      "detail": "Rev growth +29.3% vs OpEx growth +11.4% (leverage: 2.6x)",
      "severity": "MEDIUM"
    },
    {
      "quarter": "2022-03 (Q1)",
      "signal": "INCREMENTAL MARGIN (YoY)",
      "detail": "YoY Incr OPM: +62.2% vs year-ago OPM: +27.7%",
      "severity": "HIGH"
    },
    {
      "quarter": "2021-12 (Q4)",
      "signal": "OP MARGIN TURNED POSITIVE (YoY)",
      "detail": "Op margin: -22.5% (year-ago) -> +34.9%",
      "severity": "HIGH"
    },
    {
      "quarter": "2021-09 (Q3)",
      "signal": "FCF TURNED POSITIVE",
      "detail": "FCF margin: -27.4% -> +30.9%",
      "severity": "HIGH"
    },
    {
      "quarter": "2021-09 (Q3)",
      "signal": "OPERATING LEVERAGE",
      "detail": "Rev growth +10.8% vs OpEx growth +1.1% (leverage: 10.0x)",
      "severity": "MEDIUM"
    },
    {
      "quarter": "2021-03 (Q1)",
      "signal": "OP MARGIN TURNED POSITIVE (QoQ)",
      "detail": "Op margin: -22.5% -> +27.7%",
      "severity": "HIGH"
    }
  ],
  "data_quality": {
    "n_quarters": 20,
    "coverage": {
      "revenue": [
        20,
        20
      ],
      "gross_profit": [
        0,
        20
      ],
      "op_income": [
        20,
        20
      ],
      "fcf": [
        19,
        20
      ]
    },
    "gaps": [],
    "warnings": [
      "gross_profit: no data"
    ]
  },
  "market_cap": null,
  "source": "SEC EDGAR",
  "last_updated": "2026-02-02T21:22:20.473890"
}