{
  "ticker": "CRK",
  "name": "COMSTOCK RESOURCES, INC.",
  "quarters": [
    {
      "date": "2020-12-31T00:00:00",
      "quarter_label": "2020-12 (Q4)",
      "revenue": 274771000,
      "gross_profit": null,
      "operating_income": 102739000,
      "net_income": 81923000,
      "opex": 172032000,
      "cogs": null,
      "rd": null,
      "sga": null,
      "fcf": 8684000,
      "ocf": 185746000,
      "capex": -177062000,
      "gross_margin": null,
      "op_margin": 0.37390772679795176,
      "fcf_margin": 0.0316044997470621
    },
    {
      "date": "2021-03-31T00:00:00",
      "quarter_label": "2021-03 (Q1)",
      "revenue": 340485000,
      "gross_profit": null,
      "operating_income": 159726000,
      "net_income": -134125000,
      "opex": 180759000,
      "cogs": null,
      "rd": null,
      "sga": null,
      "fcf": 27521000,
      "ocf": 193272000,
      "capex": -165751000,
      "gross_margin": null,
      "op_margin": 0.46911317679192915,
      "fcf_margin": 0.08082881771590525,
      "op_leverage_ratio": 4.714452577197135,
      "fcf_margin_change": 0.04922431796884315
    },
    {
      "date": "2021-06-30T00:00:00",
      "quarter_label": "2021-06 (Q2)",
      "revenue": 343693000,
      "gross_profit": null,
      "operating_income": 146496000,
      "net_income": -179695000,
      "opex": 197197000,
      "cogs": null,
      "rd": null,
      "sga": null,
      "fcf": 19283000,
      "ocf": 192311000,
      "capex": -173028000,
      "gross_margin": null,
      "op_margin": 0.42624086030265385,
      "fcf_margin": 0.056105303279380146,
      "fcf_margin_change": -0.024723514436525103
    },
    {
      "date": "2021-09-30T00:00:00",
      "quarter_label": "2021-09 (Q3)",
      "revenue": 511176000,
      "gross_profit": null,
      "operating_income": 295746000,
      "net_income": -288306000,
      "opex": 215430000,
      "cogs": null,
      "rd": null,
      "sga": null,
      "fcf": 63698000,
      "ocf": 232970000,
      "capex": -169272000,
      "gross_margin": null,
      "op_margin": 0.5785600262923142,
      "fcf_margin": 0.1246107015978841,
      "op_leverage_ratio": 5.2703834801695075,
      "fcf_margin_change": 0.06850539831850394
    },
    {
      "date": "2021-12-31T00:00:00",
      "quarter_label": "2021-12 (Q4)",
      "revenue": 655376000,
      "gross_profit": null,
      "operating_income": 298806000,
      "net_income": 360401000,
      "opex": 356570000,
      "cogs": null,
      "rd": null,
      "sga": null,
      "fcf": 59433000,
      "ocf": 242387000,
      "capex": -182954000,
      "gross_margin": null,
      "op_margin": 0.45593064134176414,
      "fcf_margin": 0.09068534703742584,
      "incr_op_margin_yoy": 0.5151456234153519,
      "rev_growth_yoy": 1.3851716520302362,
      "op_leverage_ratio": 0.4305770455480253,
      "fcf_margin_change": -0.033925354560458254
    },
    {
      "date": "2022-03-31T00:00:00",
      "quarter_label": "2022-03 (Q1)",
      "revenue": 524841000,
      "gross_profit": null,
      "operating_income": 336772000,
      "net_income": -111424000,
      "opex": 188069000,
      "cogs": null,
      "rd": null,
      "sga": null,
      "fcf": 72341000,
      "ocf": 285618000,
      "capex": -213277000,
      "gross_margin": null,
      "op_margin": 0.6416648089611902,
      "fcf_margin": 0.13783412500166717,
      "incr_op_margin_yoy": 0.9603484562476947,
      "rev_growth_yoy": 0.5414511652495705,
      "rev_growth_yoy_accel": -0.8437204867806657,
      "fcf_margin_change": 0.04714877796424133
    },
    {
      "date": "2022-06-30T00:00:00",
      "quarter_label": "2022-06 (Q2)",
      "revenue": 946254000,
      "gross_profit": null,
      "operating_income": 649117000,
      "net_income": 376891000,
      "opex": 297137000,
      "cogs": null,
      "rd": null,
      "sga": null,
      "fcf": 108739000,
      "ocf": 410916000,
      "capex": -302177000,
      "gross_margin": null,
      "op_margin": 0.6859860037579761,
      "fcf_margin": 0.11491523417602462,
      "incr_op_margin_yoy": 0.8341412736635793,
      "rev_growth_yoy": 1.7531954389527864,
      "rev_growth_yoy_accel": 1.211744273703216,
      "op_leverage_ratio": 1.3845225718014265,
      "fcf_margin_change": -0.02291889082564255
    },
    {
      "date": "2022-09-30T00:00:00",
      "quarter_label": "2022-09 (Q3)",
      "revenue": 1190005000,
      "gross_profit": null,
      "operating_income": 771078000,
      "net_income": 355596000,
      "opex": 418927000,
      "cogs": null,
      "rd": null,
      "sga": null,
      "fcf": 533522000,
      "ocf": 533522000,
      "capex": null,
      "gross_margin": null,
      "op_margin": 0.6479619833530111,
      "fcf_margin": 0.4483359313616329,
      "incr_op_margin_yoy": 0.7002234730690645,
      "rev_growth_yoy": 1.3279751005524516,
      "rev_growth_yoy_accel": -0.4252203384003348,
      "op_leverage_ratio": 0.628468885770503,
      "fcf_margin_change": 0.3334206971856083
    },
    {
      "date": "2022-12-31T00:00:00",
      "quarter_label": "2022-12 (Q4)",
      "revenue": 922384000,
      "gross_profit": null,
      "operating_income": 520616000,
      "net_income": 519819000,
      "opex": 401768000,
      "cogs": null,
      "rd": null,
      "sga": null,
      "fcf": 468332000,
      "ocf": 468332000,
      "capex": null,
      "gross_margin": null,
      "op_margin": 0.5644243612204896,
      "fcf_margin": 0.507740810768617,
      "incr_op_margin_yoy": 0.8307241730584851,
      "rev_growth_yoy": 0.4074119284197163,
      "rev_growth_yoy_accel": -0.9205631721327353,
      "fcf_margin_change": 0.05940487940698408
    },
    {
      "date": "2023-03-31T00:00:00",
      "quarter_label": "2023-03 (Q1)",
      "revenue": 489578000,
      "gross_profit": null,
      "operating_income": 145620000,
      "net_income": 134503000,
      "opex": 343958000,
      "cogs": null,
      "rd": null,
      "sga": null,
      "fcf": 15411000,
      "ocf": 386364000,
      "capex": -370953000,
      "gross_margin": null,
      "op_margin": 0.29743983594034046,
      "fcf_margin": 0.031478130144736896,
      "incr_op_margin_yoy": 5.420752630235658,
      "rev_growth_yoy": -0.06718796740346124,
      "rev_growth_yoy_accel": -0.4745998958231775,
      "fcf_margin_change": -0.4762626806238801
    },
    {
      "date": "2023-06-30T00:00:00",
      "quarter_label": "2023-06 (Q2)",
      "revenue": 288211000,
      "gross_profit": null,
      "operating_income": -17067000,
      "net_income": -45706000,
      "opex": 305278000,
      "cogs": null,
      "rd": null,
      "sga": null,
      "fcf": -41395000,
      "ocf": 331510000,
      "capex": -372905000,
      "gross_margin": null,
      "op_margin": -0.05921703196616368,
      "fcf_margin": -0.14362741186144873,
      "incr_op_margin_yoy": 1.0123715319515594,
      "rev_growth_yoy": -0.6954189889818168,
      "rev_growth_yoy_accel": -0.6282310215783555,
      "fcf_margin_change": -0.1751055420061856
    },
    {
      "date": "2023-09-30T00:00:00",
      "quarter_label": "2023-09 (Q3)",
      "revenue": 376737000,
      "gross_profit": null,
      "operating_income": 47267000,
      "net_income": 14720000,
      "opex": 329470000,
      "cogs": null,
      "rd": null,
      "sga": null,
      "fcf": -274310000,
      "ocf": 70765000,
      "capex": -345075000,
      "gross_margin": null,
      "op_margin": 0.12546418323658148,
      "fcf_margin": -0.7281206783512105,
      "incr_op_margin_yoy": 0.8900030494252817,
      "rev_growth_yoy": -0.6834156159007735,
      "rev_growth_yoy_accel": 0.012003373081043267,
      "op_leverage_ratio": 3.876002272314675,
      "fcf_margin_change": -0.5844932664897617
    },
    {
      "date": "2023-12-31T00:00:00",
      "quarter_label": "2023-12 (Q4)",
      "revenue": 410583000,
      "gross_profit": null,
      "operating_income": 50777000,
      "net_income": 107600000,
      "opex": 359806000,
      "cogs": null,
      "rd": null,
      "sga": null,
      "fcf": -107946000,
      "ocf": 228207000,
      "capex": -336153000,
      "gross_margin": null,
      "op_margin": 0.12367048806209707,
      "fcf_margin": -0.26290908293816356,
      "incr_op_margin_yoy": 0.918011101971274,
      "rev_growth_yoy": -0.5548676039480304,
      "rev_growth_yoy_accel": 0.12854801195274312,
      "op_leverage_ratio": 0.9757232085368757,
      "fcf_margin_change": 0.46521159541304696
    },
    {
      "date": "2024-03-31T00:00:00",
      "quarter_label": "2024-03 (Q1)",
      "revenue": 335772000,
      "gross_profit": null,
      "operating_income": -12847000,
      "net_income": -16321000,
      "opex": 348619000,
      "cogs": null,
      "rd": null,
      "sga": null,
      "fcf": -179931000,
      "ocf": 171539000,
      "capex": -351470000,
      "gross_margin": null,
      "op_margin": -0.03826108192463934,
      "fcf_margin": -0.5358725563775419,
      "incr_op_margin_yoy": 1.0303044094508667,
      "rev_growth_yoy": -0.3141603585128417,
      "rev_growth_yoy_accel": 0.24070724543518868,
      "fcf_margin_change": -0.2729634734393784
    },
    {
      "date": "2024-06-30T00:00:00",
      "quarter_label": "2024-06 (Q2)",
      "revenue": 246830000,
      "gross_profit": null,
      "operating_income": -92493000,
      "net_income": -126310000,
      "opex": 339323000,
      "cogs": null,
      "rd": null,
      "sga": null,
      "fcf": -153163000,
      "ocf": 83575000,
      "capex": -236738000,
      "gross_margin": null,
      "op_margin": -0.37472349390268606,
      "fcf_margin": -0.6205201960863752,
      "incr_op_margin_yoy": 1.8227205722433,
      "rev_growth_yoy": -0.14357883633865468,
      "rev_growth_yoy_accel": 0.170581522174187,
      "fcf_margin_change": -0.08464763970883327
    },
    {
      "date": "2024-09-30T00:00:00",
      "quarter_label": "2024-09 (Q3)",
      "revenue": 304472000,
      "gross_profit": null,
      "operating_income": -61335000,
      "net_income": -28891000,
      "opex": 365807000,
      "cogs": null,
      "rd": null,
      "sga": null,
      "fcf": -131148000,
      "ocf": 98170000,
      "capex": -229318000,
      "gross_margin": null,
      "op_margin": -0.20144709529940355,
      "fcf_margin": -0.430739115583699,
      "incr_op_margin_yoy": 1.5028298623123226,
      "rev_growth_yoy": -0.19181816492672607,
      "rev_growth_yoy_accel": -0.048239328588071395,
      "op_leverage_ratio": 2.9920635717995254,
      "fcf_margin_change": 0.18978108050267622
    },
    {
      "date": "2024-12-31T00:00:00",
      "quarter_label": "2024-12 (Q4)",
      "revenue": 367381000,
      "gross_profit": null,
      "operating_income": -1940000,
      "net_income": -58129000,
      "opex": 369321000,
      "cogs": null,
      "rd": null,
      "sga": null,
      "fcf": -12899000,
      "ocf": 267053000,
      "capex": -279952000,
      "gross_margin": null,
      "op_margin": -0.005280621480152757,
      "fcf_margin": -0.03511068890334557,
      "incr_op_margin_yoy": 1.220244433128096,
      "rev_growth_yoy": -0.1052211124181956,
      "rev_growth_yoy_accel": 0.08659705250853048,
      "op_leverage_ratio": 21.50877499094769,
      "fcf_margin_change": 0.3956284266803534
    },
    {
      "date": "2025-03-31T00:00:00",
      "quarter_label": "2025-03 (Q1)",
      "revenue": 512854000,
      "gross_profit": null,
      "operating_income": 126168000,
      "net_income": -121278000,
      "opex": 386686000,
      "cogs": null,
      "rd": null,
      "sga": null,
      "fcf": -123246000,
      "ocf": 174746000,
      "capex": -297992000,
      "gross_margin": null,
      "op_margin": 0.24601153544673532,
      "fcf_margin": -0.24031400749531057,
      "incr_op_margin_yoy": 0.7850317931805604,
      "rev_growth_yoy": 0.5273876320836758,
      "rev_growth_yoy_accel": 0.6326087445018713,
      "op_leverage_ratio": 8.421605980338743,
      "fcf_margin_change": -0.205203318591965
    },
    {
      "date": "2025-06-30T00:00:00",
      "quarter_label": "2025-06 (Q2)",
      "revenue": 470262000,
      "gross_profit": null,
      "operating_income": 89446000,
      "net_income": 124842000,
      "opex": 380816000,
      "cogs": null,
      "rd": null,
      "sga": null,
      "fcf": 3229000,
      "ocf": 347564000,
      "capex": -344335000,
      "gross_margin": null,
      "op_margin": 0.1902046093454287,
      "fcf_margin": 0.00686638512148547,
      "incr_op_margin_yoy": 0.8142924916753196,
      "rev_growth_yoy": 0.9052060122351416,
      "rev_growth_yoy_accel": 0.37781838015146585,
      "fcf_margin_change": 0.24718039261679603
    },
    {
      "date": "2025-09-30T00:00:00",
      "quarter_label": "2025-09 (Q3)",
      "revenue": 449852000,
      "gross_profit": null,
      "operating_income": 50213000,
      "net_income": 111128000,
      "opex": 399639000,
      "cogs": null,
      "rd": null,
      "sga": null,
      "fcf": -188408000,
      "ocf": 153093000,
      "capex": -341501000,
      "gross_margin": null,
      "op_margin": 0.11162115540222117,
      "fcf_margin": -0.41882219040929014,
      "incr_op_margin_yoy": 0.7672857339386435,
      "rev_growth_yoy": 0.4774823300664757,
      "rev_growth_yoy_accel": -0.4277236821686659,
      "fcf_margin_change": -0.4256885755307756
    }
  ],
  "signals": [
    {
      "quarter": "2025-09 (Q3)",
      "signal": "YoY REVENUE GROWTH DECELERATION",
      "detail": "YoY growth: +47.7% vs prior quarter YoY: +90.5% (decel: -42.8%)",
      "severity": "WARNING"
    },
    {
      "quarter": "2025-09 (Q3)",
      "signal": "OP MARGIN TURNED POSITIVE (YoY)",
      "detail": "Op margin: -20.1% (year-ago) -> +11.2%",
      "severity": "HIGH"
    },
    {
      "quarter": "2025-06 (Q2)",
      "signal": "FCF TURNED POSITIVE",
      "detail": "FCF margin: -24.0% -> +0.7%",
      "severity": "HIGH"
    },
    {
      "quarter": "2025-06 (Q2)",
      "signal": "YoY REVENUE GROWTH ACCELERATION",
      "detail": "YoY growth: +90.5% vs prior quarter YoY: +52.7% (accel: +37.8%)",
      "severity": "HIGH"
    },
    {
      "quarter": "2025-06 (Q2)",
      "signal": "OP MARGIN TURNED POSITIVE (YoY)",
      "detail": "Op margin: -37.5% (year-ago) -> +19.0%",
      "severity": "HIGH"
    },
    {
      "quarter": "2025-03 (Q1)",
      "signal": "OPERATING LEVERAGE",
      "detail": "Rev growth +39.6% vs OpEx growth +4.7% (leverage: 8.4x)",
      "severity": "MEDIUM"
    },
    {
      "quarter": "2025-03 (Q1)",
      "signal": "YoY REVENUE GROWTH ACCELERATION",
      "detail": "YoY growth: +52.7% vs prior quarter YoY: -10.5% (accel: +63.3%)",
      "severity": "HIGH"
    },
    {
      "quarter": "2025-03 (Q1)",
      "signal": "OP MARGIN TURNED POSITIVE (YoY)",
      "detail": "Op margin: -3.8% (year-ago) -> +24.6%",
      "severity": "HIGH"
    },
    {
      "quarter": "2025-03 (Q1)",
      "signal": "OP MARGIN TURNED POSITIVE (QoQ)",
      "detail": "Op margin: -0.5% -> +24.6%",
      "severity": "HIGH"
    },
    {
      "quarter": "2024-12 (Q4)",
      "signal": "FCF MARGIN EXPANSION",
      "detail": "FCF margin: -43.1% -> -3.5% (+39.6%)",
      "severity": "MEDIUM"
    },
    {
      "quarter": "2024-12 (Q4)",
      "signal": "OPERATING LEVERAGE",
      "detail": "Rev growth +20.7% vs OpEx growth +1.0% (leverage: 21.5x)",
      "severity": "MEDIUM"
    },
    {
      "quarter": "2024-12 (Q4)",
      "signal": "YoY REVENUE GROWTH ACCELERATION",
      "detail": "YoY growth: -10.5% vs prior quarter YoY: -19.2% (accel: +8.7%)",
      "severity": "MEDIUM"
    },
    {
      "quarter": "2024-09 (Q3)",
      "signal": "FCF MARGIN EXPANSION",
      "detail": "FCF margin: -62.1% -> -43.1% (+19.0%)",
      "severity": "MEDIUM"
    },
    {
      "quarter": "2024-09 (Q3)",
      "signal": "OPERATING LEVERAGE",
      "detail": "Rev growth +23.4% vs OpEx growth +7.8% (leverage: 3.0x)",
      "severity": "MEDIUM"
    },
    {
      "quarter": "2024-06 (Q2)",
      "signal": "YoY REVENUE GROWTH ACCELERATION",
      "detail": "YoY growth: -14.4% vs prior quarter YoY: -31.4% (accel: +17.1%)",
      "severity": "HIGH"
    },
    {
      "quarter": "2024-03 (Q1)",
      "signal": "YoY REVENUE GROWTH ACCELERATION",
      "detail": "YoY growth: -31.4% vs prior quarter YoY: -55.5% (accel: +24.1%)",
      "severity": "HIGH"
    },
    {
      "quarter": "2023-12 (Q4)",
      "signal": "FCF MARGIN EXPANSION",
      "detail": "FCF margin: -72.8% -> -26.3% (+46.5%)",
      "severity": "MEDIUM"
    },
    {
      "quarter": "2023-12 (Q4)",
      "signal": "YoY REVENUE GROWTH ACCELERATION",
      "detail": "YoY growth: -55.5% vs prior quarter YoY: -68.3% (accel: +12.9%)",
      "severity": "MEDIUM"
    },
    {
      "quarter": "2023-12 (Q4)",
      "signal": "INCREMENTAL MARGIN (YoY)",
      "detail": "YoY Incr OPM: +91.8% vs year-ago OPM: +56.4%",
      "severity": "HIGH"
    },
    {
      "quarter": "2023-09 (Q3)",
      "signal": "OPERATING LEVERAGE",
      "detail": "Rev growth +30.7% vs OpEx growth +7.9% (leverage: 3.9x)",
      "severity": "MEDIUM"
    },
    {
      "quarter": "2023-09 (Q3)",
      "signal": "INCREMENTAL MARGIN (YoY)",
      "detail": "YoY Incr OPM: +89.0% vs year-ago OPM: +64.8%",
      "severity": "HIGH"
    },
    {
      "quarter": "2023-09 (Q3)",
      "signal": "OP MARGIN TURNED POSITIVE (QoQ)",
      "detail": "Op margin: -5.9% -> +12.5%",
      "severity": "HIGH"
    },
    {
      "quarter": "2023-06 (Q2)",
      "signal": "YoY REVENUE GROWTH DECELERATION",
      "detail": "YoY growth: -69.5% vs prior quarter YoY: -6.7% (decel: -62.8%)",
      "severity": "WARNING"
    },
    {
      "quarter": "2023-03 (Q1)",
      "signal": "YoY REVENUE GROWTH DECELERATION",
      "detail": "YoY growth: -6.7% vs prior quarter YoY: +40.7% (decel: -47.5%)",
      "severity": "WARNING"
    },
    {
      "quarter": "2023-03 (Q1)",
      "signal": "INCREMENTAL MARGIN (YoY)",
      "detail": "YoY Incr OPM: +542.1% vs year-ago OPM: +64.2%",
      "severity": "HIGH"
    },
    {
      "quarter": "2022-12 (Q4)",
      "signal": "FCF MARGIN EXPANSION",
      "detail": "FCF margin: +44.8% -> +50.8% (+5.9%)",
      "severity": "MEDIUM"
    },
    {
      "quarter": "2022-12 (Q4)",
      "signal": "YoY REVENUE GROWTH DECELERATION",
      "detail": "YoY growth: +40.7% vs prior quarter YoY: +132.8% (decel: -92.1%)",
      "severity": "WARNING"
    },
    {
      "quarter": "2022-12 (Q4)",
      "signal": "INCREMENTAL MARGIN (YoY)",
      "detail": "YoY Incr OPM: +83.1% vs year-ago OPM: +45.6%",
      "severity": "HIGH"
    },
    {
      "quarter": "2022-09 (Q3)",
      "signal": "FCF MARGIN EXPANSION",
      "detail": "FCF margin: +11.5% -> +44.8% (+33.3%)",
      "severity": "MEDIUM"
    },
    {
      "quarter": "2022-09 (Q3)",
      "signal": "YoY REVENUE GROWTH DECELERATION",
      "detail": "YoY growth: +132.8% vs prior quarter YoY: +175.3% (decel: -42.5%)",
      "severity": "WARNING"
    },
    {
      "quarter": "2022-09 (Q3)",
      "signal": "INCREMENTAL MARGIN (YoY)",
      "detail": "YoY Incr OPM: +70.0% vs year-ago OPM: +57.9%",
      "severity": "MEDIUM"
    },
    {
      "quarter": "2022-06 (Q2)",
      "signal": "YoY REVENUE GROWTH ACCELERATION",
      "detail": "YoY growth: +175.3% vs prior quarter YoY: +54.1% (accel: +121.2%)",
      "severity": "HIGH"
    },
    {
      "quarter": "2022-06 (Q2)",
      "signal": "INCREMENTAL MARGIN (YoY)",
      "detail": "YoY Incr OPM: +83.4% vs year-ago OPM: +42.6%",
      "severity": "HIGH"
    },
    {
      "quarter": "2022-03 (Q1)",
      "signal": "YoY REVENUE GROWTH DECELERATION",
      "detail": "YoY growth: +54.1% vs prior quarter YoY: +138.5% (decel: -84.4%)",
      "severity": "WARNING"
    },
    {
      "quarter": "2022-03 (Q1)",
      "signal": "INCREMENTAL MARGIN (YoY)",
      "detail": "YoY Incr OPM: +96.0% vs year-ago OPM: +46.9%",
      "severity": "HIGH"
    },
    {
      "quarter": "2021-12 (Q4)",
      "signal": "INCREMENTAL MARGIN (YoY)",
      "detail": "YoY Incr OPM: +51.5% vs year-ago OPM: +37.4%",
      "severity": "MEDIUM"
    },
    {
      "quarter": "2021-09 (Q3)",
      "signal": "FCF MARGIN EXPANSION",
      "detail": "FCF margin: +5.6% -> +12.5% (+6.9%)",
      "severity": "MEDIUM"
    },
    {
      "quarter": "2021-09 (Q3)",
      "signal": "OPERATING LEVERAGE",
      "detail": "Rev growth +48.7% vs OpEx growth +9.2% (leverage: 5.3x)",
      "severity": "MEDIUM"
    },
    {
      "quarter": "2021-03 (Q1)",
      "signal": "OPERATING LEVERAGE",
      "detail": "Rev growth +23.9% vs OpEx growth +5.1% (leverage: 4.7x)",
      "severity": "MEDIUM"
    }
  ],
  "data_quality": {
    "n_quarters": 20,
    "coverage": {
      "revenue": [
        20,
        20
      ],
      "gross_profit": [
        0,
        20
      ],
      "op_income": [
        20,
        20
      ],
      "fcf": [
        20,
        20
      ]
    },
    "gaps": [],
    "warnings": [
      "gross_profit: no data"
    ]
  },
  "market_cap": null,
  "source": "SEC EDGAR",
  "last_updated": "2026-02-02T20:53:12.220765"
}