{
  "ticker": "CRKN",
  "name": "CROWN ELECTROKINETICS CORP.",
  "quarters": [
    {
      "date": "2018-09-30T00:00:00",
      "quarter_label": "2018-09 (Q3)",
      "revenue": 153500,
      "gross_profit": 0,
      "operating_income": null,
      "net_income": null,
      "opex": null,
      "cogs": 153500,
      "rd": null,
      "sga": null,
      "fcf": null,
      "ocf": null,
      "capex": null,
      "gross_margin": 0.0,
      "op_margin": null,
      "fcf_margin": null
    },
    {
      "date": "2018-12-31T00:00:00",
      "quarter_label": "2018-12 (Q4)",
      "revenue": 163333,
      "gross_profit": 12333,
      "operating_income": null,
      "net_income": null,
      "opex": null,
      "cogs": 151000,
      "rd": null,
      "sga": null,
      "fcf": null,
      "ocf": null,
      "capex": null,
      "gross_margin": 0.07550831736391299,
      "op_margin": null,
      "fcf_margin": null
    },
    {
      "date": "2019-03-31T00:00:00",
      "quarter_label": "2019-03 (Q1)",
      "revenue": 31955,
      "gross_profit": -121545,
      "operating_income": null,
      "net_income": null,
      "opex": null,
      "cogs": 153500,
      "rd": null,
      "sga": null,
      "fcf": null,
      "ocf": null,
      "capex": null,
      "gross_margin": -3.803630104834924,
      "op_margin": null,
      "fcf_margin": null
    },
    {
      "date": "2019-12-31T00:00:00",
      "quarter_label": "2019-12 (Q4)",
      "revenue": 100000,
      "gross_profit": -53500,
      "operating_income": null,
      "net_income": null,
      "opex": 1912333,
      "cogs": 153500,
      "rd": null,
      "sga": 1428686,
      "fcf": null,
      "ocf": null,
      "capex": null,
      "gross_margin": -0.535,
      "op_margin": null,
      "fcf_margin": null,
      "rev_growth_yoy": -0.3877538525588828
    },
    {
      "date": "2020-03-31T00:00:00",
      "quarter_label": "2020-03 (Q1)",
      "revenue": 0,
      "gross_profit": -159500,
      "operating_income": -1625919,
      "net_income": -2302186,
      "opex": 1466419,
      "cogs": 159500,
      "rd": 271727,
      "sga": 1194692,
      "fcf": null,
      "ocf": null,
      "capex": null,
      "gross_margin": null,
      "op_margin": null,
      "fcf_margin": null,
      "rev_growth_yoy": -1.0,
      "rev_growth_yoy_accel": -0.6122461474411172
    },
    {
      "date": "2023-03-31T00:00:00",
      "quarter_label": "2023-03 (Q1)",
      "revenue": 22000,
      "gross_profit": -9000,
      "operating_income": -4126000,
      "net_income": -2300000,
      "opex": 4117000,
      "cogs": 31000,
      "rd": 541000,
      "sga": 3576000,
      "fcf": -4728000,
      "ocf": -4728000,
      "capex": null,
      "gross_margin": -0.4090909090909091,
      "op_margin": -187.54545454545453,
      "fcf_margin": -214.9090909090909
    },
    {
      "date": "2023-06-30T00:00:00",
      "quarter_label": "2023-06 (Q2)",
      "revenue": 37000,
      "gross_profit": 14000,
      "operating_income": -4885000,
      "net_income": -14519000,
      "opex": 4899000,
      "cogs": 23000,
      "rd": 490000,
      "sga": 4409000,
      "fcf": -3660000,
      "ocf": -3660000,
      "capex": null,
      "gross_margin": 0.3783783783783784,
      "op_margin": -132.02702702702703,
      "fcf_margin": -98.91891891891892,
      "op_leverage_ratio": 3.589572192513369,
      "fcf_margin_change": 115.99017199017199
    },
    {
      "date": "2023-09-30T00:00:00",
      "quarter_label": "2023-09 (Q3)",
      "revenue": 0,
      "gross_profit": 0,
      "operating_income": -3433000,
      "net_income": -2859000,
      "opex": 3433000,
      "cogs": 0,
      "rd": 492000,
      "sga": 2941000,
      "fcf": -3421000,
      "ocf": -3421000,
      "capex": null,
      "gross_margin": null,
      "op_margin": null,
      "fcf_margin": null
    },
    {
      "date": "2023-12-31T00:00:00",
      "quarter_label": "2023-12 (Q4)",
      "revenue": 94000,
      "gross_profit": -738000,
      "operating_income": -6864000,
      "net_income": -9306000,
      "opex": 6078000,
      "cogs": 832000,
      "rd": 708000,
      "sga": 4036000,
      "fcf": -5438000,
      "ocf": -4349000,
      "capex": -1089000,
      "gross_margin": -7.851063829787234,
      "op_margin": -73.02127659574468,
      "fcf_margin": -57.851063829787236
    },
    {
      "date": "2024-03-31T00:00:00",
      "quarter_label": "2024-03 (Q1)",
      "revenue": 682000,
      "gross_profit": -954000,
      "operating_income": -3705000,
      "net_income": -4612000,
      "opex": 2682000,
      "cogs": 1636000,
      "rd": 756000,
      "sga": 1783000,
      "fcf": -2740000,
      "ocf": -2677000,
      "capex": -63000,
      "gross_margin": -1.3988269794721409,
      "op_margin": -5.432551319648094,
      "fcf_margin": -4.0175953079178885,
      "rev_growth_yoy": 30.0,
      "op_leverage_ratio": Infinity,
      "fcf_margin_change": 53.83346852186935
    },
    {
      "date": "2024-06-30T00:00:00",
      "quarter_label": "2024-06 (Q2)",
      "revenue": 4648000,
      "gross_profit": 609000,
      "operating_income": -4908000,
      "net_income": -5029000,
      "opex": 5517000,
      "cogs": 4039000,
      "rd": 1111000,
      "sga": 4187000,
      "fcf": -6176000,
      "ocf": -6176000,
      "capex": null,
      "gross_margin": 0.13102409638554216,
      "op_margin": -1.0559380378657488,
      "fcf_margin": -1.3287435456110155,
      "incr_op_margin_yoy": -0.004988072001734982,
      "rev_growth_yoy": 124.62162162162163,
      "rev_growth_yoy_accel": 94.62162162162163,
      "op_leverage_ratio": 5.50141041753945,
      "fcf_margin_change": 2.6888517623068733
    },
    {
      "date": "2024-09-30T00:00:00",
      "quarter_label": "2024-09 (Q3)",
      "revenue": 8037000,
      "gross_profit": 1414000,
      "operating_income": -5813000,
      "net_income": -5864000,
      "opex": 7227000,
      "cogs": 6623000,
      "rd": 720000,
      "sga": null,
      "fcf": -2909000,
      "ocf": -2909000,
      "capex": null,
      "gross_margin": 0.17593629463730248,
      "op_margin": -0.7232798307826304,
      "fcf_margin": -0.3619509767326117,
      "incr_op_margin_yoy": -0.2961303969142715,
      "op_leverage_ratio": 2.352406241507383,
      "fcf_margin_change": 0.9667925688784038
    },
    {
      "date": "2024-12-31T00:00:00",
      "quarter_label": "2024-12 (Q4)",
      "revenue": 6334000,
      "gross_profit": -1639000,
      "operating_income": -9701000,
      "net_income": -10441000,
      "opex": 8062000,
      "cogs": null,
      "rd": 1422000,
      "sga": null,
      "fcf": -10441000,
      "ocf": -6419000,
      "capex": -4022000,
      "gross_margin": -0.2587622355541522,
      "op_margin": -1.5315756236185665,
      "fcf_margin": -1.6484054310072624,
      "incr_op_margin_yoy": -0.4546474358974359,
      "rev_growth_yoy": 66.38297872340425,
      "fcf_margin_change": -1.2864544542746508
    },
    {
      "date": "2025-03-31T00:00:00",
      "quarter_label": "2025-03 (Q1)",
      "revenue": 2772000,
      "gross_profit": -1017000,
      "operating_income": -9900000,
      "net_income": -9684000,
      "opex": 8883000,
      "cogs": null,
      "rd": 1219000,
      "sga": 7664000,
      "fcf": -12673000,
      "ocf": -11014000,
      "capex": -1659000,
      "gross_margin": -0.36688311688311687,
      "op_margin": -3.5714285714285716,
      "fcf_margin": -4.571789321789322,
      "incr_op_margin_yoy": -2.964114832535885,
      "rev_growth_yoy": 3.064516129032258,
      "rev_growth_yoy_accel": -63.318462594371994,
      "fcf_margin_change": -2.92338389078206
    }
  ],
  "signals": [
    {
      "quarter": "2025-03 (Q1)",
      "signal": "YoY REVENUE GROWTH DECELERATION",
      "detail": "YoY growth: +306.5% vs prior quarter YoY: +6638.3% (decel: -6331.8%)",
      "severity": "WARNING"
    },
    {
      "quarter": "2024-09 (Q3)",
      "signal": "FCF MARGIN EXPANSION",
      "detail": "FCF margin: -132.9% -> -36.2% (+96.7%)",
      "severity": "MEDIUM"
    },
    {
      "quarter": "2024-09 (Q3)",
      "signal": "OPERATING LEVERAGE",
      "detail": "Rev growth +72.9% vs OpEx growth +31.0% (leverage: 2.4x)",
      "severity": "MEDIUM"
    },
    {
      "quarter": "2024-06 (Q2)",
      "signal": "FCF MARGIN EXPANSION",
      "detail": "FCF margin: -401.8% -> -132.9% (+268.9%)",
      "severity": "MEDIUM"
    },
    {
      "quarter": "2024-06 (Q2)",
      "signal": "OPERATING LEVERAGE",
      "detail": "Rev growth +581.5% vs OpEx growth +105.7% (leverage: 5.5x)",
      "severity": "MEDIUM"
    },
    {
      "quarter": "2024-06 (Q2)",
      "signal": "YoY REVENUE GROWTH ACCELERATION",
      "detail": "YoY growth: +12462.2% vs prior quarter YoY: +3000.0% (accel: +9462.2%)",
      "severity": "HIGH"
    },
    {
      "quarter": "2024-03 (Q1)",
      "signal": "FCF MARGIN EXPANSION",
      "detail": "FCF margin: -5785.1% -> -401.8% (+5383.3%)",
      "severity": "MEDIUM"
    },
    {
      "quarter": "2023-06 (Q2)",
      "signal": "FCF MARGIN EXPANSION",
      "detail": "FCF margin: -21490.9% -> -9891.9% (+11599.0%)",
      "severity": "MEDIUM"
    },
    {
      "quarter": "2023-06 (Q2)",
      "signal": "OPERATING LEVERAGE",
      "detail": "Rev growth +68.2% vs OpEx growth +19.0% (leverage: 3.6x)",
      "severity": "MEDIUM"
    },
    {
      "quarter": "2020-03 (Q1)",
      "signal": "YoY REVENUE GROWTH DECELERATION",
      "detail": "YoY growth: -100.0% vs prior quarter YoY: -38.8% (decel: -61.2%)",
      "severity": "WARNING"
    },
    {
      "quarter": "2019-12 (Q4)",
      "signal": "GROSS MARGIN INFLECTION",
      "detail": "GM: +7.6% -> -380.4% -> -53.5% (reversal +326.9%)",
      "severity": "HIGH"
    }
  ],
  "data_quality": {
    "n_quarters": 14,
    "coverage": {
      "revenue": [
        14,
        14
      ],
      "gross_profit": [
        14,
        14
      ],
      "op_income": [
        10,
        14
      ],
      "fcf": [
        9,
        14
      ]
    },
    "gaps": [
      [
        "2019-03 (Q1)",
        "2019-12 (Q4)",
        275
      ],
      [
        "2020-03 (Q1)",
        "2023-03 (Q1)",
        1095
      ]
    ],
    "warnings": [
      "op_income: 10/14Q",
      "fcf: 9/14Q",
      "gap: 2Q missing between 2019-03 (Q1) and 2019-12 (Q4)",
      "gap: 11Q missing between 2020-03 (Q1) and 2023-03 (Q1)"
    ]
  },
  "market_cap": null,
  "source": "SEC EDGAR",
  "last_updated": "2026-02-03T00:36:25.677723"
}