{
  "ticker": "CRL",
  "name": "CHARLES RIVER LABORATORIES INTERNATIONAL,\u00a0INC.",
  "sector": "Healthcare",
  "industry": "Diagnostics & Research",
  "quarters": [
    {
      "date": "2021-03-27T00:00:00",
      "quarter_label": "2021-03 (Q1)",
      "revenue": 824566000,
      "gross_profit": null,
      "operating_income": 123703000,
      "net_income": 61530000,
      "opex": null,
      "cogs": null,
      "rd": null,
      "sga": 155733000,
      "fcf": 170229000,
      "ocf": 170229000,
      "capex": null,
      "gross_margin": null,
      "op_margin": 0.15002195094146498,
      "fcf_margin": 0.2064467853391966
    },
    {
      "date": "2021-06-26T00:00:00",
      "quarter_label": "2021-06 (Q2)",
      "revenue": 914607000,
      "gross_profit": null,
      "operating_income": 137550000,
      "net_income": 88448000,
      "opex": null,
      "cogs": null,
      "rd": null,
      "sga": 171501000,
      "fcf": 186590000,
      "ocf": 186590000,
      "capex": null,
      "gross_margin": null,
      "op_margin": 0.1503924636483211,
      "fcf_margin": 0.20401112171675923,
      "fcf_margin_change": -0.002435663622437384
    },
    {
      "date": "2021-09-25T00:00:00",
      "quarter_label": "2021-09 (Q3)",
      "revenue": 895937000,
      "gross_profit": null,
      "operating_income": 155802000,
      "net_income": 103426000,
      "opex": null,
      "cogs": null,
      "rd": null,
      "sga": 148573000,
      "fcf": 174722000,
      "ocf": 174722000,
      "capex": null,
      "gross_margin": null,
      "op_margin": 0.17389838794468807,
      "fcf_margin": 0.1950159442014338,
      "fcf_margin_change": -0.008995177515325414
    },
    {
      "date": "2021-12-25T00:00:00",
      "quarter_label": "2021-12 (Q4)",
      "revenue": 905050000,
      "gross_profit": null,
      "operating_income": 172807000,
      "net_income": 137578000,
      "opex": null,
      "cogs": null,
      "rd": null,
      "sga": 144112000,
      "fcf": 229258000,
      "ocf": 229258000,
      "capex": null,
      "gross_margin": null,
      "op_margin": 0.19093641235290867,
      "fcf_margin": 0.2533097618916082,
      "fcf_margin_change": 0.05829381769017439
    },
    {
      "date": "2022-03-26T00:00:00",
      "quarter_label": "2022-03 (Q1)",
      "revenue": 913929000,
      "gross_profit": null,
      "operating_income": 148778000,
      "net_income": 93022000,
      "opex": null,
      "cogs": null,
      "rd": null,
      "sga": 150033000,
      "fcf": 102630000,
      "ocf": 102630000,
      "capex": null,
      "gross_margin": null,
      "op_margin": 0.16278945082167215,
      "fcf_margin": 0.11229537524249696,
      "incr_op_margin_yoy": 0.2805971151371373,
      "rev_growth_yoy": 0.1083758001178802,
      "fcf_margin_change": -0.14101438664911126
    },
    {
      "date": "2022-06-25T00:00:00",
      "quarter_label": "2022-06 (Q2)",
      "revenue": 973131000,
      "gross_profit": null,
      "operating_income": 187411000,
      "net_income": 109321000,
      "opex": null,
      "cogs": null,
      "rd": null,
      "sga": 131711000,
      "fcf": 149474000,
      "ocf": 149474000,
      "capex": null,
      "gross_margin": null,
      "op_margin": 0.19258558200283415,
      "fcf_margin": 0.15360110817556938,
      "incr_op_margin_yoy": 0.8519752580138062,
      "rev_growth_yoy": 0.06398813916797051,
      "rev_growth_yoy_accel": -0.04438766094990969,
      "fcf_margin_change": 0.04130573293307242
    },
    {
      "date": "2022-09-24T00:00:00",
      "quarter_label": "2022-09 (Q3)",
      "revenue": 989157000,
      "gross_profit": null,
      "operating_income": 150976000,
      "net_income": 96473000,
      "opex": null,
      "cogs": null,
      "rd": null,
      "sga": 183714000,
      "fcf": 132779000,
      "ocf": 132779000,
      "capex": null,
      "gross_margin": null,
      "op_margin": 0.15263097769110465,
      "fcf_margin": 0.13423450473483986,
      "incr_op_margin_yoy": -0.05177000643638704,
      "rev_growth_yoy": 0.10404749441087933,
      "rev_growth_yoy_accel": 0.04005935524290882,
      "fcf_margin_change": -0.01936660344072952
    },
    {
      "date": "2022-12-31T00:00:00",
      "quarter_label": "2022-12 (Q4)",
      "revenue": 1099843000,
      "gross_profit": null,
      "operating_income": 163810000,
      "net_income": 187410000,
      "opex": null,
      "cogs": null,
      "rd": null,
      "sga": 199640000,
      "fcf": 234757000,
      "ocf": 234757000,
      "capex": null,
      "gross_margin": null,
      "op_margin": 0.14893943953818864,
      "fcf_margin": 0.21344591909936236,
      "incr_op_margin_yoy": -0.046187491336957695,
      "rev_growth_yoy": 0.21522899287332192,
      "rev_growth_yoy_accel": 0.11118149846244259,
      "fcf_margin_change": 0.0792114143645225
    },
    {
      "date": "2023-04-01T00:00:00",
      "quarter_label": "2023-04 (Q2)",
      "revenue": 1029373000,
      "gross_profit": 377654000,
      "operating_income": 167892000,
      "net_income": 103131000,
      "opex": 209762000,
      "cogs": 651719000,
      "rd": null,
      "sga": 174846000,
      "fcf": 109383000,
      "ocf": 109383000,
      "capex": null,
      "gross_margin": 0.3668777012802939,
      "op_margin": 0.16310122764051516,
      "fcf_margin": 0.10626177294333541,
      "incr_op_margin_yoy": 0.16556945358788677,
      "rev_growth_yoy": 0.12631615803853471,
      "rev_growth_yoy_accel": -0.08891283483478721,
      "fcf_margin_change": -0.10718414615602695
    },
    {
      "date": "2023-07-01T00:00:00",
      "quarter_label": "2023-07 (Q3)",
      "revenue": 1059937000,
      "gross_profit": 398977000,
      "operating_income": 164945000,
      "net_income": 97020000,
      "opex": 234032000,
      "cogs": 660960000,
      "rd": null,
      "sga": 199758000,
      "fcf": 148122000,
      "ocf": 148122000,
      "capex": null,
      "gross_margin": 0.3764157681069724,
      "op_margin": 0.1556177395448975,
      "fcf_margin": 0.13974604151001427,
      "incr_op_margin_yoy": -0.2588069949081861,
      "rev_growth_yoy": 0.08920278975800791,
      "rev_growth_yoy_accel": -0.037113368280526804,
      "op_leverage_ratio": 0.2566223378791182,
      "fcf_margin_change": 0.033484268566678854
    },
    {
      "date": "2023-09-30T00:00:00",
      "quarter_label": "2023-09 (Q3)",
      "revenue": 1026623000,
      "gross_profit": 361840000,
      "operating_income": 151502000,
      "net_income": 87389000,
      "opex": 210338000,
      "cogs": 664783000,
      "rd": null,
      "sga": 176109000,
      "fcf": 205450000,
      "ocf": 205450000,
      "capex": null,
      "gross_margin": 0.35245654928829767,
      "op_margin": 0.1475731597675096,
      "fcf_margin": 0.20012214805240092,
      "incr_op_margin_yoy": 0.014039395718785031,
      "rev_growth_yoy": 0.03787669702585131,
      "rev_growth_yoy_accel": -0.0513260927321566,
      "fcf_margin_change": 0.06037610654238665
    },
    {
      "date": "2023-12-30T00:00:00",
      "quarter_label": "2023-12 (Q4)",
      "revenue": 1013476000,
      "gross_profit": null,
      "operating_income": 132922000,
      "net_income": 187084000,
      "opex": null,
      "cogs": null,
      "rd": null,
      "sga": 197142000,
      "fcf": 220943000,
      "ocf": 220943000,
      "capex": null,
      "gross_margin": null,
      "op_margin": 0.1311545611341561,
      "fcf_margin": 0.21800516243107879,
      "incr_op_margin_yoy": 0.3576365973114731,
      "rev_growth_yoy": -0.07852666244182124,
      "rev_growth_yoy_accel": -0.11640335946767255,
      "fcf_margin_change": 0.01788301437867787
    },
    {
      "date": "2024-03-30T00:00:00",
      "quarter_label": "2024-03 (Q1)",
      "revenue": 1011560000,
      "gross_profit": 344843000,
      "operating_income": 125977000,
      "net_income": 72960000,
      "opex": 218866000,
      "cogs": 666717000,
      "rd": null,
      "sga": 186291000,
      "fcf": 129888000,
      "ocf": 129888000,
      "capex": null,
      "gross_margin": 0.34090217090434577,
      "op_margin": 0.12453734825418165,
      "fcf_margin": 0.12840365376250543,
      "incr_op_margin_yoy": 2.3530567563015774,
      "rev_growth_yoy": -0.017304708788748104,
      "rev_growth_yoy_accel": 0.06122195365307314,
      "fcf_margin_change": -0.08960150866857336
    },
    {
      "date": "2024-06-29T00:00:00",
      "quarter_label": "2024-06 (Q2)",
      "revenue": 1026117000,
      "gross_profit": 353713000,
      "operating_income": 151652000,
      "net_income": 94081000,
      "opex": 202061000,
      "cogs": 672404000,
      "rd": null,
      "sga": 169791000,
      "fcf": 193535000,
      "ocf": 193535000,
      "capex": null,
      "gross_margin": 0.3447102036122586,
      "op_margin": 0.1477921133749855,
      "fcf_margin": 0.18860909623366537,
      "incr_op_margin_yoy": 0.3930514488468362,
      "rev_growth_yoy": -0.031907556769883494,
      "rev_growth_yoy_accel": -0.01460284798113539,
      "op_leverage_ratio": null,
      "fcf_margin_change": 0.06020544247115994
    },
    {
      "date": "2024-09-28T00:00:00",
      "quarter_label": "2024-09 (Q3)",
      "revenue": 1009763000,
      "gross_profit": 349021000,
      "operating_income": 117405000,
      "net_income": 69657000,
      "opex": 231616000,
      "cogs": 660742000,
      "rd": null,
      "sga": 199213000,
      "fcf": 251792000,
      "ocf": 251792000,
      "capex": null,
      "gross_margin": 0.3456464536727925,
      "op_margin": 0.11626985738237587,
      "fcf_margin": 0.24935752250775678,
      "incr_op_margin_yoy": 2.0223606168446024,
      "rev_growth_yoy": -0.01642277642328294,
      "rev_growth_yoy_accel": 0.015484780346600554,
      "fcf_margin_change": 0.06074842627409141
    },
    {
      "date": "2024-12-28T00:00:00",
      "quarter_label": "2024-12 (Q4)",
      "revenue": 1002549000,
      "gross_profit": null,
      "operating_income": -167687000,
      "net_income": -214495000,
      "opex": null,
      "cogs": null,
      "rd": null,
      "sga": 195708000,
      "fcf": 159362000,
      "ocf": 159362000,
      "capex": null,
      "gross_margin": null,
      "op_margin": -0.16726065259653145,
      "fcf_margin": 0.15895681906819517,
      "incr_op_margin_yoy": 27.510661663768648,
      "rev_growth_yoy": -0.010781705733534885,
      "rev_growth_yoy_accel": 0.005641070689748055,
      "fcf_margin_change": -0.09040070343956161
    },
    {
      "date": "2025-03-29T00:00:00",
      "quarter_label": "2025-03 (Q1)",
      "revenue": 984168000,
      "gross_profit": null,
      "operating_income": 74669000,
      "net_income": 25469000,
      "opex": null,
      "cogs": null,
      "rd": null,
      "sga": 177799000,
      "fcf": 171697000,
      "ocf": 171697000,
      "capex": null,
      "gross_margin": null,
      "op_margin": 0.07587017663650922,
      "fcf_margin": 0.17445903544923225,
      "incr_op_margin_yoy": 1.8731016355140186,
      "rev_growth_yoy": -0.027078967139863182,
      "rev_growth_yoy_accel": -0.016297261406328298,
      "fcf_margin_change": 0.015502216381037076
    },
    {
      "date": "2025-06-28T00:00:00",
      "quarter_label": "2025-06 (Q2)",
      "revenue": 1032135000,
      "gross_profit": null,
      "operating_income": 100134000,
      "net_income": 52326000,
      "opex": null,
      "cogs": null,
      "rd": null,
      "sga": 191549000,
      "fcf": 204603000,
      "ocf": 204603000,
      "capex": null,
      "gross_margin": null,
      "op_margin": 0.09701637867139473,
      "fcf_margin": 0.19823278931535118,
      "incr_op_margin_yoy": -8.560651379195747,
      "rev_growth_yoy": 0.005864828279816044,
      "rev_growth_yoy_accel": 0.03294379541967923,
      "fcf_margin_change": 0.023773753866118935
    },
    {
      "date": "2025-09-27T00:00:00",
      "quarter_label": "2025-09 (Q3)",
      "revenue": 1004852000,
      "gross_profit": null,
      "operating_income": 133799000,
      "net_income": 54422000,
      "opex": null,
      "cogs": null,
      "rd": null,
      "sga": 177589000,
      "fcf": 213826000,
      "ocf": 213826000,
      "capex": null,
      "gross_margin": null,
      "op_margin": 0.13315294192577615,
      "fcf_margin": 0.2127935258127565,
      "incr_op_margin_yoy": -3.338220321726736,
      "rev_growth_yoy": -0.004863517478853949,
      "rev_growth_yoy_accel": -0.010728345758669993,
      "fcf_margin_change": 0.01456073649740533
    },
    {
      "date": "2025-12-27T00:00:00",
      "quarter_label": "2025-12 (Q4)",
      "revenue": 994227000,
      "gross_profit": null,
      "operating_income": -283440000,
      "net_income": -276555000,
      "opex": null,
      "cogs": null,
      "rd": null,
      "sga": 196136000,
      "fcf": 147520000,
      "ocf": 147520000,
      "capex": null,
      "gross_margin": null,
      "op_margin": -0.2850858003252778,
      "fcf_margin": 0.14837657798470572,
      "incr_op_margin_yoy": 13.90927661619803,
      "rev_growth_yoy": -0.008300841155893628,
      "rev_growth_yoy_accel": -0.0034373236770396786,
      "fcf_margin_change": -0.0644169478280508
    }
  ],
  "signals": [
    {
      "quarter": "2025-03 (Q1)",
      "signal": "INCREMENTAL MARGIN (YoY)",
      "detail": "YoY Incr OPM: +187.3% vs year-ago OPM: +12.5%",
      "severity": "HIGH"
    },
    {
      "quarter": "2025-03 (Q1)",
      "signal": "OP MARGIN TURNED POSITIVE (QoQ)",
      "detail": "Op margin: -16.7% -> +7.6%",
      "severity": "HIGH"
    },
    {
      "quarter": "2024-09 (Q3)",
      "signal": "FCF MARGIN EXPANSION",
      "detail": "FCF margin: +18.9% -> +24.9% (+6.1%)",
      "severity": "MEDIUM"
    },
    {
      "quarter": "2024-09 (Q3)",
      "signal": "INCREMENTAL MARGIN (YoY)",
      "detail": "YoY Incr OPM: +202.2% vs year-ago OPM: +14.8%",
      "severity": "HIGH"
    },
    {
      "quarter": "2024-06 (Q2)",
      "signal": "FCF MARGIN EXPANSION",
      "detail": "FCF margin: +12.8% -> +18.9% (+6.0%)",
      "severity": "MEDIUM"
    },
    {
      "quarter": "2024-06 (Q2)",
      "signal": "INCREMENTAL MARGIN (YoY)",
      "detail": "YoY Incr OPM: +39.3% vs year-ago OPM: +15.6%",
      "severity": "HIGH"
    },
    {
      "quarter": "2024-03 (Q1)",
      "signal": "YoY REVENUE GROWTH ACCELERATION",
      "detail": "YoY growth: -1.7% vs prior quarter YoY: -7.9% (accel: +6.1%)",
      "severity": "MEDIUM"
    },
    {
      "quarter": "2024-03 (Q1)",
      "signal": "INCREMENTAL MARGIN (YoY)",
      "detail": "YoY Incr OPM: +235.3% vs year-ago OPM: +16.3%",
      "severity": "HIGH"
    },
    {
      "quarter": "2023-12 (Q4)",
      "signal": "YoY REVENUE GROWTH DECELERATION",
      "detail": "YoY growth: -7.9% vs prior quarter YoY: +3.8% (decel: -11.6%)",
      "severity": "WARNING"
    },
    {
      "quarter": "2023-12 (Q4)",
      "signal": "INCREMENTAL MARGIN (YoY)",
      "detail": "YoY Incr OPM: +35.8% vs year-ago OPM: +14.9%",
      "severity": "HIGH"
    },
    {
      "quarter": "2023-09 (Q3)",
      "signal": "FCF MARGIN EXPANSION",
      "detail": "FCF margin: +14.0% -> +20.0% (+6.0%)",
      "severity": "MEDIUM"
    },
    {
      "quarter": "2023-09 (Q3)",
      "signal": "YoY REVENUE GROWTH DECELERATION",
      "detail": "YoY growth: +3.8% vs prior quarter YoY: +8.9% (decel: -5.1%)",
      "severity": "WARNING"
    },
    {
      "quarter": "2023-04 (Q2)",
      "signal": "YoY REVENUE GROWTH DECELERATION",
      "detail": "YoY growth: +12.6% vs prior quarter YoY: +21.5% (decel: -8.9%)",
      "severity": "WARNING"
    },
    {
      "quarter": "2022-12 (Q4)",
      "signal": "FCF MARGIN EXPANSION",
      "detail": "FCF margin: +13.4% -> +21.3% (+7.9%)",
      "severity": "MEDIUM"
    },
    {
      "quarter": "2022-12 (Q4)",
      "signal": "YoY REVENUE GROWTH ACCELERATION",
      "detail": "YoY growth: +21.5% vs prior quarter YoY: +10.4% (accel: +11.1%)",
      "severity": "MEDIUM"
    },
    {
      "quarter": "2022-06 (Q2)",
      "signal": "INCREMENTAL MARGIN (YoY)",
      "detail": "YoY Incr OPM: +85.2% vs year-ago OPM: +15.0%",
      "severity": "HIGH"
    },
    {
      "quarter": "2022-03 (Q1)",
      "signal": "INCREMENTAL MARGIN (YoY)",
      "detail": "YoY Incr OPM: +28.1% vs year-ago OPM: +15.0%",
      "severity": "MEDIUM"
    },
    {
      "quarter": "2021-12 (Q4)",
      "signal": "FCF MARGIN EXPANSION",
      "detail": "FCF margin: +19.5% -> +25.3% (+5.8%)",
      "severity": "MEDIUM"
    }
  ],
  "data_quality": {
    "n_quarters": 20,
    "coverage": {
      "revenue": [
        20,
        20
      ],
      "gross_profit": [
        6,
        20
      ],
      "op_income": [
        20,
        20
      ],
      "fcf": [
        20,
        20
      ]
    },
    "gaps": [],
    "warnings": [
      "gross_profit: 6/20Q"
    ]
  },
  "market_cap": null,
  "source": "SEC EDGAR",
  "last_updated": "2026-02-24T10:31:40.531070"
}