{
  "ticker": "CRMT",
  "name": "AMERICA\u2019S CAR-MART, INC.",
  "quarters": [
    {
      "date": "2021-01-31T00:00:00",
      "quarter_label": "2021-01 (Q1)",
      "revenue": 228260000,
      "gross_profit": 109444000,
      "operating_income": null,
      "net_income": null,
      "opex": 202511000,
      "cogs": 118816000,
      "rd": null,
      "sga": 33423000,
      "fcf": -11694000,
      "ocf": -9726000,
      "capex": -1968000,
      "gross_margin": 0.4794707789363007,
      "op_margin": null,
      "fcf_margin": -0.0512310523087707
    },
    {
      "date": "2021-04-30T00:00:00",
      "quarter_label": "2021-04 (Q2)",
      "revenue": 279079000,
      "gross_profit": 130306000,
      "operating_income": null,
      "net_income": null,
      "opex": 223676000,
      "cogs": 148773000,
      "rd": null,
      "sga": 36139000,
      "fcf": -16294000,
      "ocf": -14353000,
      "capex": -1941000,
      "gross_margin": 0.4669143862490549,
      "op_margin": null,
      "fcf_margin": -0.05838490176616657,
      "op_leverage_ratio": 2.1302307397313367,
      "fcf_margin_change": -0.007153849457395868
    },
    {
      "date": "2021-07-31T00:00:00",
      "quarter_label": "2021-07 (Q3)",
      "revenue": 280329000,
      "gross_profit": 127565000,
      "operating_income": null,
      "net_income": null,
      "opex": 248571000,
      "cogs": 152764000,
      "rd": null,
      "sga": 38800000,
      "fcf": -33084000,
      "ocf": -31395000,
      "capex": -1689000,
      "gross_margin": 0.4550545965633238,
      "op_margin": null,
      "fcf_margin": -0.11801847115353745,
      "fcf_margin_change": -0.059633569387370876
    },
    {
      "date": "2021-10-31T00:00:00",
      "quarter_label": "2021-10 (Q4)",
      "revenue": 288301000,
      "gross_profit": 131134000,
      "operating_income": null,
      "net_income": null,
      "opex": 258790000,
      "cogs": 157167000,
      "rd": null,
      "sga": 37161000,
      "fcf": -43711000,
      "ocf": -38556000,
      "capex": -5155000,
      "gross_margin": 0.45485100641343595,
      "op_margin": null,
      "fcf_margin": -0.15161584593879313,
      "op_leverage_ratio": 0.6917375041004158,
      "fcf_margin_change": -0.03359737478525568
    },
    {
      "date": "2022-01-31T00:00:00",
      "quarter_label": "2022-01 (Q1)",
      "revenue": 291898000,
      "gross_profit": 134650000,
      "operating_income": null,
      "net_income": null,
      "opex": 267104000,
      "cogs": 157248000,
      "rd": null,
      "sga": 39179000,
      "fcf": -39757000,
      "ocf": -32720000,
      "capex": -7037000,
      "gross_margin": 0.4612912729789173,
      "op_margin": null,
      "fcf_margin": -0.13620168689062617,
      "rev_growth_yoy": 0.2787961096994655,
      "op_leverage_ratio": 0.3883575561046805,
      "fcf_margin_change": 0.015414159048166953
    },
    {
      "date": "2022-04-30T00:00:00",
      "quarter_label": "2022-04 (Q2)",
      "revenue": 351837000,
      "gross_profit": 155385000,
      "operating_income": null,
      "net_income": null,
      "opex": 317498000,
      "cogs": 196452000,
      "rd": null,
      "sga": 40990000,
      "fcf": -18422000,
      "ocf": -16507000,
      "capex": -1915000,
      "gross_margin": 0.44163916813751825,
      "op_margin": null,
      "fcf_margin": -0.05235947327881945,
      "rev_growth_yoy": 0.26070754159216564,
      "rev_growth_yoy_accel": -0.018088568107299863,
      "op_leverage_ratio": 1.0883784494515634,
      "fcf_margin_change": 0.08384221361180672
    },
    {
      "date": "2022-07-31T00:00:00",
      "quarter_label": "2022-07 (Q3)",
      "revenue": 344882000,
      "gross_profit": 151767000,
      "operating_income": null,
      "net_income": null,
      "opex": 327756000,
      "cogs": 193115000,
      "rd": null,
      "sga": 43234000,
      "fcf": -67322000,
      "ocf": -60402000,
      "capex": -6920000,
      "gross_margin": 0.44005485934319566,
      "op_margin": null,
      "fcf_margin": -0.1952029969670786,
      "rev_growth_yoy": 0.23027585444245868,
      "rev_growth_yoy_accel": -0.030431687149706954,
      "fcf_margin_change": -0.14284352368825914
    },
    {
      "date": "2022-10-31T00:00:00",
      "quarter_label": "2022-10 (Q4)",
      "revenue": 351840000,
      "gross_profit": 145698000,
      "operating_income": null,
      "net_income": null,
      "opex": 347782000,
      "cogs": 206142000,
      "rd": null,
      "sga": 42911000,
      "fcf": -41859000,
      "ocf": -34729000,
      "capex": -7130000,
      "gross_margin": 0.4141030013642565,
      "op_margin": null,
      "fcf_margin": -0.11897169167803547,
      "rev_growth_yoy": 0.22039118837603755,
      "rev_growth_yoy_accel": -0.009884666066421133,
      "op_leverage_ratio": 0.3301948801275723,
      "fcf_margin_change": 0.07623130528904314
    },
    {
      "date": "2023-01-31T00:00:00",
      "quarter_label": "2023-01 (Q1)",
      "revenue": 326530000,
      "gross_profit": 143516000,
      "operating_income": null,
      "net_income": null,
      "opex": 324771000,
      "cogs": 183014000,
      "rd": null,
      "sga": 44737000,
      "fcf": -33777000,
      "ocf": -28825000,
      "capex": -4952000,
      "gross_margin": 0.4395185740973264,
      "op_margin": null,
      "fcf_margin": -0.10344225645423086,
      "rev_growth_yoy": 0.11864418392726227,
      "rev_growth_yoy_accel": -0.10174700444877528,
      "fcf_margin_change": 0.015529435223804608
    },
    {
      "date": "2023-04-30T00:00:00",
      "quarter_label": "2023-04 (Q2)",
      "revenue": 388309000,
      "gross_profit": 164707000,
      "operating_income": null,
      "net_income": null,
      "opex": 386056000,
      "cogs": 223602000,
      "rd": null,
      "sga": 45815000,
      "fcf": -14876000,
      "ocf": -11772000,
      "capex": -3104000,
      "gross_margin": 0.4241647759902552,
      "op_margin": null,
      "fcf_margin": -0.03830969665910396,
      "rev_growth_yoy": 0.10366163877022598,
      "rev_growth_yoy_accel": -0.014982545157036287,
      "op_leverage_ratio": 1.0026303298390642,
      "fcf_margin_change": 0.06513255979512689
    },
    {
      "date": "2023-07-31T00:00:00",
      "quarter_label": "2023-07 (Q3)",
      "revenue": 368025000,
      "gross_profit": 164146000,
      "operating_income": null,
      "net_income": null,
      "opex": 362805000,
      "cogs": 203879000,
      "rd": null,
      "sga": 46470000,
      "fcf": -46778000,
      "ocf": -45399000,
      "capex": -1379000,
      "gross_margin": 0.4460186128659738,
      "op_margin": null,
      "fcf_margin": -0.12710549555057402,
      "rev_growth_yoy": 0.06710411097128872,
      "rev_growth_yoy_accel": -0.036557527798937256,
      "fcf_margin_change": -0.08879579889147005
    },
    {
      "date": "2023-10-31T00:00:00",
      "quarter_label": "2023-10 (Q4)",
      "revenue": 361582000,
      "gross_profit": 163019000,
      "operating_income": null,
      "net_income": null,
      "opex": 397173000,
      "cogs": 198563000,
      "rd": null,
      "sga": 44863000,
      "fcf": -31501000,
      "ocf": -30731000,
      "capex": -770000,
      "gross_margin": 0.45084932325171057,
      "op_margin": null,
      "fcf_margin": -0.08711993406751442,
      "rev_growth_yoy": 0.027688722146430197,
      "rev_growth_yoy_accel": -0.039415388824858524,
      "fcf_margin_change": 0.039985561483059595
    },
    {
      "date": "2024-01-31T00:00:00",
      "quarter_label": "2024-01 (Q1)",
      "revenue": 299614000,
      "gross_profit": 141364000,
      "operating_income": null,
      "net_income": null,
      "opex": 309956000,
      "cogs": 158250000,
      "rd": null,
      "sga": 43562000,
      "fcf": 10243000,
      "ocf": 12958000,
      "capex": -2715000,
      "gross_margin": 0.4718204089261516,
      "op_margin": null,
      "fcf_margin": 0.03418732101971203,
      "rev_growth_yoy": -0.08243040455700855,
      "rev_growth_yoy_accel": -0.11011912670343875,
      "fcf_margin_change": 0.12130725508722645
    },
    {
      "date": "2024-04-30T00:00:00",
      "quarter_label": "2024-04 (Q2)",
      "revenue": 364673000,
      "gross_profit": 166819000,
      "operating_income": null,
      "net_income": null,
      "opex": 364095000,
      "cogs": 197854000,
      "rd": null,
      "sga": 44526000,
      "fcf": -12008000,
      "ocf": -10726000,
      "capex": -1282000,
      "gross_margin": 0.4574481796019996,
      "op_margin": null,
      "fcf_margin": -0.03292813013302329,
      "rev_growth_yoy": -0.060869050163658324,
      "rev_growth_yoy_accel": 0.021561354393350225,
      "op_leverage_ratio": 1.243183103638072,
      "fcf_margin_change": -0.06711545115273532
    },
    {
      "date": "2024-07-31T00:00:00",
      "quarter_label": "2024-07 (Q3)",
      "revenue": 347763000,
      "gross_profit": 161193000,
      "operating_income": null,
      "net_income": null,
      "opex": 348946000,
      "cogs": 186570000,
      "rd": null,
      "sga": 46711000,
      "fcf": -15958000,
      "ocf": -14972000,
      "capex": -986000,
      "gross_margin": 0.4635139448417457,
      "op_margin": null,
      "fcf_margin": -0.045887572858527216,
      "rev_growth_yoy": -0.0550560423884247,
      "rev_growth_yoy_accel": 0.005813007775233622,
      "fcf_margin_change": -0.01295944272550393
    },
    {
      "date": "2024-10-31T00:00:00",
      "quarter_label": "2024-10 (Q4)",
      "revenue": 347269000,
      "gross_profit": 174054000,
      "operating_income": null,
      "net_income": null,
      "opex": 340153000,
      "cogs": 173215000,
      "rd": null,
      "sga": 47407000,
      "fcf": -23586000,
      "ocf": -22234000,
      "capex": -1352000,
      "gross_margin": 0.5012079972586093,
      "op_margin": null,
      "fcf_margin": -0.06791853001563629,
      "rev_growth_yoy": -0.039584381965916446,
      "rev_growth_yoy_accel": 0.015471660422508256,
      "fcf_margin_change": -0.022030957157109073
    },
    {
      "date": "2025-01-31T00:00:00",
      "quarter_label": "2025-01 (Q1)",
      "revenue": 325726000,
      "gross_profit": 156352000,
      "operating_income": null,
      "net_income": null,
      "opex": 321336000,
      "cogs": 169374000,
      "rd": null,
      "sga": 46460000,
      "fcf": -31527000,
      "ocf": -30776000,
      "capex": -751000,
      "gross_margin": 0.4800108066288844,
      "op_margin": null,
      "fcf_margin": -0.09678994001092943,
      "rev_growth_yoy": 0.08715213574799575,
      "rev_growth_yoy_accel": 0.1267365177139122,
      "fcf_margin_change": -0.02887140999529314
    },
    {
      "date": "2025-04-30T00:00:00",
      "quarter_label": "2025-04 (Q2)",
      "revenue": 370174000,
      "gross_profit": 173278000,
      "operating_income": null,
      "net_income": null,
      "opex": 357696000,
      "cogs": 196896000,
      "rd": null,
      "sga": 48343000,
      "fcf": 18417000,
      "ocf": 19218000,
      "capex": -801000,
      "gross_margin": 0.46809878597632465,
      "op_margin": null,
      "fcf_margin": 0.04975227865814455,
      "rev_growth_yoy": 0.015084747157042062,
      "rev_growth_yoy_accel": -0.07206738859095368,
      "op_leverage_ratio": 1.205966674413768,
      "fcf_margin_change": 0.14654221866907396
    },
    {
      "date": "2025-07-31T00:00:00",
      "quarter_label": "2025-07 (Q3)",
      "revenue": 341312000,
      "gross_profit": 166232000,
      "operating_income": null,
      "net_income": null,
      "opex": 348714000,
      "cogs": 175080000,
      "rd": null,
      "sga": 51408000,
      "fcf": -6377000,
      "ocf": -5918000,
      "capex": -459000,
      "gross_margin": 0.4870382523907744,
      "op_margin": null,
      "fcf_margin": -0.018683784924057752,
      "rev_growth_yoy": -0.018549989504346352,
      "rev_growth_yoy_accel": -0.033634736661388415,
      "fcf_margin_change": -0.0684360635822023
    },
    {
      "date": "2025-10-31T00:00:00",
      "quarter_label": "2025-10 (Q4)",
      "revenue": 350192000,
      "gross_profit": 171176000,
      "operating_income": null,
      "net_income": null,
      "opex": 377675000,
      "cogs": 179016000,
      "rd": null,
      "sga": 57222000,
      "fcf": 8275000,
      "ocf": 9059000,
      "capex": -784000,
      "gross_margin": 0.488806140631425,
      "op_margin": null,
      "fcf_margin": 0.02362989445789738,
      "rev_growth_yoy": 0.008417106047473285,
      "rev_growth_yoy_accel": 0.026967095551819635,
      "op_leverage_ratio": 0.3132688682186658,
      "fcf_margin_change": 0.042313679381955134
    }
  ],
  "signals": [
    {
      "quarter": "2025-10 (Q4)",
      "signal": "FCF TURNED POSITIVE",
      "detail": "FCF margin: -1.9% -> +2.4%",
      "severity": "HIGH"
    },
    {
      "quarter": "2025-04 (Q2)",
      "signal": "FCF TURNED POSITIVE",
      "detail": "FCF margin: -9.7% -> +5.0%",
      "severity": "HIGH"
    },
    {
      "quarter": "2025-04 (Q2)",
      "signal": "YoY REVENUE GROWTH DECELERATION",
      "detail": "YoY growth: +1.5% vs prior quarter YoY: +8.7% (decel: -7.2%)",
      "severity": "WARNING"
    },
    {
      "quarter": "2025-01 (Q1)",
      "signal": "YoY REVENUE GROWTH ACCELERATION",
      "detail": "YoY growth: +8.7% vs prior quarter YoY: -4.0% (accel: +12.7%)",
      "severity": "MEDIUM"
    },
    {
      "quarter": "2024-01 (Q1)",
      "signal": "FCF TURNED POSITIVE",
      "detail": "FCF margin: -8.7% -> +3.4%",
      "severity": "HIGH"
    },
    {
      "quarter": "2024-01 (Q1)",
      "signal": "YoY REVENUE GROWTH DECELERATION",
      "detail": "YoY growth: -8.2% vs prior quarter YoY: +2.8% (decel: -11.0%)",
      "severity": "WARNING"
    },
    {
      "quarter": "2023-07 (Q3)",
      "signal": "GROSS MARGIN INFLECTION",
      "detail": "GM: +44.0% -> +42.4% -> +44.6% (reversal +2.2%)",
      "severity": "MEDIUM"
    },
    {
      "quarter": "2023-04 (Q2)",
      "signal": "FCF MARGIN EXPANSION",
      "detail": "FCF margin: -10.3% -> -3.8% (+6.5%)",
      "severity": "MEDIUM"
    },
    {
      "quarter": "2023-01 (Q1)",
      "signal": "GROSS MARGIN INFLECTION",
      "detail": "GM: +44.0% -> +41.4% -> +44.0% (reversal +2.5%)",
      "severity": "MEDIUM"
    },
    {
      "quarter": "2023-01 (Q1)",
      "signal": "YoY REVENUE GROWTH DECELERATION",
      "detail": "YoY growth: +11.9% vs prior quarter YoY: +22.0% (decel: -10.2%)",
      "severity": "WARNING"
    },
    {
      "quarter": "2022-10 (Q4)",
      "signal": "FCF MARGIN EXPANSION",
      "detail": "FCF margin: -19.5% -> -11.9% (+7.6%)",
      "severity": "MEDIUM"
    },
    {
      "quarter": "2022-04 (Q2)",
      "signal": "FCF MARGIN EXPANSION",
      "detail": "FCF margin: -13.6% -> -5.2% (+8.4%)",
      "severity": "MEDIUM"
    },
    {
      "quarter": "2021-04 (Q2)",
      "signal": "OPERATING LEVERAGE",
      "detail": "Rev growth +22.3% vs OpEx growth +10.5% (leverage: 2.1x)",
      "severity": "MEDIUM"
    }
  ],
  "data_quality": {
    "n_quarters": 20,
    "coverage": {
      "revenue": [
        20,
        20
      ],
      "gross_profit": [
        20,
        20
      ],
      "op_income": [
        0,
        20
      ],
      "fcf": [
        20,
        20
      ]
    },
    "gaps": [],
    "warnings": [
      "op_income: no data"
    ]
  },
  "market_cap": null,
  "source": "SEC EDGAR",
  "last_updated": "2026-02-02T22:57:32.738103"
}