{
  "ticker": "CRMZ",
  "name": "CreditRiskMonitor.com, Inc.",
  "quarters": [
    {
      "date": "2020-12-31T00:00:00",
      "quarter_label": "2020-12 (Q4)",
      "revenue": 4134156,
      "gross_profit": null,
      "operating_income": -199341,
      "net_income": -159083,
      "opex": 4333497,
      "cogs": null,
      "rd": null,
      "sga": 2804378,
      "fcf": 310319,
      "ocf": 509974,
      "capex": -199655,
      "gross_margin": null,
      "op_margin": -0.04821806434009747,
      "fcf_margin": 0.0750622376127074
    },
    {
      "date": "2021-03-31T00:00:00",
      "quarter_label": "2021-03 (Q1)",
      "revenue": 4132901,
      "gross_profit": null,
      "operating_income": 239811,
      "net_income": 187714,
      "opex": 3893090,
      "cogs": null,
      "rd": null,
      "sga": 2200792,
      "fcf": -296556,
      "ocf": -192971,
      "capex": -103585,
      "gross_margin": null,
      "op_margin": 0.05802485953571111,
      "fcf_margin": -0.07175492468849362,
      "fcf_margin_change": -0.146817162301201
    },
    {
      "date": "2021-06-30T00:00:00",
      "quarter_label": "2021-06 (Q2)",
      "revenue": 4248179,
      "gross_profit": null,
      "operating_income": 417608,
      "net_income": 322708,
      "opex": 3830571,
      "cogs": null,
      "rd": null,
      "sga": 2190382,
      "fcf": 439381,
      "ocf": 518530,
      "capex": -79149,
      "gross_margin": null,
      "op_margin": 0.09830282575192806,
      "fcf_margin": 0.10342808059641555,
      "op_leverage_ratio": Infinity,
      "fcf_margin_change": 0.17518300528490915
    },
    {
      "date": "2021-09-30T00:00:00",
      "quarter_label": "2021-09 (Q3)",
      "revenue": 4323676,
      "gross_profit": null,
      "operating_income": 704187,
      "net_income": 495352,
      "opex": 3619489,
      "cogs": null,
      "rd": null,
      "sga": 2024562,
      "fcf": 790252,
      "ocf": 879230,
      "capex": -88978,
      "gross_margin": null,
      "op_margin": 0.162867661684178,
      "fcf_margin": 0.18277317726860198,
      "op_leverage_ratio": Infinity,
      "fcf_margin_change": 0.07934509667218644
    },
    {
      "date": "2021-12-31T00:00:00",
      "quarter_label": "2021-12 (Q4)",
      "revenue": 4360376,
      "gross_profit": null,
      "operating_income": 940442,
      "net_income": 2357930,
      "opex": 3419934,
      "cogs": null,
      "rd": null,
      "sga": 1718958,
      "fcf": 687475,
      "ocf": 772580,
      "capex": -85105,
      "gross_margin": null,
      "op_margin": 0.21567910657246073,
      "fcf_margin": 0.1576641555682354,
      "rev_growth_yoy": 0.054719754165058115,
      "fcf_margin_change": -0.02510902170036658
    },
    {
      "date": "2022-03-31T00:00:00",
      "quarter_label": "2022-03 (Q1)",
      "revenue": 4338202,
      "gross_profit": null,
      "operating_income": 194980,
      "net_income": 151121,
      "opex": 4143222,
      "cogs": null,
      "rd": null,
      "sga": 2300849,
      "fcf": -186131,
      "ocf": -115769,
      "capex": -70362,
      "gross_margin": null,
      "op_margin": 0.04494488730584698,
      "fcf_margin": -0.04290510215983488,
      "rev_growth_yoy": 0.049674792597257954,
      "rev_growth_yoy_accel": -0.005044961567800162,
      "fcf_margin_change": -0.20056925772807027
    },
    {
      "date": "2022-06-30T00:00:00",
      "quarter_label": "2022-06 (Q2)",
      "revenue": 4450017,
      "gross_profit": null,
      "operating_income": 284744,
      "net_income": 212668,
      "opex": 4165273,
      "cogs": null,
      "rd": null,
      "sga": 2342699,
      "fcf": 432373,
      "ocf": 529642,
      "capex": -97269,
      "gross_margin": null,
      "op_margin": 0.06398717128496363,
      "fcf_margin": 0.09716210072905339,
      "rev_growth_yoy": 0.047511651462897396,
      "rev_growth_yoy_accel": -0.0021631411343605578,
      "op_leverage_ratio": 4.842841024257255,
      "fcf_margin_change": 0.14006720288888827
    },
    {
      "date": "2022-09-30T00:00:00",
      "quarter_label": "2022-09 (Q3)",
      "revenue": 4547708,
      "gross_profit": null,
      "operating_income": 572218,
      "net_income": 485977,
      "opex": 3975490,
      "cogs": null,
      "rd": null,
      "sga": 2230553,
      "fcf": 978203,
      "ocf": 1007482,
      "capex": -29279,
      "gross_margin": null,
      "op_margin": 0.12582558071010716,
      "fcf_margin": 0.21509802300411549,
      "rev_growth_yoy": 0.05181516838912074,
      "rev_growth_yoy_accel": 0.004303516926223341,
      "op_leverage_ratio": Infinity,
      "fcf_margin_change": 0.1179359222750621
    },
    {
      "date": "2022-12-31T00:00:00",
      "quarter_label": "2022-12 (Q4)",
      "revenue": 4643390,
      "gross_profit": null,
      "operating_income": 519537,
      "net_income": 510472,
      "opex": 4123853,
      "cogs": null,
      "rd": null,
      "sga": 2176413,
      "fcf": 262096,
      "ocf": 323140,
      "capex": -61044,
      "gross_margin": null,
      "op_margin": 0.11188743568815025,
      "fcf_margin": 0.05644496800828705,
      "rev_growth_yoy": 0.06490587050291076,
      "rev_growth_yoy_accel": 0.013090702113790022,
      "op_leverage_ratio": 0.5637709994169404,
      "fcf_margin_change": -0.15865305499582844
    },
    {
      "date": "2023-03-31T00:00:00",
      "quarter_label": "2023-03 (Q1)",
      "revenue": 4590744,
      "gross_profit": null,
      "operating_income": 213811,
      "net_income": 275280,
      "opex": 4376933,
      "cogs": null,
      "rd": null,
      "sga": 2359041,
      "fcf": -228736,
      "ocf": -175075,
      "capex": -53661,
      "gross_margin": null,
      "op_margin": 0.04657436790202198,
      "fcf_margin": -0.049825474912127535,
      "rev_growth_yoy": 0.0582135179505242,
      "rev_growth_yoy_accel": -0.006692352552386559,
      "fcf_margin_change": -0.10627044292041458
    },
    {
      "date": "2023-06-30T00:00:00",
      "quarter_label": "2023-06 (Q2)",
      "revenue": 4682499,
      "gross_profit": null,
      "operating_income": 400994,
      "net_income": 451351,
      "opex": 4281505,
      "cogs": null,
      "rd": null,
      "sga": 2252514,
      "fcf": 774340,
      "ocf": 836496,
      "capex": -62156,
      "gross_margin": null,
      "op_margin": 0.08563675080336376,
      "fcf_margin": 0.16536896217169508,
      "rev_growth_yoy": 0.05224294648762016,
      "rev_growth_yoy_accel": -0.005970571462904042,
      "op_leverage_ratio": Infinity,
      "fcf_margin_change": 0.21519443708382263
    },
    {
      "date": "2023-09-30T00:00:00",
      "quarter_label": "2023-09 (Q3)",
      "revenue": 4792869,
      "gross_profit": null,
      "operating_income": 306146,
      "net_income": 378677,
      "opex": 4486723,
      "cogs": null,
      "rd": null,
      "sga": 2439147,
      "fcf": 674542,
      "ocf": 706984,
      "capex": -32442,
      "gross_margin": null,
      "op_margin": 0.06387531142620421,
      "fcf_margin": 0.14073866821730366,
      "rev_growth_yoy": 0.05390869422575064,
      "rev_growth_yoy_accel": 0.0016657477381304825,
      "op_leverage_ratio": 0.491761306580479,
      "fcf_margin_change": -0.024630293954391425
    },
    {
      "date": "2023-12-31T00:00:00",
      "quarter_label": "2023-12 (Q4)",
      "revenue": 4865819,
      "gross_profit": null,
      "operating_income": 571145,
      "net_income": 589745,
      "opex": 4294674,
      "cogs": null,
      "rd": null,
      "sga": 2172329,
      "fcf": -74734,
      "ocf": 80902,
      "capex": -155636,
      "gross_margin": null,
      "op_margin": 0.11737900649407633,
      "fcf_margin": -0.015358976566945872,
      "rev_growth_yoy": 0.04790228690676424,
      "rev_growth_yoy_accel": -0.006006407318986398,
      "op_leverage_ratio": Infinity,
      "fcf_margin_change": -0.15609764478424953
    },
    {
      "date": "2024-03-31T00:00:00",
      "quarter_label": "2024-03 (Q1)",
      "revenue": 4808707,
      "gross_profit": null,
      "operating_income": -35841,
      "net_income": 127407,
      "opex": 4844548,
      "cogs": null,
      "rd": null,
      "sga": 2553601,
      "fcf": 411510,
      "ocf": 608774,
      "capex": -197264,
      "gross_margin": null,
      "op_margin": -0.007453354924723008,
      "fcf_margin": 0.08557601866780405,
      "rev_growth_yoy": 0.047478796465235264,
      "rev_growth_yoy_accel": -0.00042349044152897863,
      "fcf_margin_change": 0.10093499523474993
    },
    {
      "date": "2024-06-30T00:00:00",
      "quarter_label": "2024-06 (Q2)",
      "revenue": 4933767,
      "gross_profit": null,
      "operating_income": -25644,
      "net_income": 129186,
      "opex": 4959411,
      "cogs": null,
      "rd": null,
      "sga": 2685333,
      "fcf": 951827,
      "ocf": 951827,
      "capex": null,
      "gross_margin": null,
      "op_margin": -0.005197651206471647,
      "fcf_margin": 0.19292094661138234,
      "rev_growth_yoy": 0.05366108994363907,
      "rev_growth_yoy_accel": 0.006182293478403808,
      "op_leverage_ratio": 1.096890352566848,
      "fcf_margin_change": 0.10734492794357829
    },
    {
      "date": "2024-09-30T00:00:00",
      "quarter_label": "2024-09 (Q3)",
      "revenue": 5009370,
      "gross_profit": null,
      "operating_income": 449254,
      "net_income": 551582,
      "opex": 4560116,
      "cogs": null,
      "rd": null,
      "sga": 2256732,
      "fcf": 568078,
      "ocf": 648853,
      "capex": -80775,
      "gross_margin": null,
      "op_margin": 0.0896827345554431,
      "fcf_margin": 0.11340308262316419,
      "rev_growth_yoy": 0.04517148288425993,
      "rev_growth_yoy_accel": -0.008489607059379144,
      "op_leverage_ratio": Infinity,
      "fcf_margin_change": -0.07951786398821815
    },
    {
      "date": "2024-12-31T00:00:00",
      "quarter_label": "2024-12 (Q4)",
      "revenue": 5058036,
      "gross_profit": null,
      "operating_income": 861774,
      "net_income": 866727,
      "opex": 4196262,
      "cogs": null,
      "rd": null,
      "sga": 2030741,
      "fcf": 561779,
      "ocf": 662454,
      "capex": -100675,
      "gross_margin": null,
      "op_margin": 0.17037719778981408,
      "fcf_margin": 0.11106662744195574,
      "rev_growth_yoy": 0.039503524483750836,
      "rev_growth_yoy_accel": -0.005667958400509092,
      "fcf_margin_change": -0.002336455181208452
    },
    {
      "date": "2025-03-31T00:00:00",
      "quarter_label": "2025-03 (Q1)",
      "revenue": 4871412,
      "gross_profit": null,
      "operating_income": 25367,
      "net_income": 159062,
      "opex": 4846045,
      "cogs": null,
      "rd": null,
      "sga": 2476951,
      "fcf": -843587,
      "ocf": -837587,
      "capex": -6000,
      "gross_margin": null,
      "op_margin": 0.00520731976683557,
      "fcf_margin": -0.17317094099205732,
      "rev_growth_yoy": 0.013039887853429206,
      "rev_growth_yoy_accel": -0.02646363663032163,
      "fcf_margin_change": -0.28423756843401304
    },
    {
      "date": "2025-06-30T00:00:00",
      "quarter_label": "2025-06 (Q2)",
      "revenue": 5059542,
      "gross_profit": null,
      "operating_income": 121270,
      "net_income": 229527,
      "opex": 4938272,
      "cogs": null,
      "rd": null,
      "sga": 2627168,
      "fcf": 792323,
      "ocf": 1000554,
      "capex": -208231,
      "gross_margin": null,
      "op_margin": 0.023968572649461155,
      "fcf_margin": 0.15659974756608405,
      "rev_growth_yoy": 0.02549269148705239,
      "rev_growth_yoy_accel": 0.012452803633623184,
      "op_leverage_ratio": 2.0292359822206647,
      "fcf_margin_change": 0.3297706885581414
    },
    {
      "date": "2025-09-30T00:00:00",
      "quarter_label": "2025-09 (Q3)",
      "revenue": 5094736,
      "gross_profit": null,
      "operating_income": 127419,
      "net_income": 244868,
      "opex": 4967317,
      "cogs": null,
      "rd": null,
      "sga": 2697192,
      "fcf": 1421353,
      "ocf": 1422695,
      "capex": -1342,
      "gross_margin": null,
      "op_margin": 0.02500993181982344,
      "fcf_margin": 0.27898462255944173,
      "rev_growth_yoy": 0.017041264670008403,
      "rev_growth_yoy_accel": -0.008451426817043986,
      "fcf_margin_change": 0.12238487499335768
    }
  ],
  "signals": [
    {
      "quarter": "2025-09 (Q3)",
      "signal": "FCF MARGIN EXPANSION",
      "detail": "FCF margin: +15.7% -> +27.9% (+12.2%)",
      "severity": "MEDIUM"
    },
    {
      "quarter": "2025-06 (Q2)",
      "signal": "FCF TURNED POSITIVE",
      "detail": "FCF margin: -17.3% -> +15.7%",
      "severity": "HIGH"
    },
    {
      "quarter": "2025-06 (Q2)",
      "signal": "OPERATING LEVERAGE",
      "detail": "Rev growth +3.9% vs OpEx growth +1.9% (leverage: 2.0x)",
      "severity": "MEDIUM"
    },
    {
      "quarter": "2025-06 (Q2)",
      "signal": "OP MARGIN TURNED POSITIVE (YoY)",
      "detail": "Op margin: -0.5% (year-ago) -> +2.4%",
      "severity": "HIGH"
    },
    {
      "quarter": "2025-03 (Q1)",
      "signal": "OP MARGIN TURNED POSITIVE (YoY)",
      "detail": "Op margin: -0.7% (year-ago) -> +0.5%",
      "severity": "HIGH"
    },
    {
      "quarter": "2024-09 (Q3)",
      "signal": "OP MARGIN TURNED POSITIVE (QoQ)",
      "detail": "Op margin: -0.5% -> +9.0%",
      "severity": "HIGH"
    },
    {
      "quarter": "2024-06 (Q2)",
      "signal": "FCF MARGIN EXPANSION",
      "detail": "FCF margin: +8.6% -> +19.3% (+10.7%)",
      "severity": "MEDIUM"
    },
    {
      "quarter": "2024-03 (Q1)",
      "signal": "FCF TURNED POSITIVE",
      "detail": "FCF margin: -1.5% -> +8.6%",
      "severity": "HIGH"
    },
    {
      "quarter": "2023-06 (Q2)",
      "signal": "FCF TURNED POSITIVE",
      "detail": "FCF margin: -5.0% -> +16.5%",
      "severity": "HIGH"
    },
    {
      "quarter": "2022-09 (Q3)",
      "signal": "FCF MARGIN EXPANSION",
      "detail": "FCF margin: +9.7% -> +21.5% (+11.8%)",
      "severity": "MEDIUM"
    },
    {
      "quarter": "2022-06 (Q2)",
      "signal": "FCF TURNED POSITIVE",
      "detail": "FCF margin: -4.3% -> +9.7%",
      "severity": "HIGH"
    },
    {
      "quarter": "2022-06 (Q2)",
      "signal": "OPERATING LEVERAGE",
      "detail": "Rev growth +2.6% vs OpEx growth +0.5% (leverage: 4.8x)",
      "severity": "MEDIUM"
    },
    {
      "quarter": "2021-12 (Q4)",
      "signal": "OP MARGIN TURNED POSITIVE (YoY)",
      "detail": "Op margin: -4.8% (year-ago) -> +21.6%",
      "severity": "HIGH"
    },
    {
      "quarter": "2021-09 (Q3)",
      "signal": "FCF MARGIN EXPANSION",
      "detail": "FCF margin: +10.3% -> +18.3% (+7.9%)",
      "severity": "MEDIUM"
    },
    {
      "quarter": "2021-06 (Q2)",
      "signal": "FCF TURNED POSITIVE",
      "detail": "FCF margin: -7.2% -> +10.3%",
      "severity": "HIGH"
    },
    {
      "quarter": "2021-03 (Q1)",
      "signal": "OP MARGIN TURNED POSITIVE (QoQ)",
      "detail": "Op margin: -4.8% -> +5.8%",
      "severity": "HIGH"
    }
  ],
  "data_quality": {
    "n_quarters": 20,
    "coverage": {
      "revenue": [
        20,
        20
      ],
      "gross_profit": [
        0,
        20
      ],
      "op_income": [
        20,
        20
      ],
      "fcf": [
        20,
        20
      ]
    },
    "gaps": [],
    "warnings": [
      "gross_profit: no data"
    ]
  },
  "market_cap": null,
  "source": "SEC EDGAR",
  "last_updated": "2026-02-02T23:53:31.074999"
}