{
  "ticker": "CRSP",
  "name": "CRISPR THERAPEUTICS AG",
  "quarters": [
    {
      "date": "2020-12-31T00:00:00",
      "quarter_label": "2020-12 (Q4)",
      "revenue": 370000,
      "gross_profit": null,
      "operating_income": -107761000,
      "net_income": -107039000,
      "opex": 108131000,
      "cogs": null,
      "rd": 82365000,
      "sga": null,
      "fcf": -87451000,
      "ocf": -81212000,
      "capex": -6239000,
      "gross_margin": null,
      "op_margin": -291.24594594594595,
      "fcf_margin": -236.35405405405405
    },
    {
      "date": "2021-03-31T00:00:00",
      "quarter_label": "2021-03 (Q1)",
      "revenue": 539000,
      "gross_profit": null,
      "operating_income": -114543000,
      "net_income": -113163000,
      "opex": 115082000,
      "cogs": null,
      "rd": 90565000,
      "sga": null,
      "fcf": -107687000,
      "ocf": -100663000,
      "capex": -7024000,
      "gross_margin": null,
      "op_margin": -212.51020408163265,
      "fcf_margin": -199.7903525046382,
      "op_leverage_ratio": 7.105389852519762,
      "fcf_margin_change": 36.56370154941584
    },
    {
      "date": "2021-06-30T00:00:00",
      "quarter_label": "2021-06 (Q2)",
      "revenue": 900701000,
      "gross_profit": null,
      "operating_income": 762618000,
      "net_income": 759225000,
      "opex": 138083000,
      "cogs": null,
      "rd": 108277000,
      "sga": null,
      "fcf": 778553000,
      "ocf": 807002000,
      "capex": -28449000,
      "gross_margin": null,
      "op_margin": 0.8466938528990198,
      "fcf_margin": 0.8643856285271139,
      "op_leverage_ratio": 8355.887671254755,
      "fcf_margin_change": 200.65473813316532
    },
    {
      "date": "2021-09-30T00:00:00",
      "quarter_label": "2021-09 (Q3)",
      "revenue": 824000,
      "gross_profit": null,
      "operating_income": -128849000,
      "net_income": -127153000,
      "opex": 129673000,
      "cogs": null,
      "rd": 105321000,
      "sga": null,
      "fcf": -118378000,
      "ocf": -81329000,
      "capex": -37049000,
      "gross_margin": null,
      "op_margin": -156.37014563106797,
      "fcf_margin": -143.6626213592233,
      "fcf_margin_change": -144.5270069877504
    },
    {
      "date": "2021-12-31T00:00:00",
      "quarter_label": "2021-12 (Q4)",
      "revenue": 12899000,
      "gross_profit": null,
      "operating_income": -145698000,
      "net_income": -141248000,
      "opex": 158597000,
      "cogs": null,
      "rd": 134470000,
      "sga": null,
      "fcf": -95221000,
      "ocf": -86038000,
      "capex": -9183000,
      "gross_margin": null,
      "op_margin": -11.295294208853399,
      "fcf_margin": -7.382045119776727,
      "incr_op_margin_yoy": -3.0279351903583684,
      "rev_growth_yoy": 33.862162162162164,
      "op_leverage_ratio": 65.69784637308622,
      "fcf_margin_change": 136.28057623944656
    },
    {
      "date": "2022-03-31T00:00:00",
      "quarter_label": "2022-03 (Q1)",
      "revenue": 940000,
      "gross_profit": null,
      "operating_income": -175972000,
      "net_income": -179217000,
      "opex": 176912000,
      "cogs": null,
      "rd": 118245000,
      "sga": null,
      "fcf": -150589000,
      "ocf": -135239000,
      "capex": -15350000,
      "gross_margin": null,
      "op_margin": -187.20425531914893,
      "fcf_margin": -160.20106382978724,
      "rev_growth_yoy": 0.7439703153988868,
      "rev_growth_yoy_accel": -33.118191846763274,
      "fcf_margin_change": -152.8190187100105
    },
    {
      "date": "2022-06-30T00:00:00",
      "quarter_label": "2022-06 (Q2)",
      "revenue": 158000,
      "gross_profit": null,
      "operating_income": -183260000,
      "net_income": -185834000,
      "opex": 183418000,
      "cogs": null,
      "rd": 123223000,
      "sga": null,
      "fcf": -151586000,
      "ocf": -141956000,
      "capex": -9630000,
      "gross_margin": null,
      "op_margin": -1159.873417721519,
      "fcf_margin": -959.4050632911392,
      "incr_op_margin_yoy": 1.050341849306474,
      "rev_growth_yoy": -0.999824581076295,
      "rev_growth_yoy_accel": -1.743794896475182,
      "fcf_margin_change": -799.2039994613519
    },
    {
      "date": "2022-09-30T00:00:00",
      "quarter_label": "2022-09 (Q3)",
      "revenue": 94000,
      "gross_profit": null,
      "operating_income": -182388000,
      "net_income": -174549000,
      "opex": 182482000,
      "cogs": null,
      "rd": 116622000,
      "sga": null,
      "fcf": -111235000,
      "ocf": -105218000,
      "capex": -6017000,
      "gross_margin": null,
      "op_margin": -1940.2978723404256,
      "fcf_margin": -1183.3510638297873,
      "rev_growth_yoy": -0.8859223300970874,
      "rev_growth_yoy_accel": 0.11390225097920759,
      "fcf_margin_change": -223.94600053864815
    },
    {
      "date": "2022-12-31T00:00:00",
      "quarter_label": "2022-12 (Q4)",
      "revenue": 6000,
      "gross_profit": null,
      "operating_income": -131541000,
      "net_income": -110575000,
      "opex": 131547000,
      "cogs": null,
      "rd": 103555000,
      "sga": null,
      "fcf": -119519000,
      "ocf": -113328000,
      "capex": -6191000,
      "gross_margin": null,
      "op_margin": -21923.5,
      "fcf_margin": -19919.833333333332,
      "incr_op_margin_yoy": -1.098037694873187,
      "rev_growth_yoy": -0.9995348476626095,
      "rev_growth_yoy_accel": -0.11361251756552204,
      "fcf_margin_change": -18736.482269503544
    },
    {
      "date": "2023-03-31T00:00:00",
      "quarter_label": "2023-03 (Q1)",
      "revenue": 100000000,
      "gross_profit": null,
      "operating_income": -64487000,
      "net_income": -53065000,
      "opex": 164487000,
      "cogs": null,
      "rd": 99935000,
      "sga": null,
      "fcf": 5740000,
      "ocf": 8799000,
      "capex": -3059000,
      "gross_margin": null,
      "op_margin": -0.64487,
      "fcf_margin": 0.0574,
      "incr_op_margin_yoy": 1.125429032909348,
      "rev_growth_yoy": 105.38297872340425,
      "rev_growth_yoy_accel": 106.38251357106687,
      "op_leverage_ratio": 66554.90142683667,
      "fcf_margin_change": 19919.890733333334
    },
    {
      "date": "2023-06-30T00:00:00",
      "quarter_label": "2023-06 (Q2)",
      "revenue": 70000000,
      "gross_profit": null,
      "operating_income": -95223000,
      "net_income": -77740000,
      "opex": 165223000,
      "cogs": null,
      "rd": 101555000,
      "sga": null,
      "fcf": -136800000,
      "ocf": -133245000,
      "capex": -3555000,
      "gross_margin": null,
      "op_margin": -1.3603285714285713,
      "fcf_margin": -1.9542857142857142,
      "incr_op_margin_yoy": 1.2605165945992383,
      "rev_growth_yoy": 442.0379746835443,
      "rev_growth_yoy_accel": 336.65499596014,
      "fcf_margin_change": -2.011685714285714
    },
    {
      "date": "2023-09-30T00:00:00",
      "quarter_label": "2023-09 (Q3)",
      "revenue": 0,
      "gross_profit": null,
      "operating_income": -132411000,
      "net_income": -112152000,
      "opex": 132411000,
      "cogs": null,
      "rd": 90698000,
      "sga": null,
      "fcf": -41974000,
      "ocf": -39856000,
      "capex": -2118000,
      "gross_margin": null,
      "op_margin": null,
      "fcf_margin": null,
      "rev_growth_yoy": -1.0,
      "rev_growth_yoy_accel": -443.0379746835443
    },
    {
      "date": "2023-12-31T00:00:00",
      "quarter_label": "2023-12 (Q4)",
      "revenue": 201206000,
      "gross_profit": null,
      "operating_income": 69583000,
      "net_income": 89347000,
      "opex": 131623000,
      "cogs": null,
      "rd": 95144000,
      "sga": null,
      "fcf": -96811000,
      "ocf": -96073000,
      "capex": -738000,
      "gross_margin": null,
      "op_margin": 0.34582964722721987,
      "fcf_margin": -0.481153643529517,
      "incr_op_margin_yoy": 0.9996222664015905,
      "rev_growth_yoy": 33533.333333333336,
      "rev_growth_yoy_accel": 33534.333333333336
    },
    {
      "date": "2024-03-31T00:00:00",
      "quarter_label": "2024-03 (Q1)",
      "revenue": 504000,
      "gross_profit": null,
      "operating_income": -140587000,
      "net_income": -116591000,
      "opex": 141091000,
      "cogs": null,
      "rd": 76172000,
      "sga": null,
      "fcf": 109031000,
      "ocf": 109752000,
      "capex": -721000,
      "gross_margin": null,
      "op_margin": -278.9424603174603,
      "fcf_margin": 216.33134920634922,
      "incr_op_margin_yoy": 0.7648548685374287,
      "rev_growth_yoy": -0.99496,
      "rev_growth_yoy_accel": -33534.32829333334,
      "fcf_margin_change": 216.81250284987874
    },
    {
      "date": "2024-06-30T00:00:00",
      "quarter_label": "2024-06 (Q2)",
      "revenue": 517000,
      "gross_profit": null,
      "operating_income": -151260000,
      "net_income": -126408000,
      "opex": 151777000,
      "cogs": null,
      "rd": 80165000,
      "sga": null,
      "fcf": -96289000,
      "ocf": -95582000,
      "capex": -707000,
      "gross_margin": null,
      "op_margin": -292.57253384912957,
      "fcf_margin": -186.24564796905221,
      "incr_op_margin_yoy": 0.8064850395060662,
      "rev_growth_yoy": -0.9926142857142857,
      "rev_growth_yoy_accel": 0.0023457142857142843,
      "op_leverage_ratio": 0.3405626037925308,
      "fcf_margin_change": -402.5769971754014
    },
    {
      "date": "2024-09-30T00:00:00",
      "quarter_label": "2024-09 (Q3)",
      "revenue": 602000,
      "gross_profit": null,
      "operating_income": -110130000,
      "net_income": -85942000,
      "opex": 110732000,
      "cogs": null,
      "rd": 82160000,
      "sga": null,
      "fcf": -107132000,
      "ocf": -106913000,
      "capex": -219000,
      "gross_margin": null,
      "op_margin": -182.9401993355482,
      "fcf_margin": -177.96013289036546,
      "op_leverage_ratio": Infinity,
      "fcf_margin_change": 8.285515078686757
    },
    {
      "date": "2024-12-31T00:00:00",
      "quarter_label": "2024-12 (Q4)",
      "revenue": 35691000,
      "gross_profit": null,
      "operating_income": -64588000,
      "net_income": -37311000,
      "opex": 100279000,
      "cogs": null,
      "rd": 82155000,
      "sga": null,
      "fcf": -50285000,
      "ocf": -50031000,
      "capex": -254000,
      "gross_margin": null,
      "op_margin": -1.8096438878148553,
      "fcf_margin": -1.4088986018884313,
      "incr_op_margin_yoy": 0.8106274355798568,
      "rev_growth_yoy": -0.8226146337584366,
      "op_leverage_ratio": Infinity,
      "fcf_margin_change": 176.55123428847702
    },
    {
      "date": "2025-03-31T00:00:00",
      "quarter_label": "2025-03 (Q1)",
      "revenue": 865000,
      "gross_profit": null,
      "operating_income": -148424000,
      "net_income": -135996000,
      "opex": 149289000,
      "cogs": null,
      "rd": 72484000,
      "sga": null,
      "fcf": -54153000,
      "ocf": -53947000,
      "capex": -206000,
      "gross_margin": null,
      "op_margin": -171.5884393063584,
      "fcf_margin": -62.60462427745665,
      "rev_growth_yoy": 0.7162698412698413,
      "rev_growth_yoy_accel": 1.538884475028278,
      "fcf_margin_change": -61.19572567556822
    },
    {
      "date": "2025-06-30T00:00:00",
      "quarter_label": "2025-06 (Q2)",
      "revenue": 892000,
      "gross_profit": null,
      "operating_income": -229324000,
      "net_income": -208549000,
      "opex": 230216000,
      "cogs": null,
      "rd": 69894000,
      "sga": null,
      "fcf": -113997000,
      "ocf": -113880000,
      "capex": -117000,
      "gross_margin": null,
      "op_margin": -257.0896860986547,
      "fcf_margin": -127.79932735426009,
      "rev_growth_yoy": 0.7253384912959381,
      "rev_growth_yoy_accel": 0.009068650026096803,
      "op_leverage_ratio": 0.05758137409358652,
      "fcf_margin_change": -65.19470307680344
    },
    {
      "date": "2025-09-30T00:00:00",
      "quarter_label": "2025-09 (Q3)",
      "revenue": 889000,
      "gross_profit": null,
      "operating_income": -132059000,
      "net_income": -106441000,
      "opex": 132948000,
      "cogs": null,
      "rd": 58902000,
      "sga": null,
      "fcf": -84708000,
      "ocf": -84634000,
      "capex": -74000,
      "gross_margin": null,
      "op_margin": -148.54780652418447,
      "fcf_margin": -95.28458942632172,
      "rev_growth_yoy": 0.47674418604651164,
      "rev_growth_yoy_accel": -0.24859430524942644,
      "fcf_margin_change": 32.51473792793837
    }
  ],
  "signals": [
    {
      "quarter": "2025-09 (Q3)",
      "signal": "FCF MARGIN EXPANSION",
      "detail": "FCF margin: -12779.9% -> -9528.5% (+3251.5%)",
      "severity": "MEDIUM"
    },
    {
      "quarter": "2025-09 (Q3)",
      "signal": "YoY REVENUE GROWTH DECELERATION",
      "detail": "YoY growth: +47.7% vs prior quarter YoY: +72.5% (decel: -24.9%)",
      "severity": "WARNING"
    },
    {
      "quarter": "2025-03 (Q1)",
      "signal": "YoY REVENUE GROWTH ACCELERATION",
      "detail": "YoY growth: +71.6% vs prior quarter YoY: -82.3% (accel: +153.9%)",
      "severity": "HIGH"
    },
    {
      "quarter": "2024-12 (Q4)",
      "signal": "FCF MARGIN EXPANSION",
      "detail": "FCF margin: -17796.0% -> -140.9% (+17655.1%)",
      "severity": "MEDIUM"
    },
    {
      "quarter": "2024-09 (Q3)",
      "signal": "FCF MARGIN EXPANSION",
      "detail": "FCF margin: -18624.6% -> -17796.0% (+828.6%)",
      "severity": "MEDIUM"
    },
    {
      "quarter": "2024-03 (Q1)",
      "signal": "FCF TURNED POSITIVE",
      "detail": "FCF margin: -48.1% -> +21633.1%",
      "severity": "HIGH"
    },
    {
      "quarter": "2024-03 (Q1)",
      "signal": "YoY REVENUE GROWTH DECELERATION",
      "detail": "YoY growth: -99.5% vs prior quarter YoY: +3353333.3% (decel: -3353432.8%)",
      "severity": "WARNING"
    },
    {
      "quarter": "2023-12 (Q4)",
      "signal": "YoY REVENUE GROWTH ACCELERATION",
      "detail": "YoY growth: +3353333.3% vs prior quarter YoY: -100.0% (accel: +3353433.3%)",
      "severity": "HIGH"
    },
    {
      "quarter": "2023-12 (Q4)",
      "signal": "OP MARGIN TURNED POSITIVE (YoY)",
      "detail": "Op margin: -2192350.0% (year-ago) -> +34.6%",
      "severity": "HIGH"
    },
    {
      "quarter": "2023-09 (Q3)",
      "signal": "YoY REVENUE GROWTH DECELERATION",
      "detail": "YoY growth: -100.0% vs prior quarter YoY: +44203.8% (decel: -44303.8%)",
      "severity": "WARNING"
    },
    {
      "quarter": "2023-06 (Q2)",
      "signal": "YoY REVENUE GROWTH ACCELERATION",
      "detail": "YoY growth: +44203.8% vs prior quarter YoY: +10538.3% (accel: +33665.5%)",
      "severity": "HIGH"
    },
    {
      "quarter": "2023-03 (Q1)",
      "signal": "FCF TURNED POSITIVE",
      "detail": "FCF margin: -1991983.3% -> +5.7%",
      "severity": "HIGH"
    },
    {
      "quarter": "2023-03 (Q1)",
      "signal": "OPERATING LEVERAGE",
      "detail": "Rev growth +1666566.7% vs OpEx growth +25.0% (leverage: 66554.9x)",
      "severity": "MEDIUM"
    },
    {
      "quarter": "2023-03 (Q1)",
      "signal": "YoY REVENUE GROWTH ACCELERATION",
      "detail": "YoY growth: +10538.3% vs prior quarter YoY: -100.0% (accel: +10638.3%)",
      "severity": "HIGH"
    },
    {
      "quarter": "2022-12 (Q4)",
      "signal": "YoY REVENUE GROWTH DECELERATION",
      "detail": "YoY growth: -100.0% vs prior quarter YoY: -88.6% (decel: -11.4%)",
      "severity": "WARNING"
    },
    {
      "quarter": "2022-09 (Q3)",
      "signal": "YoY REVENUE GROWTH ACCELERATION",
      "detail": "YoY growth: -88.6% vs prior quarter YoY: -100.0% (accel: +11.4%)",
      "severity": "MEDIUM"
    },
    {
      "quarter": "2022-06 (Q2)",
      "signal": "YoY REVENUE GROWTH DECELERATION",
      "detail": "YoY growth: -100.0% vs prior quarter YoY: +74.4% (decel: -174.4%)",
      "severity": "WARNING"
    },
    {
      "quarter": "2022-03 (Q1)",
      "signal": "YoY REVENUE GROWTH DECELERATION",
      "detail": "YoY growth: +74.4% vs prior quarter YoY: +3386.2% (decel: -3311.8%)",
      "severity": "WARNING"
    },
    {
      "quarter": "2021-12 (Q4)",
      "signal": "FCF MARGIN EXPANSION",
      "detail": "FCF margin: -14366.3% -> -738.2% (+13628.1%)",
      "severity": "MEDIUM"
    },
    {
      "quarter": "2021-12 (Q4)",
      "signal": "OPERATING LEVERAGE",
      "detail": "Rev growth +1465.4% vs OpEx growth +22.3% (leverage: 65.7x)",
      "severity": "MEDIUM"
    },
    {
      "quarter": "2021-06 (Q2)",
      "signal": "FCF TURNED POSITIVE",
      "detail": "FCF margin: -19979.0% -> +86.4%",
      "severity": "HIGH"
    },
    {
      "quarter": "2021-06 (Q2)",
      "signal": "OPERATING LEVERAGE",
      "detail": "Rev growth +167005.9% vs OpEx growth +20.0% (leverage: 8355.9x)",
      "severity": "MEDIUM"
    },
    {
      "quarter": "2021-06 (Q2)",
      "signal": "OP MARGIN TURNED POSITIVE (QoQ)",
      "detail": "Op margin: -21251.0% -> +84.7%",
      "severity": "HIGH"
    },
    {
      "quarter": "2021-03 (Q1)",
      "signal": "FCF MARGIN EXPANSION",
      "detail": "FCF margin: -23635.4% -> -19979.0% (+3656.4%)",
      "severity": "MEDIUM"
    },
    {
      "quarter": "2021-03 (Q1)",
      "signal": "OPERATING LEVERAGE",
      "detail": "Rev growth +45.7% vs OpEx growth +6.4% (leverage: 7.1x)",
      "severity": "MEDIUM"
    }
  ],
  "data_quality": {
    "n_quarters": 20,
    "coverage": {
      "revenue": [
        20,
        20
      ],
      "gross_profit": [
        0,
        20
      ],
      "op_income": [
        20,
        20
      ],
      "fcf": [
        20,
        20
      ]
    },
    "gaps": [],
    "warnings": [
      "gross_profit: no data"
    ]
  },
  "market_cap": null,
  "source": "SEC EDGAR",
  "last_updated": "2026-02-02T21:02:25.044550"
}