{
  "ticker": "CRTO",
  "name": "Criteo S.A.",
  "quarters": [
    {
      "date": "2020-09-30T00:00:00",
      "quarter_label": "2020-09 (Q3)",
      "revenue": 470345000,
      "gross_profit": 151336000,
      "operating_income": 8051000,
      "net_income": 5227000,
      "opex": 143285000,
      "cogs": 284401000,
      "rd": 30954000,
      "sga": null,
      "fcf": 51156000,
      "ocf": 51156000,
      "capex": null,
      "gross_margin": 0.32175530727444746,
      "op_margin": 0.017117222464361266,
      "fcf_margin": 0.10876271672920941
    },
    {
      "date": "2020-12-31T00:00:00",
      "quarter_label": "2020-12 (Q4)",
      "revenue": 661282000,
      "gross_profit": 218474000,
      "operating_income": 67183000,
      "net_income": 45277000,
      "opex": 151291000,
      "cogs": 545136000,
      "rd": 32797000,
      "sga": null,
      "fcf": 44080000,
      "ocf": 44080000,
      "capex": null,
      "gross_margin": 0.3303794750197344,
      "op_margin": 0.10159508348934343,
      "fcf_margin": 0.06665839989595966,
      "op_leverage_ratio": 7.2653862102652305,
      "fcf_margin_change": -0.04210431683324975
    },
    {
      "date": "2021-03-31T00:00:00",
      "quarter_label": "2021-03 (Q1)",
      "revenue": 541077000,
      "gross_profit": 178698000,
      "operating_income": 34219000,
      "net_income": 22406000,
      "opex": 144479000,
      "cogs": 327667000,
      "rd": 31697000,
      "sga": null,
      "fcf": 77362000,
      "ocf": 77362000,
      "capex": null,
      "gross_margin": 0.3302635299596915,
      "op_margin": 0.06324238509491255,
      "fcf_margin": 0.14297780168072197,
      "fcf_margin_change": 0.0763194017847623
    },
    {
      "date": "2021-06-30T00:00:00",
      "quarter_label": "2021-06 (Q2)",
      "revenue": 551311000,
      "gross_profit": 182869000,
      "operating_income": 19729000,
      "net_income": 14804000,
      "opex": 163140000,
      "cogs": 331078000,
      "rd": 41915000,
      "sga": null,
      "fcf": 26360000,
      "ocf": 26360000,
      "capex": null,
      "gross_margin": 0.3316984424399296,
      "op_margin": 0.03578560921149768,
      "fcf_margin": 0.04781330319910178,
      "op_leverage_ratio": 0.14643879730701184,
      "fcf_margin_change": -0.09516449848162019
    },
    {
      "date": "2021-09-30T00:00:00",
      "quarter_label": "2021-09 (Q3)",
      "revenue": 508580000,
      "gross_profit": 176026000,
      "operating_income": 32185000,
      "net_income": 23481000,
      "opex": 143841000,
      "cogs": 297619000,
      "rd": 33345000,
      "sga": null,
      "fcf": 51179000,
      "ocf": 51179000,
      "capex": null,
      "gross_margin": 0.3461127059656298,
      "op_margin": 0.06328404577450941,
      "fcf_margin": 0.1006311691375988,
      "incr_op_margin_yoy": 0.6312017784752191,
      "rev_growth_yoy": 0.08129139248849249,
      "fcf_margin_change": 0.05281786593849702
    },
    {
      "date": "2021-12-31T00:00:00",
      "quarter_label": "2021-12 (Q4)",
      "revenue": 653267000,
      "gross_profit": 244351000,
      "operating_income": 65744000,
      "net_income": 73765000,
      "opex": 178607000,
      "cogs": 515927000,
      "rd": 44860000,
      "sga": null,
      "fcf": 66012000,
      "ocf": 66012000,
      "capex": null,
      "gross_margin": 0.374044609631284,
      "op_margin": 0.10063878934646936,
      "fcf_margin": 0.10104903508060258,
      "incr_op_margin_yoy": 0.17953836556456643,
      "rev_growth_yoy": -0.01212039644206254,
      "rev_growth_yoy_accel": -0.09341178893055503,
      "op_leverage_ratio": 1.1770589183993738,
      "fcf_margin_change": 0.00041786594300377566
    },
    {
      "date": "2022-03-31T00:00:00",
      "quarter_label": "2022-03 (Q1)",
      "revenue": 510567000,
      "gross_profit": 184024000,
      "operating_income": 27662000,
      "net_income": 20587000,
      "opex": 156362000,
      "cogs": 293650000,
      "rd": 34027000,
      "sga": null,
      "fcf": 74930000,
      "ocf": 74930000,
      "capex": null,
      "gross_margin": 0.3604306584640214,
      "op_margin": 0.05417898140694561,
      "fcf_margin": 0.14675840780935706,
      "incr_op_margin_yoy": 0.2149131432317273,
      "rev_growth_yoy": -0.05638753818772559,
      "rev_growth_yoy_accel": -0.044267141745663055,
      "fcf_margin_change": 0.045709372728754485
    },
    {
      "date": "2022-06-30T00:00:00",
      "quarter_label": "2022-06 (Q2)",
      "revenue": 495090000,
      "gross_profit": 184975000,
      "operating_income": -56506000,
      "net_income": -33614000,
      "opex": 241481000,
      "cogs": 280565000,
      "rd": 41496000,
      "sga": null,
      "fcf": 13972000,
      "ocf": 13972000,
      "capex": null,
      "gross_margin": 0.373618937970874,
      "op_margin": -0.11413278393827385,
      "fcf_margin": 0.028221131511442364,
      "incr_op_margin_yoy": 1.355987976023194,
      "rev_growth_yoy": -0.10197692409547424,
      "rev_growth_yoy_accel": -0.04558938590774864,
      "fcf_margin_change": -0.11853727629791469
    },
    {
      "date": "2022-09-30T00:00:00",
      "quarter_label": "2022-09 (Q3)",
      "revenue": 446921000,
      "gross_profit": 179607000,
      "operating_income": 4478000,
      "net_income": 6579000,
      "opex": 175129000,
      "cogs": 233543000,
      "rd": 42725000,
      "sga": null,
      "fcf": 41628000,
      "ocf": 41628000,
      "capex": null,
      "gross_margin": 0.40187639426207317,
      "op_margin": 0.010019667905513502,
      "fcf_margin": 0.09314397846599287,
      "incr_op_margin_yoy": 0.44935856890316095,
      "rev_growth_yoy": -0.12123756341185261,
      "rev_growth_yoy_accel": -0.019260639316378378,
      "fcf_margin_change": 0.0649228469545505
    },
    {
      "date": "2022-12-31T00:00:00",
      "quarter_label": "2022-12 (Q4)",
      "revenue": 564425000,
      "gross_profit": 246594000,
      "operating_income": 48644000,
      "net_income": 15400000,
      "opex": 197950000,
      "cogs": 281021000,
      "rd": 69348000,
      "sga": null,
      "fcf": 125455000,
      "ocf": 125455000,
      "capex": null,
      "gross_margin": 0.4368941843469017,
      "op_margin": 0.08618328387296806,
      "fcf_margin": 0.22227045223014572,
      "incr_op_margin_yoy": 0.19247653137029783,
      "rev_growth_yoy": -0.13599646086515926,
      "rev_growth_yoy_accel": -0.01475889745330665,
      "op_leverage_ratio": 2.0176474639061035,
      "fcf_margin_change": 0.12912647376415284
    },
    {
      "date": "2023-03-31T00:00:00",
      "quarter_label": "2023-03 (Q1)",
      "revenue": 445016000,
      "gross_profit": 181509000,
      "operating_income": -23493000,
      "net_income": -11809000,
      "opex": 205002000,
      "cogs": 224398000,
      "rd": 63590000,
      "sga": null,
      "fcf": 41964000,
      "ocf": 41964000,
      "capex": null,
      "gross_margin": 0.40787072824347886,
      "op_margin": -0.052791360310640516,
      "fcf_margin": 0.09429773311521383,
      "incr_op_margin_yoy": 0.780384738600479,
      "rev_growth_yoy": -0.12838863459643887,
      "rev_growth_yoy_accel": 0.007607826268720391,
      "fcf_margin_change": -0.12797271911493188
    },
    {
      "date": "2023-06-30T00:00:00",
      "quarter_label": "2023-06 (Q2)",
      "revenue": 468934000,
      "gross_profit": 199782000,
      "operating_income": 959000,
      "net_income": -2876000,
      "opex": 198823000,
      "cogs": 228717000,
      "rd": 67775000,
      "sga": null,
      "fcf": 1328000,
      "ocf": 1328000,
      "capex": null,
      "gross_margin": 0.42603436730968536,
      "op_margin": 0.0020450639109128362,
      "fcf_margin": 0.0028319550299189225,
      "incr_op_margin_yoy": -2.1970102462150174,
      "rev_growth_yoy": -0.052830798440687554,
      "rev_growth_yoy_accel": 0.07555783615575132,
      "op_leverage_ratio": Infinity,
      "fcf_margin_change": -0.09146577808529491
    },
    {
      "date": "2023-09-30T00:00:00",
      "quarter_label": "2023-09 (Q3)",
      "revenue": 469193000,
      "gross_profit": 205127000,
      "operating_income": 11434000,
      "net_income": 6927000,
      "opex": 193693000,
      "cogs": 223798000,
      "rd": 62522000,
      "sga": null,
      "fcf": 19614000,
      "ocf": 19614000,
      "capex": null,
      "gross_margin": 0.4371910919387118,
      "op_margin": 0.024369502528810105,
      "fcf_margin": 0.04180369272346348,
      "incr_op_margin_yoy": 0.31232040229885055,
      "rev_growth_yoy": 0.049834310761857244,
      "rev_growth_yoy_accel": 0.10266510920254479,
      "fcf_margin_change": 0.038971737693544554
    },
    {
      "date": "2023-12-31T00:00:00",
      "quarter_label": "2023-12 (Q4)",
      "revenue": 566302000,
      "gross_profit": 276626000,
      "operating_income": 88318000,
      "net_income": 61017000,
      "opex": 188308000,
      "cogs": 249926000,
      "rd": 48402000,
      "sga": null,
      "fcf": 161340000,
      "ocf": 161340000,
      "capex": null,
      "gross_margin": 0.4884778792940869,
      "op_margin": 0.15595565616932308,
      "fcf_margin": 0.2849009892248306,
      "incr_op_margin_yoy": 21.13692061800746,
      "rev_growth_yoy": 0.003325508260619214,
      "rev_growth_yoy_accel": -0.04650880250123803,
      "op_leverage_ratio": Infinity,
      "fcf_margin_change": 0.2430972965013671
    },
    {
      "date": "2024-03-31T00:00:00",
      "quarter_label": "2024-03 (Q1)",
      "revenue": 450055000,
      "gross_profit": 217223000,
      "operating_income": 10354000,
      "net_income": 7244000,
      "opex": 206869000,
      "cogs": 196167000,
      "rd": 66858000,
      "sga": null,
      "fcf": 14017000,
      "ocf": 14017000,
      "capex": null,
      "gross_margin": 0.48265878614835966,
      "op_margin": 0.023006077035029052,
      "fcf_margin": 0.031145082267722835,
      "incr_op_margin_yoy": 6.717007342726731,
      "rev_growth_yoy": 0.01132318837974365,
      "rev_growth_yoy_accel": 0.007997680119124436,
      "fcf_margin_change": -0.25375590695710776
    },
    {
      "date": "2024-06-30T00:00:00",
      "quarter_label": "2024-06 (Q2)",
      "revenue": 471307000,
      "gross_profit": 232845000,
      "operating_income": 36938000,
      "net_income": 26987000,
      "opex": 195907000,
      "cogs": 204214000,
      "rd": 59639000,
      "sga": null,
      "fcf": 17187000,
      "ocf": 17187000,
      "capex": null,
      "gross_margin": 0.4940410390679536,
      "op_margin": 0.07837354420791544,
      "fcf_margin": 0.036466676709660584,
      "incr_op_margin_yoy": 15.16182048040455,
      "rev_growth_yoy": 0.005060413618974099,
      "rev_growth_yoy_accel": -0.00626277476076955,
      "op_leverage_ratio": Infinity,
      "fcf_margin_change": 0.005321594441937749
    },
    {
      "date": "2024-09-30T00:00:00",
      "quarter_label": "2024-09 (Q3)",
      "revenue": 458892000,
      "gross_profit": 231932000,
      "operating_income": 9602000,
      "net_income": 6245000,
      "opex": 222330000,
      "cogs": 192789000,
      "rd": 85285000,
      "sga": null,
      "fcf": 57503000,
      "ocf": 57503000,
      "capex": null,
      "gross_margin": 0.5054173966859304,
      "op_margin": 0.02092431334605964,
      "fcf_margin": 0.12530835142037777,
      "incr_op_margin_yoy": 0.17784681098922434,
      "rev_growth_yoy": -0.021954717994513984,
      "rev_growth_yoy_accel": -0.027015131613488085,
      "fcf_margin_change": 0.08884167471071719
    },
    {
      "date": "2024-12-31T00:00:00",
      "quarter_label": "2024-12 (Q4)",
      "revenue": 553035000,
      "gross_profit": 300971000,
      "operating_income": 94508000,
      "net_income": 71095000,
      "opex": 206463000,
      "cogs": 218636000,
      "rd": 67559000,
      "sga": null,
      "fcf": 169454000,
      "ocf": 169454000,
      "capex": null,
      "gross_margin": 0.5442169121303353,
      "op_margin": 0.1708897266899925,
      "fcf_margin": 0.3064073702387733,
      "incr_op_margin_yoy": -0.46657119167860106,
      "rev_growth_yoy": -0.023427429180896412,
      "rev_growth_yoy_accel": -0.0014727111863824284,
      "op_leverage_ratio": Infinity,
      "fcf_margin_change": 0.18109901881839552
    },
    {
      "date": "2025-03-31T00:00:00",
      "quarter_label": "2025-03 (Q1)",
      "revenue": 451434000,
      "gross_profit": 236976000,
      "operating_income": 48167000,
      "net_income": 37928000,
      "opex": 188809000,
      "cogs": 187062000,
      "rd": 60749000,
      "sga": null,
      "fcf": 62341000,
      "ocf": 62341000,
      "capex": null,
      "gross_margin": 0.5249405228671301,
      "op_margin": 0.10669776755849139,
      "fcf_margin": 0.13809549125675072,
      "incr_op_margin_yoy": 27.420594633792604,
      "rev_growth_yoy": 0.003064069947006477,
      "rev_growth_yoy_accel": 0.026491499127902888,
      "fcf_margin_change": -0.16831187898202257
    },
    {
      "date": "2025-06-30T00:00:00",
      "quarter_label": "2025-06 (Q2)",
      "revenue": 482671000,
      "gross_profit": 258518000,
      "operating_income": 30455000,
      "net_income": 21250000,
      "opex": 228063000,
      "cogs": 190602000,
      "rd": 79610000,
      "sga": null,
      "fcf": -1397000,
      "ocf": -1397000,
      "capex": null,
      "gross_margin": 0.5355987826076147,
      "op_margin": 0.06309680921372944,
      "fcf_margin": -0.0028943110317379748,
      "incr_op_margin_yoy": -0.5704857444561774,
      "rev_growth_yoy": 0.024111672434315636,
      "rev_growth_yoy_accel": 0.02104760248730916,
      "op_leverage_ratio": 0.332823379721199,
      "fcf_margin_change": -0.1409898022884887
    }
  ],
  "signals": [
    {
      "quarter": "2025-03 (Q1)",
      "signal": "INCREMENTAL MARGIN (YoY)",
      "detail": "YoY Incr OPM: +2742.1% vs year-ago OPM: +2.3%",
      "severity": "HIGH"
    },
    {
      "quarter": "2024-12 (Q4)",
      "signal": "FCF MARGIN EXPANSION",
      "detail": "FCF margin: +12.5% -> +30.6% (+18.1%)",
      "severity": "MEDIUM"
    },
    {
      "quarter": "2024-09 (Q3)",
      "signal": "FCF MARGIN EXPANSION",
      "detail": "FCF margin: +3.6% -> +12.5% (+8.9%)",
      "severity": "MEDIUM"
    },
    {
      "quarter": "2024-09 (Q3)",
      "signal": "INCREMENTAL MARGIN (YoY)",
      "detail": "YoY Incr OPM: +17.8% vs year-ago OPM: +2.4%",
      "severity": "MEDIUM"
    },
    {
      "quarter": "2024-06 (Q2)",
      "signal": "INCREMENTAL MARGIN (YoY)",
      "detail": "YoY Incr OPM: +1516.2% vs year-ago OPM: +0.2%",
      "severity": "HIGH"
    },
    {
      "quarter": "2024-03 (Q1)",
      "signal": "OP MARGIN TURNED POSITIVE (YoY)",
      "detail": "Op margin: -5.3% (year-ago) -> +2.3%",
      "severity": "HIGH"
    },
    {
      "quarter": "2023-12 (Q4)",
      "signal": "FCF MARGIN EXPANSION",
      "detail": "FCF margin: +4.2% -> +28.5% (+24.3%)",
      "severity": "MEDIUM"
    },
    {
      "quarter": "2023-12 (Q4)",
      "signal": "INCREMENTAL MARGIN (YoY)",
      "detail": "YoY Incr OPM: +2113.7% vs year-ago OPM: +8.6%",
      "severity": "HIGH"
    },
    {
      "quarter": "2023-09 (Q3)",
      "signal": "YoY REVENUE GROWTH ACCELERATION",
      "detail": "YoY growth: +5.0% vs prior quarter YoY: -5.3% (accel: +10.3%)",
      "severity": "MEDIUM"
    },
    {
      "quarter": "2023-09 (Q3)",
      "signal": "INCREMENTAL MARGIN (YoY)",
      "detail": "YoY Incr OPM: +31.2% vs year-ago OPM: +1.0%",
      "severity": "HIGH"
    },
    {
      "quarter": "2023-06 (Q2)",
      "signal": "YoY REVENUE GROWTH ACCELERATION",
      "detail": "YoY growth: -5.3% vs prior quarter YoY: -12.8% (accel: +7.6%)",
      "severity": "MEDIUM"
    },
    {
      "quarter": "2023-06 (Q2)",
      "signal": "OP MARGIN TURNED POSITIVE (YoY)",
      "detail": "Op margin: -11.4% (year-ago) -> +0.2%",
      "severity": "HIGH"
    },
    {
      "quarter": "2023-06 (Q2)",
      "signal": "OP MARGIN TURNED POSITIVE (QoQ)",
      "detail": "Op margin: -5.3% -> +0.2%",
      "severity": "HIGH"
    },
    {
      "quarter": "2022-12 (Q4)",
      "signal": "FCF MARGIN EXPANSION",
      "detail": "FCF margin: +9.3% -> +22.2% (+12.9%)",
      "severity": "MEDIUM"
    },
    {
      "quarter": "2022-12 (Q4)",
      "signal": "OPERATING LEVERAGE",
      "detail": "Rev growth +26.3% vs OpEx growth +13.0% (leverage: 2.0x)",
      "severity": "MEDIUM"
    },
    {
      "quarter": "2022-09 (Q3)",
      "signal": "FCF MARGIN EXPANSION",
      "detail": "FCF margin: +2.8% -> +9.3% (+6.5%)",
      "severity": "MEDIUM"
    },
    {
      "quarter": "2022-09 (Q3)",
      "signal": "INCREMENTAL MARGIN (YoY)",
      "detail": "YoY Incr OPM: +44.9% vs year-ago OPM: +6.3%",
      "severity": "HIGH"
    },
    {
      "quarter": "2022-09 (Q3)",
      "signal": "OP MARGIN TURNED POSITIVE (QoQ)",
      "detail": "Op margin: -11.4% -> +1.0%",
      "severity": "HIGH"
    },
    {
      "quarter": "2022-03 (Q1)",
      "signal": "INCREMENTAL MARGIN (YoY)",
      "detail": "YoY Incr OPM: +21.5% vs year-ago OPM: +6.3%",
      "severity": "MEDIUM"
    },
    {
      "quarter": "2021-12 (Q4)",
      "signal": "YoY REVENUE GROWTH DECELERATION",
      "detail": "YoY growth: -1.2% vs prior quarter YoY: +8.1% (decel: -9.3%)",
      "severity": "WARNING"
    },
    {
      "quarter": "2021-09 (Q3)",
      "signal": "FCF MARGIN EXPANSION",
      "detail": "FCF margin: +4.8% -> +10.1% (+5.3%)",
      "severity": "MEDIUM"
    },
    {
      "quarter": "2021-09 (Q3)",
      "signal": "INCREMENTAL MARGIN (YoY)",
      "detail": "YoY Incr OPM: +63.1% vs year-ago OPM: +1.7%",
      "severity": "HIGH"
    },
    {
      "quarter": "2021-03 (Q1)",
      "signal": "FCF MARGIN EXPANSION",
      "detail": "FCF margin: +6.7% -> +14.3% (+7.6%)",
      "severity": "MEDIUM"
    },
    {
      "quarter": "2020-12 (Q4)",
      "signal": "OPERATING LEVERAGE",
      "detail": "Rev growth +40.6% vs OpEx growth +5.6% (leverage: 7.3x)",
      "severity": "MEDIUM"
    }
  ],
  "data_quality": {
    "n_quarters": 20,
    "coverage": {
      "revenue": [
        20,
        20
      ],
      "gross_profit": [
        20,
        20
      ],
      "op_income": [
        20,
        20
      ],
      "fcf": [
        20,
        20
      ]
    },
    "gaps": [],
    "warnings": []
  },
  "market_cap": null,
  "source": "SEC EDGAR",
  "last_updated": "2026-02-02T22:00:20.874794",
  "sector": "Communication Services",
  "industry": "Advertising Agencies"
}