{
  "ticker": "CRVL",
  "name": "CORVEL CORPORATION",
  "quarters": [
    {
      "date": "2020-12-31T00:00:00",
      "quarter_label": "2020-12 (Q4)",
      "revenue": 141506000,
      "gross_profit": 30893000,
      "operating_income": null,
      "net_income": 11380000,
      "opex": null,
      "cogs": 110613000,
      "rd": null,
      "sga": null,
      "fcf": 27905000,
      "ocf": 34263000,
      "capex": -6358000,
      "gross_margin": 0.21831583113083544,
      "op_margin": null,
      "fcf_margin": 0.197200118722881
    },
    {
      "date": "2021-03-31T00:00:00",
      "quarter_label": "2021-03 (Q1)",
      "revenue": 145510000,
      "gross_profit": 35719000,
      "operating_income": null,
      "net_income": 14809000,
      "opex": null,
      "cogs": 109792000,
      "rd": null,
      "sga": null,
      "fcf": 16661000,
      "ocf": 20609000,
      "capex": -3948000,
      "gross_margin": 0.24547453783245138,
      "op_margin": null,
      "fcf_margin": 0.11450072159989004,
      "fcf_margin_change": -0.08269939712299097
    },
    {
      "date": "2021-06-30T00:00:00",
      "quarter_label": "2021-06 (Q2)",
      "revenue": 152620000,
      "gross_profit": 37213000,
      "operating_income": null,
      "net_income": 16843000,
      "opex": null,
      "cogs": 115407000,
      "rd": null,
      "sga": null,
      "fcf": 7997000,
      "ocf": 14460000,
      "capex": -6463000,
      "gross_margin": 0.2438278076267855,
      "op_margin": null,
      "fcf_margin": 0.05239811296029354,
      "fcf_margin_change": -0.0621026086395965
    },
    {
      "date": "2021-09-30T00:00:00",
      "quarter_label": "2021-09 (Q3)",
      "revenue": 157743000,
      "gross_profit": 36661000,
      "operating_income": null,
      "net_income": 16072000,
      "opex": null,
      "cogs": 121082000,
      "rd": null,
      "sga": null,
      "fcf": 15585000,
      "ocf": 20739000,
      "capex": -5154000,
      "gross_margin": 0.23240967903488585,
      "op_margin": null,
      "fcf_margin": 0.09879994674882563,
      "fcf_margin_change": 0.04640183378853208
    },
    {
      "date": "2021-12-31T00:00:00",
      "quarter_label": "2021-12 (Q4)",
      "revenue": 164508000,
      "gross_profit": 35188000,
      "operating_income": null,
      "net_income": 13858000,
      "opex": null,
      "cogs": 129320000,
      "rd": null,
      "sga": null,
      "fcf": 8372000,
      "ocf": 15196000,
      "capex": -6824000,
      "gross_margin": 0.21389841223527123,
      "op_margin": null,
      "fcf_margin": 0.050891142072118076,
      "rev_growth_yoy": 0.1625514112475796,
      "fcf_margin_change": -0.04790880467670755
    },
    {
      "date": "2022-03-31T00:00:00",
      "quarter_label": "2022-03 (Q1)",
      "revenue": 171359000,
      "gross_profit": 43052000,
      "operating_income": null,
      "net_income": 19637000,
      "opex": null,
      "cogs": 128308000,
      "rd": null,
      "sga": null,
      "fcf": 5449000,
      "ocf": 16827000,
      "capex": -11378000,
      "gross_margin": 0.25123862767639865,
      "op_margin": null,
      "fcf_margin": 0.03179873832130206,
      "rev_growth_yoy": 0.17764414816851076,
      "rev_growth_yoy_accel": 0.01509273692093116,
      "fcf_margin_change": -0.019092403750816014
    },
    {
      "date": "2022-06-30T00:00:00",
      "quarter_label": "2022-06 (Q2)",
      "revenue": 176307000,
      "gross_profit": 39869000,
      "operating_income": null,
      "net_income": 16691000,
      "opex": null,
      "cogs": 136438000,
      "rd": null,
      "sga": null,
      "fcf": 21641000,
      "ocf": 30021000,
      "capex": -8380000,
      "gross_margin": 0.22613395951380263,
      "op_margin": null,
      "fcf_margin": 0.12274611898563302,
      "rev_growth_yoy": 0.15520246363517232,
      "rev_growth_yoy_accel": -0.022441684533338446,
      "fcf_margin_change": 0.09094738066433096
    },
    {
      "date": "2022-09-30T00:00:00",
      "quarter_label": "2022-09 (Q3)",
      "revenue": 177426000,
      "gross_profit": 36094000,
      "operating_income": null,
      "net_income": 14656000,
      "opex": null,
      "cogs": 141332000,
      "rd": null,
      "sga": null,
      "fcf": 4718000,
      "ocf": 9734000,
      "capex": -5016000,
      "gross_margin": 0.20343128966442348,
      "op_margin": null,
      "fcf_margin": 0.02659136766877459,
      "rev_growth_yoy": 0.12477891253494608,
      "rev_growth_yoy_accel": -0.030423551100226237,
      "fcf_margin_change": -0.09615475131685844
    },
    {
      "date": "2022-12-31T00:00:00",
      "quarter_label": "2022-12 (Q4)",
      "revenue": 179386000,
      "gross_profit": 40345000,
      "operating_income": null,
      "net_income": 16849000,
      "opex": null,
      "cogs": 139041000,
      "rd": null,
      "sga": null,
      "fcf": 23981000,
      "ocf": 29749000,
      "capex": -5768000,
      "gross_margin": 0.2249060684780306,
      "op_margin": null,
      "fcf_margin": 0.1336837880325109,
      "rev_growth_yoy": 0.09043937072969095,
      "rev_growth_yoy_accel": -0.03433954180525513,
      "fcf_margin_change": 0.10709242036373631
    },
    {
      "date": "2023-03-31T00:00:00",
      "quarter_label": "2023-03 (Q1)",
      "revenue": 185443000,
      "gross_profit": 41951000,
      "operating_income": null,
      "net_income": 18169000,
      "opex": null,
      "cogs": 143492000,
      "rd": null,
      "sga": null,
      "fcf": 5628000,
      "ocf": 12784000,
      "capex": -7156000,
      "gross_margin": 0.22622045588132203,
      "op_margin": null,
      "fcf_margin": 0.030348948194323863,
      "rev_growth_yoy": 0.08219002211730927,
      "rev_growth_yoy_accel": -0.008249348612381677,
      "fcf_margin_change": -0.10333483983818705
    },
    {
      "date": "2023-06-30T00:00:00",
      "quarter_label": "2023-06 (Q2)",
      "revenue": 190253000,
      "gross_profit": 41878000,
      "operating_income": null,
      "net_income": 19805000,
      "opex": null,
      "cogs": 148375000,
      "rd": null,
      "sga": null,
      "fcf": 31577000,
      "ocf": 36626000,
      "capex": -5049000,
      "gross_margin": 0.22011742258991973,
      "op_margin": null,
      "fcf_margin": 0.16597372971779684,
      "rev_growth_yoy": 0.07910065964482409,
      "rev_growth_yoy_accel": -0.003089362472485188,
      "fcf_margin_change": 0.13562478152347296
    },
    {
      "date": "2023-09-30T00:00:00",
      "quarter_label": "2023-09 (Q3)",
      "revenue": 195522000,
      "gross_profit": 44252000,
      "operating_income": null,
      "net_income": 19898000,
      "opex": null,
      "cogs": 151270000,
      "rd": null,
      "sga": null,
      "fcf": 10766000,
      "ocf": 17993000,
      "capex": -7227000,
      "gross_margin": 0.2263274721003263,
      "op_margin": null,
      "fcf_margin": 0.0550628573766635,
      "rev_growth_yoy": 0.10199181630651652,
      "rev_growth_yoy_accel": 0.022891156661692433,
      "fcf_margin_change": -0.11091087234113334
    },
    {
      "date": "2023-12-31T00:00:00",
      "quarter_label": "2023-12 (Q4)",
      "revenue": 202303000,
      "gross_profit": 42160000,
      "operating_income": null,
      "net_income": 17095000,
      "opex": null,
      "cogs": 160143000,
      "rd": null,
      "sga": null,
      "fcf": 22456000,
      "ocf": 29373000,
      "capex": -6917000,
      "gross_margin": 0.2084002708808075,
      "op_margin": null,
      "fcf_margin": 0.11100181411051739,
      "rev_growth_yoy": 0.12775244444939962,
      "rev_growth_yoy_accel": 0.025760628142883102,
      "fcf_margin_change": 0.05593895673385389
    },
    {
      "date": "2024-03-31T00:00:00",
      "quarter_label": "2024-03 (Q1)",
      "revenue": 207233000,
      "gross_profit": 43403000,
      "operating_income": null,
      "net_income": 19454000,
      "opex": null,
      "cogs": 163830000,
      "rd": null,
      "sga": null,
      "fcf": 5198000,
      "ocf": 15245000,
      "capex": -10047000,
      "gross_margin": 0.20944058137458801,
      "op_margin": null,
      "fcf_margin": 0.02508287772700294,
      "rev_growth_yoy": 0.1175024131404259,
      "rev_growth_yoy_accel": -0.010250031308973728,
      "fcf_margin_change": -0.08591893638351444
    },
    {
      "date": "2024-06-30T00:00:00",
      "quarter_label": "2024-06 (Q2)",
      "revenue": 211722000,
      "gross_profit": 48155000,
      "operating_income": null,
      "net_income": 21577000,
      "opex": null,
      "cogs": 163567000,
      "rd": null,
      "sga": null,
      "fcf": 32766000,
      "ocf": 40439000,
      "capex": -7673000,
      "gross_margin": 0.22744447908105914,
      "op_margin": null,
      "fcf_margin": 0.1547595431745402,
      "rev_growth_yoy": 0.11284447551418375,
      "rev_growth_yoy_accel": -0.004657937626242142,
      "fcf_margin_change": 0.12967666544753725
    },
    {
      "date": "2024-09-30T00:00:00",
      "quarter_label": "2024-09 (Q3)",
      "revenue": 224380000,
      "gross_profit": 50748000,
      "operating_income": null,
      "net_income": 23398000,
      "opex": null,
      "cogs": 173632000,
      "rd": null,
      "sga": null,
      "fcf": 12422000,
      "ocf": 22308000,
      "capex": -9886000,
      "gross_margin": 0.22616989036456012,
      "op_margin": null,
      "fcf_margin": 0.055361440413584095,
      "rev_growth_yoy": 0.14759464408097298,
      "rev_growth_yoy_accel": 0.034750168566789225,
      "fcf_margin_change": -0.09939810276095609
    },
    {
      "date": "2024-12-31T00:00:00",
      "quarter_label": "2024-12 (Q4)",
      "revenue": 227973000,
      "gross_profit": 52858000,
      "operating_income": null,
      "net_income": 23771000,
      "opex": null,
      "cogs": 175115000,
      "rd": null,
      "sga": null,
      "fcf": 32112000,
      "ocf": 41647000,
      "capex": -9535000,
      "gross_margin": 0.23186079053221215,
      "op_margin": null,
      "fcf_margin": 0.14085878590885761,
      "rev_growth_yoy": 0.12688887460887877,
      "rev_growth_yoy_accel": -0.02070576947209421,
      "fcf_margin_change": 0.08549734549527352
    },
    {
      "date": "2025-03-31T00:00:00",
      "quarter_label": "2025-03 (Q1)",
      "revenue": 231514000,
      "gross_profit": 58181000,
      "operating_income": null,
      "net_income": 26419000,
      "opex": null,
      "cogs": 173333000,
      "rd": null,
      "sga": null,
      "fcf": 14260000,
      "ocf": 22921000,
      "capex": -8661000,
      "gross_margin": 0.2513066164465216,
      "op_margin": null,
      "fcf_margin": 0.06159454719800962,
      "rev_growth_yoy": 0.11716763256817206,
      "rev_growth_yoy_accel": -0.009721242040706707,
      "fcf_margin_change": -0.07926423871084799
    },
    {
      "date": "2025-06-30T00:00:00",
      "quarter_label": "2025-06 (Q2)",
      "revenue": 234711000,
      "gross_profit": 56761000,
      "operating_income": null,
      "net_income": 27235000,
      "opex": null,
      "cogs": 177950000,
      "rd": null,
      "sga": null,
      "fcf": 39548000,
      "ocf": 55011000,
      "capex": -15463000,
      "gross_margin": 0.24183357405490155,
      "op_margin": null,
      "fcf_margin": 0.1684965766410607,
      "rev_growth_yoy": 0.10858106384787598,
      "rev_growth_yoy_accel": -0.008586568720296076,
      "fcf_margin_change": 0.10690202944305109
    },
    {
      "date": "2025-09-30T00:00:00",
      "quarter_label": "2025-09 (Q3)",
      "revenue": 239643000,
      "gross_profit": 58177000,
      "operating_income": null,
      "net_income": 27906000,
      "opex": null,
      "cogs": 181466000,
      "rd": null,
      "sga": null,
      "fcf": 15271000,
      "ocf": 25024000,
      "capex": -9753000,
      "gross_margin": 0.24276528002069744,
      "op_margin": null,
      "fcf_margin": 0.06372395605129297,
      "rev_growth_yoy": 0.06802299670202336,
      "rev_growth_yoy_accel": -0.040558067145852625,
      "fcf_margin_change": -0.10477262058976775
    }
  ],
  "signals": [
    {
      "quarter": "2025-06 (Q2)",
      "signal": "FCF MARGIN EXPANSION",
      "detail": "FCF margin: +6.2% -> +16.8% (+10.7%)",
      "severity": "MEDIUM"
    },
    {
      "quarter": "2024-12 (Q4)",
      "signal": "FCF MARGIN EXPANSION",
      "detail": "FCF margin: +5.5% -> +14.1% (+8.5%)",
      "severity": "MEDIUM"
    },
    {
      "quarter": "2024-06 (Q2)",
      "signal": "FCF MARGIN EXPANSION",
      "detail": "FCF margin: +2.5% -> +15.5% (+13.0%)",
      "severity": "MEDIUM"
    },
    {
      "quarter": "2023-12 (Q4)",
      "signal": "FCF MARGIN EXPANSION",
      "detail": "FCF margin: +5.5% -> +11.1% (+5.6%)",
      "severity": "MEDIUM"
    },
    {
      "quarter": "2023-06 (Q2)",
      "signal": "FCF MARGIN EXPANSION",
      "detail": "FCF margin: +3.0% -> +16.6% (+13.6%)",
      "severity": "MEDIUM"
    },
    {
      "quarter": "2022-12 (Q4)",
      "signal": "FCF MARGIN EXPANSION",
      "detail": "FCF margin: +2.7% -> +13.4% (+10.7%)",
      "severity": "MEDIUM"
    },
    {
      "quarter": "2022-12 (Q4)",
      "signal": "GROSS MARGIN INFLECTION",
      "detail": "GM: +22.6% -> +20.3% -> +22.5% (reversal +2.1%)",
      "severity": "MEDIUM"
    },
    {
      "quarter": "2022-06 (Q2)",
      "signal": "FCF MARGIN EXPANSION",
      "detail": "FCF margin: +3.2% -> +12.3% (+9.1%)",
      "severity": "MEDIUM"
    },
    {
      "quarter": "2022-03 (Q1)",
      "signal": "GROSS MARGIN INFLECTION",
      "detail": "GM: +23.2% -> +21.4% -> +25.1% (reversal +3.7%)",
      "severity": "MEDIUM"
    }
  ],
  "data_quality": {
    "n_quarters": 20,
    "coverage": {
      "revenue": [
        20,
        20
      ],
      "gross_profit": [
        20,
        20
      ],
      "op_income": [
        0,
        20
      ],
      "fcf": [
        20,
        20
      ]
    },
    "gaps": [],
    "warnings": [
      "op_income: no data"
    ]
  },
  "market_cap": null,
  "source": "SEC EDGAR",
  "last_updated": "2026-02-02T21:17:33.216353",
  "sector": "Financial Services",
  "industry": "Insurance Brokers"
}