{
  "ticker": "CSGP",
  "name": "CoStar Group, Inc.",
  "quarters": [
    {
      "date": "2020-12-31T00:00:00",
      "quarter_label": "2020-12 (Q4)",
      "revenue": 444393000,
      "gross_profit": 366239000,
      "operating_income": 55210000,
      "net_income": 35789000,
      "opex": 311029000,
      "cogs": 78154000,
      "rd": null,
      "sga": null,
      "fcf": 130768000,
      "ocf": 130768000,
      "capex": null,
      "gross_margin": 0.8241331434113499,
      "op_margin": 0.12423688041890849,
      "fcf_margin": 0.2942620608335415
    },
    {
      "date": "2021-03-31T00:00:00",
      "quarter_label": "2021-03 (Q1)",
      "revenue": 457697000,
      "gross_profit": 368949000,
      "operating_income": 101209000,
      "net_income": 74212000,
      "opex": 267740000,
      "cogs": 88748000,
      "rd": null,
      "sga": null,
      "fcf": -35406000,
      "ocf": 87853000,
      "capex": -123259000,
      "gross_margin": 0.8060987946173997,
      "op_margin": 0.22112664055040782,
      "fcf_margin": -0.07735685398855575,
      "op_leverage_ratio": Infinity,
      "fcf_margin_change": -0.37161891482209725
    },
    {
      "date": "2021-06-30T00:00:00",
      "quarter_label": "2021-06 (Q2)",
      "revenue": 480333000,
      "gross_profit": 390767000,
      "operating_income": 101011000,
      "net_income": 61148000,
      "opex": 289756000,
      "cogs": 89566000,
      "rd": null,
      "sga": null,
      "fcf": 132072000,
      "ocf": 132436000,
      "capex": -364000,
      "gross_margin": 0.813533527781768,
      "op_margin": 0.21029369208444976,
      "fcf_margin": 0.27495924702237823,
      "op_leverage_ratio": 0.6014457521557245,
      "fcf_margin_change": 0.35231610101093397
    },
    {
      "date": "2021-09-30T00:00:00",
      "quarter_label": "2021-09 (Q3)",
      "revenue": 499319000,
      "gross_profit": 406722000,
      "operating_income": 89732000,
      "net_income": 64304000,
      "opex": 316990000,
      "cogs": 92597000,
      "rd": null,
      "sga": null,
      "fcf": 98929000,
      "ocf": 98929000,
      "capex": null,
      "gross_margin": 0.8145534217604378,
      "op_margin": 0.17970876333566319,
      "fcf_margin": 0.1981278501318796,
      "op_leverage_ratio": 0.4205445957460999,
      "fcf_margin_change": -0.07683139689049862
    },
    {
      "date": "2021-12-31T00:00:00",
      "quarter_label": "2021-12 (Q4)",
      "revenue": 506786000,
      "gross_profit": 420456000,
      "operating_income": 140385000,
      "net_income": 92900000,
      "opex": 280071000,
      "cogs": 86330000,
      "rd": null,
      "sga": null,
      "fcf": 150405000,
      "ocf": 150482000,
      "capex": -77000,
      "gross_margin": 0.82965196355069,
      "op_margin": 0.27701041465233844,
      "fcf_margin": 0.2967820736958006,
      "incr_op_margin_yoy": 1.3651371147404356,
      "rev_growth_yoy": 0.1404005013580322,
      "op_leverage_ratio": Infinity,
      "fcf_margin_change": 0.098654223563921
    },
    {
      "date": "2022-03-31T00:00:00",
      "quarter_label": "2022-03 (Q1)",
      "revenue": 515825000,
      "gross_profit": 420346000,
      "operating_income": 128275000,
      "net_income": 89318000,
      "opex": 292071000,
      "cogs": 95479000,
      "rd": null,
      "sga": null,
      "fcf": 130707000,
      "ocf": 130707000,
      "capex": null,
      "gross_margin": 0.8149004022682111,
      "op_margin": 0.24867930015024475,
      "fcf_margin": 0.25339407744874715,
      "incr_op_margin_yoy": 0.46562758051197356,
      "rev_growth_yoy": 0.12700105091359568,
      "rev_growth_yoy_accel": -0.013399450444436523,
      "op_leverage_ratio": 0.41627724670768335,
      "fcf_margin_change": -0.04338799624705347
    },
    {
      "date": "2022-06-30T00:00:00",
      "quarter_label": "2022-06 (Q2)",
      "revenue": 536308000,
      "gross_profit": 435337000,
      "operating_income": 110183000,
      "net_income": 83473000,
      "opex": 325154000,
      "cogs": 100971000,
      "rd": null,
      "sga": null,
      "fcf": 55728000,
      "ocf": 81392000,
      "capex": -25664000,
      "gross_margin": 0.8117294539704797,
      "op_margin": 0.20544724300215547,
      "fcf_margin": 0.10391043952355736,
      "incr_op_margin_yoy": 0.16385886556498436,
      "rev_growth_yoy": 0.11653373805255937,
      "rev_growth_yoy_accel": -0.010467312861036304,
      "op_leverage_ratio": 0.35056998563256975,
      "fcf_margin_change": -0.1494836379251898
    },
    {
      "date": "2022-09-30T00:00:00",
      "quarter_label": "2022-09 (Q3)",
      "revenue": 556921000,
      "gross_profit": 448557000,
      "operating_income": 85329000,
      "net_income": 72290000,
      "opex": 363228000,
      "cogs": 108364000,
      "rd": null,
      "sga": null,
      "fcf": 75624000,
      "ocf": 81490000,
      "capex": -5866000,
      "gross_margin": 0.8054230312737354,
      "op_margin": 0.15321562663286176,
      "fcf_margin": 0.13578945667338815,
      "incr_op_margin_yoy": -0.07643831811395438,
      "rev_growth_yoy": 0.11536112184795692,
      "rev_growth_yoy_accel": -0.0011726162046024474,
      "op_leverage_ratio": 0.32823699150838015,
      "fcf_margin_change": 0.031879017149830796
    },
    {
      "date": "2022-12-31T00:00:00",
      "quarter_label": "2022-12 (Q4)",
      "revenue": 573345000,
      "gross_profit": 464151000,
      "operating_income": 127162000,
      "net_income": 124372000,
      "opex": 336989000,
      "cogs": 109194000,
      "rd": null,
      "sga": null,
      "fcf": 181441000,
      "ocf": 185111000,
      "capex": -3670000,
      "gross_margin": 0.8095492242890406,
      "op_margin": 0.2217896728845634,
      "fcf_margin": 0.31646042086352894,
      "incr_op_margin_yoy": -0.19866584534022447,
      "rev_growth_yoy": 0.13133551439858243,
      "rev_growth_yoy_accel": 0.015974392550625507,
      "op_leverage_ratio": Infinity,
      "fcf_margin_change": 0.18067096419014078
    },
    {
      "date": "2023-03-31T00:00:00",
      "quarter_label": "2023-03 (Q1)",
      "revenue": 584366000,
      "gross_profit": 465170000,
      "operating_income": 72221000,
      "net_income": 87131000,
      "opex": 392949000,
      "cogs": 119196000,
      "rd": null,
      "sga": null,
      "fcf": 107500000,
      "ocf": 123200000,
      "capex": -15700000,
      "gross_margin": 0.7960250938624082,
      "op_margin": 0.12358864136517182,
      "fcf_margin": 0.1839600524328931,
      "incr_op_margin_yoy": -0.8178170729928073,
      "rev_growth_yoy": 0.13287646003974216,
      "rev_growth_yoy_accel": 0.0015409456411597244,
      "op_leverage_ratio": 0.11575586161595325,
      "fcf_margin_change": -0.13250036843063584
    },
    {
      "date": "2023-06-30T00:00:00",
      "quarter_label": "2023-06 (Q2)",
      "revenue": 605906000,
      "gross_profit": 493544000,
      "operating_income": 79146000,
      "net_income": 100520000,
      "opex": 414398000,
      "cogs": 112362000,
      "rd": null,
      "sga": null,
      "fcf": 145300000,
      "ocf": 175200000,
      "capex": -29900000,
      "gross_margin": 0.814555393080775,
      "op_margin": 0.1306242222390932,
      "fcf_margin": 0.239806174555129,
      "incr_op_margin_yoy": -0.4459467226069715,
      "rev_growth_yoy": 0.12977244419251624,
      "rev_growth_yoy_accel": -0.003104015847225916,
      "op_leverage_ratio": 0.6752893462068381,
      "fcf_margin_change": 0.055846122122235914
    },
    {
      "date": "2023-09-30T00:00:00",
      "quarter_label": "2023-09 (Q3)",
      "revenue": 624669000,
      "gross_profit": 501003000,
      "operating_income": 61594000,
      "net_income": 90574000,
      "opex": 439409000,
      "cogs": 123666000,
      "rd": null,
      "sga": null,
      "fcf": 26400000,
      "ocf": 42600000,
      "capex": -16200000,
      "gross_margin": 0.8020295548522498,
      "op_margin": 0.09860261994752421,
      "fcf_margin": 0.04226238215759066,
      "incr_op_margin_yoy": -0.35034244553344746,
      "rev_growth_yoy": 0.12164741498345366,
      "rev_growth_yoy_accel": -0.008125029209062579,
      "op_leverage_ratio": 0.513078267902222,
      "fcf_margin_change": -0.19754379239753836
    },
    {
      "date": "2023-12-31T00:00:00",
      "quarter_label": "2023-12 (Q4)",
      "revenue": 640059000,
      "gross_profit": 503783000,
      "operating_income": 69339000,
      "net_income": 96475000,
      "opex": 434444000,
      "cogs": 136276000,
      "rd": null,
      "sga": null,
      "fcf": 92800000,
      "ocf": 148500000,
      "capex": -55700000,
      "gross_margin": 0.7870883777901725,
      "op_margin": 0.10833220062525487,
      "fcf_margin": 0.14498663404467402,
      "incr_op_margin_yoy": -0.8667296219684024,
      "rev_growth_yoy": 0.11635926013133453,
      "rev_growth_yoy_accel": -0.0052881548521191285,
      "op_leverage_ratio": Infinity,
      "fcf_margin_change": 0.10272425188708337
    },
    {
      "date": "2024-03-31T00:00:00",
      "quarter_label": "2024-03 (Q1)",
      "revenue": 656400000,
      "gross_profit": 515200000,
      "operating_income": -42800000,
      "net_income": 6700000,
      "opex": 558000000,
      "cogs": 141200000,
      "rd": null,
      "sga": null,
      "fcf": -237100000,
      "ocf": 139600000,
      "capex": -376700000,
      "gross_margin": 0.7848872638634978,
      "op_margin": -0.06520414381474711,
      "fcf_margin": -0.36121267519804995,
      "incr_op_margin_yoy": -1.59675986339784,
      "rev_growth_yoy": 0.12326863643675368,
      "rev_growth_yoy_accel": 0.006909376305419143,
      "op_leverage_ratio": 0.08976945426407393,
      "fcf_margin_change": -0.5061993092427239
    },
    {
      "date": "2024-06-30T00:00:00",
      "quarter_label": "2024-06 (Q2)",
      "revenue": 677800000,
      "gross_profit": 542000000,
      "operating_income": -16100000,
      "net_income": 19200000,
      "opex": 558100000,
      "cogs": 135800000,
      "rd": null,
      "sga": null,
      "fcf": -14700000,
      "ocf": 58100000,
      "capex": -72800000,
      "gross_margin": 0.7996459132487459,
      "op_margin": -0.023753319563293008,
      "fcf_margin": -0.021687813514311007,
      "incr_op_margin_yoy": -1.324811528083011,
      "rev_growth_yoy": 0.11865536898462797,
      "rev_growth_yoy_accel": -0.004613267452125702,
      "op_leverage_ratio": Infinity,
      "fcf_margin_change": 0.33952486168373897
    },
    {
      "date": "2024-09-30T00:00:00",
      "quarter_label": "2024-09 (Q3)",
      "revenue": 692600000,
      "gross_profit": 552000000,
      "operating_income": 23700000,
      "net_income": 53000000,
      "opex": 528300000,
      "cogs": 140600000,
      "rd": null,
      "sga": null,
      "fcf": 40200000,
      "ocf": 100300000,
      "capex": -60100000,
      "gross_margin": 0.7969968235633843,
      "op_margin": 0.034218885359514874,
      "fcf_margin": 0.05804215997689864,
      "incr_op_margin_yoy": -0.5578307400156041,
      "rev_growth_yoy": 0.10874719251315497,
      "rev_growth_yoy_accel": -0.009908176471473004,
      "op_leverage_ratio": Infinity,
      "fcf_margin_change": 0.07972997349120965
    },
    {
      "date": "2024-12-31T00:00:00",
      "quarter_label": "2024-12 (Q4)",
      "revenue": 709400000,
      "gross_profit": 568500000,
      "operating_income": 40000000,
      "net_income": 59800000,
      "opex": 528500000,
      "cogs": 140900000,
      "rd": null,
      "sga": null,
      "fcf": 25200000,
      "ocf": 94600000,
      "capex": -69400000,
      "gross_margin": 0.8013814491119255,
      "op_margin": 0.05638567803777841,
      "fcf_margin": 0.035522977163800394,
      "incr_op_margin_yoy": -0.42311186743773527,
      "rev_growth_yoy": 0.10833532533719548,
      "rev_growth_yoy_accel": -0.0004118671759594933,
      "op_leverage_ratio": Infinity,
      "fcf_margin_change": -0.022519182813098247
    },
    {
      "date": "2025-03-31T00:00:00",
      "quarter_label": "2025-03 (Q1)",
      "revenue": 732200000,
      "gross_profit": 578900000,
      "operating_income": -42800000,
      "net_income": -14800000,
      "opex": 621700000,
      "cogs": 153300000,
      "rd": null,
      "sga": null,
      "fcf": -500000,
      "ocf": 53200000,
      "capex": -53700000,
      "gross_margin": 0.7906309751434034,
      "op_margin": -0.0584539743239552,
      "fcf_margin": -0.0006828735318219066,
      "incr_op_margin_yoy": 0.0,
      "rev_growth_yoy": 0.11547836684948203,
      "rev_growth_yoy_accel": 0.007143041512286549,
      "op_leverage_ratio": 0.18225218434002743,
      "fcf_margin_change": -0.0362058506956223
    },
    {
      "date": "2025-06-30T00:00:00",
      "quarter_label": "2025-06 (Q2)",
      "revenue": 781300000,
      "gross_profit": 613500000,
      "operating_income": -27200000,
      "net_income": 6200000,
      "opex": 640700000,
      "cogs": 167800000,
      "rd": null,
      "sga": null,
      "fcf": 27700000,
      "ocf": 146500000,
      "capex": -118800000,
      "gross_margin": 0.7852297452963011,
      "op_margin": -0.03481377191859721,
      "fcf_margin": 0.03545373096121848,
      "incr_op_margin_yoy": -0.1072463768115942,
      "rev_growth_yoy": 0.1526999114783122,
      "rev_growth_yoy_accel": 0.037221544628830164,
      "op_leverage_ratio": 2.1942142641498585,
      "fcf_margin_change": 0.03613660449304039
    },
    {
      "date": "2025-09-30T00:00:00",
      "quarter_label": "2025-09 (Q3)",
      "revenue": 833600000,
      "gross_profit": 661400000,
      "operating_income": -51100000,
      "net_income": -30900000,
      "opex": 712500000,
      "cogs": 172200000,
      "rd": null,
      "sga": null,
      "fcf": -5500000,
      "ocf": 68200000,
      "capex": -73700000,
      "gross_margin": 0.793426103646833,
      "op_margin": -0.06130038387715931,
      "fcf_margin": -0.0065978886756238005,
      "incr_op_margin_yoy": -0.5304964539007092,
      "rev_growth_yoy": 0.20358071036673406,
      "rev_growth_yoy_accel": 0.05088079888842187,
      "op_leverage_ratio": 0.5973297486119662,
      "fcf_margin_change": -0.042051619636842286
    }
  ],
  "signals": [
    {
      "quarter": "2025-09 (Q3)",
      "signal": "YoY REVENUE GROWTH ACCELERATION",
      "detail": "YoY growth: +20.4% vs prior quarter YoY: +15.3% (accel: +5.1%)",
      "severity": "MEDIUM"
    },
    {
      "quarter": "2025-06 (Q2)",
      "signal": "FCF TURNED POSITIVE",
      "detail": "FCF margin: -0.1% -> +3.5%",
      "severity": "HIGH"
    },
    {
      "quarter": "2025-06 (Q2)",
      "signal": "OPERATING LEVERAGE",
      "detail": "Rev growth +6.7% vs OpEx growth +3.1% (leverage: 2.2x)",
      "severity": "MEDIUM"
    },
    {
      "quarter": "2024-12 (Q4)",
      "signal": "OPERATING LEVERAGE",
      "detail": "Rev growth +2.4% vs OpEx growth +0.0% (leverage: 64.1x)",
      "severity": "MEDIUM"
    },
    {
      "quarter": "2024-09 (Q3)",
      "signal": "FCF TURNED POSITIVE",
      "detail": "FCF margin: -2.2% -> +5.8%",
      "severity": "HIGH"
    },
    {
      "quarter": "2024-09 (Q3)",
      "signal": "OP MARGIN TURNED POSITIVE (QoQ)",
      "detail": "Op margin: -2.4% -> +3.4%",
      "severity": "HIGH"
    },
    {
      "quarter": "2024-06 (Q2)",
      "signal": "FCF MARGIN EXPANSION",
      "detail": "FCF margin: -36.1% -> -2.2% (+34.0%)",
      "severity": "MEDIUM"
    },
    {
      "quarter": "2024-06 (Q2)",
      "signal": "OPERATING LEVERAGE",
      "detail": "Rev growth +3.3% vs OpEx growth +0.0% (leverage: 181.9x)",
      "severity": "MEDIUM"
    },
    {
      "quarter": "2023-12 (Q4)",
      "signal": "FCF MARGIN EXPANSION",
      "detail": "FCF margin: +4.2% -> +14.5% (+10.3%)",
      "severity": "MEDIUM"
    },
    {
      "quarter": "2023-06 (Q2)",
      "signal": "FCF MARGIN EXPANSION",
      "detail": "FCF margin: +18.4% -> +24.0% (+5.6%)",
      "severity": "MEDIUM"
    },
    {
      "quarter": "2022-12 (Q4)",
      "signal": "FCF MARGIN EXPANSION",
      "detail": "FCF margin: +13.6% -> +31.6% (+18.1%)",
      "severity": "MEDIUM"
    },
    {
      "quarter": "2022-03 (Q1)",
      "signal": "INCREMENTAL MARGIN (YoY)",
      "detail": "YoY Incr OPM: +46.6% vs year-ago OPM: +22.1%",
      "severity": "HIGH"
    },
    {
      "quarter": "2021-12 (Q4)",
      "signal": "FCF MARGIN EXPANSION",
      "detail": "FCF margin: +19.8% -> +29.7% (+9.9%)",
      "severity": "MEDIUM"
    },
    {
      "quarter": "2021-12 (Q4)",
      "signal": "INCREMENTAL MARGIN (YoY)",
      "detail": "YoY Incr OPM: +136.5% vs year-ago OPM: +12.4%",
      "severity": "HIGH"
    },
    {
      "quarter": "2021-06 (Q2)",
      "signal": "FCF TURNED POSITIVE",
      "detail": "FCF margin: -7.7% -> +27.5%",
      "severity": "HIGH"
    }
  ],
  "data_quality": {
    "n_quarters": 20,
    "coverage": {
      "revenue": [
        20,
        20
      ],
      "gross_profit": [
        20,
        20
      ],
      "op_income": [
        20,
        20
      ],
      "fcf": [
        20,
        20
      ]
    },
    "gaps": [],
    "warnings": []
  },
  "market_cap": null,
  "source": "SEC EDGAR",
  "last_updated": "2026-02-02T20:10:38.677857",
  "sector": "Real Estate",
  "industry": "Real Estate Services"
}