{
  "ticker": "CSR",
  "name": "CENTERSPACE",
  "sector": "Real Estate",
  "industry": "REIT - Residential",
  "quarters": [
    {
      "date": "2021-03-31T00:00:00",
      "quarter_label": "2021-03 (Q1)",
      "revenue": 46648000,
      "gross_profit": 44881000,
      "operating_income": 1641000,
      "net_income": -4867000,
      "opex": 45007000,
      "cogs": 1767000,
      "rd": null,
      "sga": null,
      "fcf": 14955000,
      "ocf": 14955000,
      "capex": null,
      "gross_margin": 0.9621205625107185,
      "op_margin": 0.035178357057108554,
      "fcf_margin": 0.3205925227233751
    },
    {
      "date": "2021-06-30T00:00:00",
      "quarter_label": "2021-06 (Q2)",
      "revenue": 46656000,
      "gross_profit": 44571000,
      "operating_income": 2733000,
      "net_income": 21538000,
      "opex": 43923000,
      "cogs": 2085000,
      "rd": null,
      "sga": null,
      "fcf": 15619000,
      "ocf": 15619000,
      "capex": null,
      "gross_margin": 0.9553112139917695,
      "op_margin": 0.05857767489711934,
      "fcf_margin": 0.33476937585733885,
      "fcf_margin_change": 0.014176853133963774
    },
    {
      "date": "2021-09-30T00:00:00",
      "quarter_label": "2021-09 (Q3)",
      "revenue": 50413000,
      "gross_profit": 48210000,
      "operating_income": 1144000,
      "net_income": -9492000,
      "opex": 49269000,
      "cogs": 2203000,
      "rd": null,
      "sga": null,
      "fcf": 25781000,
      "ocf": 25781000,
      "capex": null,
      "gross_margin": 0.9563009541189772,
      "op_margin": 0.022692559458869735,
      "fcf_margin": 0.5113958701128677,
      "op_leverage_ratio": 0.6616018846635844,
      "fcf_margin_change": 0.17662649425552884
    },
    {
      "date": "2021-12-31T00:00:00",
      "quarter_label": "2021-12 (Q4)",
      "revenue": 57988000,
      "gross_profit": 55291000,
      "operating_income": 24374000,
      "net_income": -7208000,
      "opex": 61132000,
      "cogs": 2697000,
      "rd": null,
      "sga": null,
      "fcf": 27673000,
      "ocf": 27673000,
      "capex": null,
      "gross_margin": 0.9534903773194454,
      "op_margin": 0.420328343795268,
      "fcf_margin": 0.4772194247085604,
      "op_leverage_ratio": 0.6240498914354768,
      "fcf_margin_change": -0.03417644540430731
    },
    {
      "date": "2022-03-31T00:00:00",
      "quarter_label": "2022-03 (Q1)",
      "revenue": 60314000,
      "gross_profit": 58061000,
      "operating_income": -3911000,
      "net_income": -8589000,
      "opex": 64225000,
      "cogs": 2253000,
      "rd": null,
      "sga": null,
      "fcf": 11598000,
      "ocf": 11598000,
      "capex": null,
      "gross_margin": 0.9626454886096097,
      "op_margin": -0.06484398315482309,
      "fcf_margin": 0.19229366316278143,
      "incr_op_margin_yoy": -0.4062637201814723,
      "rev_growth_yoy": 0.2929600411593209,
      "op_leverage_ratio": 0.7927938355574911,
      "fcf_margin_change": -0.284925761545779
    },
    {
      "date": "2022-06-30T00:00:00",
      "quarter_label": "2022-06 (Q2)",
      "revenue": 63116000,
      "gross_profit": 60395000,
      "operating_income": 3835000,
      "net_income": -2991000,
      "opex": 59308000,
      "cogs": 2721000,
      "rd": null,
      "sga": null,
      "fcf": 22893000,
      "ocf": 22893000,
      "capex": null,
      "gross_margin": 0.956888902972305,
      "op_margin": 0.06076113822168705,
      "fcf_margin": 0.3627130996894607,
      "incr_op_margin_yoy": 0.0669501822600243,
      "rev_growth_yoy": 0.3527949245541838,
      "rev_growth_yoy_accel": 0.059834883394862926,
      "op_leverage_ratio": null,
      "fcf_margin_change": 0.17041943652667926
    },
    {
      "date": "2022-09-30T00:00:00",
      "quarter_label": "2022-09 (Q3)",
      "revenue": 65438000,
      "gross_profit": 62875000,
      "operating_income": 7031000,
      "net_income": -523000,
      "opex": 58407000,
      "cogs": 2563000,
      "rd": null,
      "sga": null,
      "fcf": 34482000,
      "ocf": 34482000,
      "capex": null,
      "gross_margin": 0.9608331550475259,
      "op_margin": 0.10744521531831658,
      "fcf_margin": 0.5269415324429231,
      "incr_op_margin_yoy": 0.3918136439267887,
      "rev_growth_yoy": 0.29803820443139667,
      "rev_growth_yoy_accel": -0.05475672012278715,
      "op_leverage_ratio": null,
      "fcf_margin_change": 0.16422843275346238
    },
    {
      "date": "2022-12-31T00:00:00",
      "quarter_label": "2022-12 (Q4)",
      "revenue": 67848000,
      "gross_profit": 65490000,
      "operating_income": 6906000,
      "net_income": -2006000,
      "opex": 60956000,
      "cogs": 2358000,
      "rd": null,
      "sga": null,
      "fcf": 23018000,
      "ocf": 23018000,
      "capex": null,
      "gross_margin": 0.9652458436505129,
      "op_margin": 0.10178634594977007,
      "fcf_margin": 0.3392583421766301,
      "incr_op_margin_yoy": -1.771602434077079,
      "rev_growth_yoy": 0.17003517969235013,
      "rev_growth_yoy_accel": -0.12800302473904654,
      "op_leverage_ratio": 0.843882711291823,
      "fcf_margin_change": -0.187683190266293
    },
    {
      "date": "2023-03-31T00:00:00",
      "quarter_label": "2023-03 (Q1)",
      "revenue": 67897000,
      "gross_profit": 65329000,
      "operating_income": 62597000,
      "net_income": 43571000,
      "opex": 65459000,
      "cogs": 2568000,
      "rd": null,
      "sga": null,
      "fcf": 21804000,
      "ocf": 21804000,
      "capex": null,
      "gross_margin": 0.9621780049192159,
      "op_margin": 0.9219405864765748,
      "fcf_margin": 0.32113348159712507,
      "incr_op_margin_yoy": 8.770671238296188,
      "rev_growth_yoy": 0.12572537056073216,
      "rev_growth_yoy_accel": -0.04430980913161797,
      "fcf_margin_change": -0.01812486057950502
    },
    {
      "date": "2023-06-30T00:00:00",
      "quarter_label": "2023-06 (Q2)",
      "revenue": 64776000,
      "gross_profit": 62529000,
      "operating_income": 5966000,
      "net_income": -1863000,
      "opex": 55879000,
      "cogs": 2247000,
      "rd": null,
      "sga": null,
      "fcf": 23757000,
      "ocf": 23757000,
      "capex": null,
      "gross_margin": 0.9653112263801408,
      "op_margin": 0.09210201309126836,
      "fcf_margin": 0.36675620600222303,
      "incr_op_margin_yoy": 1.283734939759036,
      "rev_growth_yoy": 0.026300779517079664,
      "rev_growth_yoy_accel": -0.09942459104365249,
      "fcf_margin_change": 0.04562272440509796
    },
    {
      "date": "2023-09-30T00:00:00",
      "quarter_label": "2023-09 (Q3)",
      "revenue": 64568000,
      "gross_profit": 62371000,
      "operating_income": 17395000,
      "net_income": 7774000,
      "opex": 58408000,
      "cogs": 2197000,
      "rd": null,
      "sga": null,
      "fcf": 31859000,
      "ocf": 31859000,
      "capex": null,
      "gross_margin": 0.9659738570189568,
      "op_margin": 0.26940589765828277,
      "fcf_margin": 0.4934177920951555,
      "rev_growth_yoy": -0.01329502735413674,
      "rev_growth_yoy_accel": -0.0395958068712164,
      "fcf_margin_change": 0.1266615860929325
    },
    {
      "date": "2023-12-31T00:00:00",
      "quarter_label": "2023-12 (Q4)",
      "revenue": 64068000,
      "gross_profit": 61727000,
      "operating_income": -1505000,
      "net_income": -8157000,
      "opex": 64490000,
      "cogs": 2341000,
      "rd": null,
      "sga": null,
      "fcf": 12100000,
      "ocf": 12100000,
      "capex": null,
      "gross_margin": 0.9634606980083661,
      "op_margin": -0.023490666167197354,
      "fcf_margin": 0.18886183430105513,
      "incr_op_margin_yoy": 2.225132275132275,
      "rev_growth_yoy": -0.05571276972055182,
      "rev_growth_yoy_accel": -0.04241774236641508,
      "fcf_margin_change": -0.3045559577941004
    },
    {
      "date": "2024-03-31T00:00:00",
      "quarter_label": "2024-03 (Q1)",
      "revenue": 64506000,
      "gross_profit": 62176000,
      "operating_income": 4075000,
      "net_income": -3905000,
      "opex": 59854000,
      "cogs": 2330000,
      "rd": null,
      "sga": null,
      "fcf": 24403000,
      "ocf": 24403000,
      "capex": null,
      "gross_margin": 0.9638793290546616,
      "op_margin": 0.06317241806963693,
      "fcf_margin": 0.37830589402536197,
      "incr_op_margin_yoy": 17.25803597758773,
      "rev_growth_yoy": -0.049943296463761284,
      "rev_growth_yoy_accel": 0.005769473256790537,
      "fcf_margin_change": 0.18944405972430683
    },
    {
      "date": "2024-06-30T00:00:00",
      "quarter_label": "2024-06 (Q2)",
      "revenue": 65043000,
      "gross_profit": 62821000,
      "operating_income": 7192000,
      "net_income": -1296000,
      "opex": 57851000,
      "cogs": 2222000,
      "rd": null,
      "sga": null,
      "fcf": 22861000,
      "ocf": 22861000,
      "capex": null,
      "gross_margin": 0.9658379841028243,
      "op_margin": 0.1105730055501745,
      "fcf_margin": 0.35147517795919625,
      "rev_growth_yoy": 0.004121896998888477,
      "rev_growth_yoy_accel": 0.05406519346264976,
      "fcf_margin_change": -0.026830716066165716
    },
    {
      "date": "2024-09-30T00:00:00",
      "quarter_label": "2024-09 (Q3)",
      "revenue": 65025000,
      "gross_profit": 62783000,
      "operating_income": 6350000,
      "net_income": -1048000,
      "opex": 58675000,
      "cogs": 2242000,
      "rd": null,
      "sga": null,
      "fcf": 32319000,
      "ocf": 32319000,
      "capex": null,
      "gross_margin": 0.965520953479431,
      "op_margin": 0.09765474817377931,
      "fcf_margin": 0.4970242214532872,
      "rev_growth_yoy": 0.007077809441209268,
      "rev_growth_yoy_accel": 0.002955912442320791,
      "fcf_margin_change": 0.14554904349409092
    },
    {
      "date": "2024-12-31T00:00:00",
      "quarter_label": "2024-12 (Q4)",
      "revenue": 66409000,
      "gross_profit": 64075000,
      "operating_income": 2858000,
      "net_income": -5079000,
      "opex": 63551000,
      "cogs": 2334000,
      "rd": null,
      "sga": null,
      "fcf": 18665000,
      "ocf": 18665000,
      "capex": null,
      "gross_margin": 0.9648541613335542,
      "op_margin": 0.043036335436461924,
      "fcf_margin": 0.28106130193196704,
      "incr_op_margin_yoy": 1.863733447244767,
      "rev_growth_yoy": 0.03653930199163389,
      "rev_growth_yoy_accel": 0.02946149255042462,
      "op_leverage_ratio": 0.2561209656537099,
      "fcf_margin_change": -0.21596291952132013
    },
    {
      "date": "2025-03-31T00:00:00",
      "quarter_label": "2025-03 (Q1)",
      "revenue": 67093000,
      "gross_profit": 64660000,
      "operating_income": 4746000,
      "net_income": -3734000,
      "opex": 62347000,
      "cogs": 2433000,
      "rd": null,
      "sga": null,
      "fcf": 25429000,
      "ocf": 25429000,
      "capex": null,
      "gross_margin": 0.9637369025084584,
      "op_margin": 0.07073763283800098,
      "fcf_margin": 0.3790112232274604,
      "incr_op_margin_yoy": 0.25937379203710864,
      "rev_growth_yoy": 0.04010479645304313,
      "rev_growth_yoy_accel": 0.0035654944614092396,
      "op_leverage_ratio": null,
      "fcf_margin_change": 0.09794992129549335
    },
    {
      "date": "2025-06-30T00:00:00",
      "quarter_label": "2025-06 (Q2)",
      "revenue": 68549000,
      "gross_profit": 66156000,
      "operating_income": -6796000,
      "net_income": -14515000,
      "opex": 75345000,
      "cogs": 2393000,
      "rd": null,
      "sga": null,
      "fcf": 25265000,
      "ocf": 25265000,
      "capex": null,
      "gross_margin": 0.9650906650717005,
      "op_margin": -0.09914076062378736,
      "fcf_margin": 0.36856846927015713,
      "incr_op_margin_yoy": -3.9897318881916712,
      "rev_growth_yoy": 0.05390280276125025,
      "rev_growth_yoy_accel": 0.013798006308207121,
      "op_leverage_ratio": 0.1040933994912964,
      "fcf_margin_change": -0.010442753957303264
    },
    {
      "date": "2025-09-30T00:00:00",
      "quarter_label": "2025-09 (Q3)",
      "revenue": 71399000,
      "gross_profit": 68910000,
      "operating_income": 77210000,
      "net_income": 53783000,
      "opex": 73720000,
      "cogs": 2489000,
      "rd": null,
      "sga": null,
      "fcf": 35052000,
      "ocf": 35052000,
      "capex": null,
      "gross_margin": 0.9651395677810614,
      "op_margin": 1.0813876945055252,
      "fcf_margin": 0.49093124553565176,
      "incr_op_margin_yoy": 11.11703796673988,
      "rev_growth_yoy": 0.0980238369857747,
      "rev_growth_yoy_accel": 0.04412103422452445,
      "op_leverage_ratio": null,
      "fcf_margin_change": 0.12236277626549463
    },
    {
      "date": "2025-12-31T00:00:00",
      "quarter_label": "2025-12 (Q4)",
      "revenue": 66621000,
      "gross_profit": 64298000,
      "operating_income": -10623000,
      "net_income": -18433000,
      "opex": 77183000,
      "cogs": 2323000,
      "rd": null,
      "sga": null,
      "fcf": 12707000,
      "ocf": 12707000,
      "capex": null,
      "gross_margin": 0.9651311148136473,
      "op_margin": -0.15945422614490926,
      "fcf_margin": 0.1907356539229372,
      "rev_growth_yoy": 0.0031923383878691143,
      "rev_growth_yoy_accel": -0.09483149859790559,
      "fcf_margin_change": -0.3001955916127146
    }
  ],
  "signals": [
    {
      "quarter": "2025-12 (Q4)",
      "signal": "YoY REVENUE GROWTH DECELERATION",
      "detail": "YoY growth: +0.3% vs prior quarter YoY: +9.8% (decel: -9.5%)",
      "severity": "WARNING"
    },
    {
      "quarter": "2025-09 (Q3)",
      "signal": "FCF MARGIN EXPANSION",
      "detail": "FCF margin: +36.9% -> +49.1% (+12.2%)",
      "severity": "MEDIUM"
    },
    {
      "quarter": "2025-09 (Q3)",
      "signal": "INCREMENTAL MARGIN (YoY)",
      "detail": "YoY Incr OPM: +1111.7% vs year-ago OPM: +9.8%",
      "severity": "HIGH"
    },
    {
      "quarter": "2025-09 (Q3)",
      "signal": "OP MARGIN TURNED POSITIVE (QoQ)",
      "detail": "Op margin: -9.9% -> +108.1%",
      "severity": "HIGH"
    },
    {
      "quarter": "2025-03 (Q1)",
      "signal": "FCF MARGIN EXPANSION",
      "detail": "FCF margin: +28.1% -> +37.9% (+9.8%)",
      "severity": "MEDIUM"
    },
    {
      "quarter": "2025-03 (Q1)",
      "signal": "INCREMENTAL MARGIN (YoY)",
      "detail": "YoY Incr OPM: +25.9% vs year-ago OPM: +6.3%",
      "severity": "MEDIUM"
    },
    {
      "quarter": "2024-12 (Q4)",
      "signal": "OP MARGIN TURNED POSITIVE (YoY)",
      "detail": "Op margin: -2.3% (year-ago) -> +4.3%",
      "severity": "HIGH"
    },
    {
      "quarter": "2024-09 (Q3)",
      "signal": "FCF MARGIN EXPANSION",
      "detail": "FCF margin: +35.1% -> +49.7% (+14.6%)",
      "severity": "MEDIUM"
    },
    {
      "quarter": "2024-06 (Q2)",
      "signal": "YoY REVENUE GROWTH ACCELERATION",
      "detail": "YoY growth: +0.4% vs prior quarter YoY: -5.0% (accel: +5.4%)",
      "severity": "MEDIUM"
    },
    {
      "quarter": "2024-03 (Q1)",
      "signal": "FCF MARGIN EXPANSION",
      "detail": "FCF margin: +18.9% -> +37.8% (+18.9%)",
      "severity": "MEDIUM"
    },
    {
      "quarter": "2024-03 (Q1)",
      "signal": "INCREMENTAL MARGIN (YoY)",
      "detail": "YoY Incr OPM: +1725.8% vs year-ago OPM: +92.2%",
      "severity": "HIGH"
    },
    {
      "quarter": "2024-03 (Q1)",
      "signal": "OP MARGIN TURNED POSITIVE (QoQ)",
      "detail": "Op margin: -2.3% -> +6.3%",
      "severity": "HIGH"
    },
    {
      "quarter": "2023-09 (Q3)",
      "signal": "FCF MARGIN EXPANSION",
      "detail": "FCF margin: +36.7% -> +49.3% (+12.7%)",
      "severity": "MEDIUM"
    },
    {
      "quarter": "2023-06 (Q2)",
      "signal": "YoY REVENUE GROWTH DECELERATION",
      "detail": "YoY growth: +2.6% vs prior quarter YoY: +12.6% (decel: -9.9%)",
      "severity": "WARNING"
    },
    {
      "quarter": "2023-06 (Q2)",
      "signal": "INCREMENTAL MARGIN (YoY)",
      "detail": "YoY Incr OPM: +128.4% vs year-ago OPM: +6.1%",
      "severity": "HIGH"
    },
    {
      "quarter": "2023-03 (Q1)",
      "signal": "OP MARGIN TURNED POSITIVE (YoY)",
      "detail": "Op margin: -6.5% (year-ago) -> +92.2%",
      "severity": "HIGH"
    },
    {
      "quarter": "2022-12 (Q4)",
      "signal": "YoY REVENUE GROWTH DECELERATION",
      "detail": "YoY growth: +17.0% vs prior quarter YoY: +29.8% (decel: -12.8%)",
      "severity": "WARNING"
    },
    {
      "quarter": "2022-09 (Q3)",
      "signal": "FCF MARGIN EXPANSION",
      "detail": "FCF margin: +36.3% -> +52.7% (+16.4%)",
      "severity": "MEDIUM"
    },
    {
      "quarter": "2022-09 (Q3)",
      "signal": "YoY REVENUE GROWTH DECELERATION",
      "detail": "YoY growth: +29.8% vs prior quarter YoY: +35.3% (decel: -5.5%)",
      "severity": "WARNING"
    },
    {
      "quarter": "2022-09 (Q3)",
      "signal": "INCREMENTAL MARGIN (YoY)",
      "detail": "YoY Incr OPM: +39.2% vs year-ago OPM: +2.3%",
      "severity": "HIGH"
    },
    {
      "quarter": "2022-06 (Q2)",
      "signal": "FCF MARGIN EXPANSION",
      "detail": "FCF margin: +19.2% -> +36.3% (+17.0%)",
      "severity": "MEDIUM"
    },
    {
      "quarter": "2022-06 (Q2)",
      "signal": "YoY REVENUE GROWTH ACCELERATION",
      "detail": "YoY growth: +35.3% vs prior quarter YoY: +29.3% (accel: +6.0%)",
      "severity": "MEDIUM"
    },
    {
      "quarter": "2022-06 (Q2)",
      "signal": "OP MARGIN TURNED POSITIVE (QoQ)",
      "detail": "Op margin: -6.5% -> +6.1%",
      "severity": "HIGH"
    },
    {
      "quarter": "2021-09 (Q3)",
      "signal": "FCF MARGIN EXPANSION",
      "detail": "FCF margin: +33.5% -> +51.1% (+17.7%)",
      "severity": "MEDIUM"
    }
  ],
  "data_quality": {
    "n_quarters": 20,
    "coverage": {
      "revenue": [
        20,
        20
      ],
      "gross_profit": [
        20,
        20
      ],
      "op_income": [
        20,
        20
      ],
      "fcf": [
        20,
        20
      ]
    },
    "gaps": [],
    "warnings": []
  },
  "market_cap": null,
  "source": "SEC EDGAR",
  "last_updated": "2026-02-24T10:37:13.062628"
}