{
  "ticker": "CSV",
  "name": "Carriage Services, Inc.",
  "quarters": [
    {
      "date": "2020-12-31T00:00:00",
      "quarter_label": "2020-12 (Q4)",
      "revenue": 90088000,
      "gross_profit": 29718000,
      "operating_income": 20317000,
      "net_income": null,
      "opex": 9401000,
      "cogs": 60370000,
      "rd": null,
      "sga": null,
      "fcf": 9929000,
      "ocf": 15093000,
      "capex": -5164000,
      "gross_margin": 0.32987745315691325,
      "op_margin": 0.225523932155226,
      "fcf_margin": 0.11021445697540183
    },
    {
      "date": "2021-03-31T00:00:00",
      "quarter_label": "2021-03 (Q1)",
      "revenue": 96637000,
      "gross_profit": 35061000,
      "operating_income": 26246000,
      "net_income": null,
      "opex": 8815000,
      "cogs": 61576000,
      "rd": null,
      "sga": null,
      "fcf": 22464000,
      "ocf": 26811000,
      "capex": -4347000,
      "gross_margin": 0.36281134555087596,
      "op_margin": 0.2715936959963575,
      "fcf_margin": 0.23245754731624532,
      "op_leverage_ratio": Infinity,
      "fcf_margin_change": 0.12224309034084349
    },
    {
      "date": "2021-06-30T00:00:00",
      "quarter_label": "2021-06 (Q2)",
      "revenue": 88277000,
      "gross_profit": 28927000,
      "operating_income": 20924000,
      "net_income": null,
      "opex": 8003000,
      "cogs": 59350000,
      "rd": null,
      "sga": null,
      "fcf": 10226000,
      "ocf": 14630000,
      "capex": -4404000,
      "gross_margin": 0.32768444781766487,
      "op_margin": 0.23702663207857086,
      "fcf_margin": 0.11583991300112147,
      "fcf_margin_change": -0.11661763431512386
    },
    {
      "date": "2021-09-30T00:00:00",
      "quarter_label": "2021-09 (Q3)",
      "revenue": 95041000,
      "gross_profit": 33164000,
      "operating_income": 23265000,
      "net_income": null,
      "opex": 9899000,
      "cogs": 61877000,
      "rd": null,
      "sga": null,
      "fcf": 21757000,
      "ocf": 28258000,
      "capex": -6501000,
      "gross_margin": 0.34894413989751794,
      "op_margin": 0.24478909102387392,
      "fcf_margin": 0.22892225460590693,
      "op_leverage_ratio": 0.32342271395529104,
      "fcf_margin_change": 0.11308234160478546
    },
    {
      "date": "2021-12-31T00:00:00",
      "quarter_label": "2021-12 (Q4)",
      "revenue": 95931000,
      "gross_profit": 32364000,
      "operating_income": 23225000,
      "net_income": null,
      "opex": 9139000,
      "cogs": 63567000,
      "rd": null,
      "sga": null,
      "fcf": 4916000,
      "ocf": 14547000,
      "capex": -9631000,
      "gross_margin": 0.3373674828783188,
      "op_margin": 0.24210109349428235,
      "fcf_margin": 0.05124516579624939,
      "incr_op_margin_yoy": 0.49768954304295737,
      "rev_growth_yoy": 0.06485880472426961,
      "fcf_margin_change": -0.17767708880965755
    },
    {
      "date": "2022-03-31T00:00:00",
      "quarter_label": "2022-03 (Q1)",
      "revenue": 98161000,
      "gross_profit": 34478000,
      "operating_income": 25151000,
      "net_income": null,
      "opex": 9327000,
      "cogs": 63683000,
      "rd": null,
      "sga": null,
      "fcf": 8918000,
      "ocf": 15801000,
      "capex": -6883000,
      "gross_margin": 0.35123929055327474,
      "op_margin": 0.25622192112957287,
      "fcf_margin": 0.0908507452043072,
      "incr_op_margin_yoy": -0.718503937007874,
      "rev_growth_yoy": 0.015770357109595703,
      "rev_growth_yoy_accel": -0.0490884476146739,
      "op_leverage_ratio": 1.1300215336510704,
      "fcf_margin_change": 0.03960557940805782
    },
    {
      "date": "2022-06-30T00:00:00",
      "quarter_label": "2022-06 (Q2)",
      "revenue": 90600000,
      "gross_profit": 27712000,
      "operating_income": 19725000,
      "net_income": null,
      "opex": 7987000,
      "cogs": 62888000,
      "rd": null,
      "sga": null,
      "fcf": 7791000,
      "ocf": 14376000,
      "capex": -6585000,
      "gross_margin": 0.3058719646799117,
      "op_margin": 0.21771523178807947,
      "fcf_margin": 0.08599337748344371,
      "incr_op_margin_yoy": -0.5161429186396901,
      "rev_growth_yoy": 0.026314895159554583,
      "rev_growth_yoy_accel": 0.01054453804995888,
      "fcf_margin_change": -0.004857367720863495
    },
    {
      "date": "2022-09-30T00:00:00",
      "quarter_label": "2022-09 (Q3)",
      "revenue": 87497000,
      "gross_profit": 25598000,
      "operating_income": 15222000,
      "net_income": null,
      "opex": 10376000,
      "cogs": 61899000,
      "rd": null,
      "sga": null,
      "fcf": 12991000,
      "ocf": 19869000,
      "capex": -6878000,
      "gross_margin": 0.29255860200921174,
      "op_margin": 0.17397167902899527,
      "fcf_margin": 0.14847366195412415,
      "incr_op_margin_yoy": 1.0661452810180276,
      "rev_growth_yoy": -0.07937626918908681,
      "rev_growth_yoy_accel": -0.1056911643486414,
      "fcf_margin_change": 0.062480284470680436
    },
    {
      "date": "2022-12-31T00:00:00",
      "quarter_label": "2022-12 (Q4)",
      "revenue": 93916000,
      "gross_profit": 31438000,
      "operating_income": 19628000,
      "net_income": null,
      "opex": 11810000,
      "cogs": 62478000,
      "rd": null,
      "sga": null,
      "fcf": 5243000,
      "ocf": 10978000,
      "capex": -5735000,
      "gross_margin": 0.33474594318327017,
      "op_margin": 0.20899527237105497,
      "fcf_margin": 0.05582648324034244,
      "incr_op_margin_yoy": 1.7851116625310173,
      "rev_growth_yoy": -0.021004680447404906,
      "rev_growth_yoy_accel": 0.05837158874168191,
      "op_leverage_ratio": 0.530829469044637,
      "fcf_margin_change": -0.09264717871378171
    },
    {
      "date": "2023-03-31T00:00:00",
      "quarter_label": "2023-03 (Q1)",
      "revenue": 95514000,
      "gross_profit": 31055000,
      "operating_income": 20634000,
      "net_income": 8844000,
      "opex": 10421000,
      "cogs": 64459000,
      "rd": null,
      "sga": null,
      "fcf": 20887000,
      "ocf": 25869000,
      "capex": -4982000,
      "gross_margin": 0.32513558221831357,
      "op_margin": 0.2160311577360387,
      "fcf_margin": 0.21867998408610256,
      "incr_op_margin_yoy": 1.7064601435587456,
      "rev_growth_yoy": -0.026965902955348866,
      "rev_growth_yoy_accel": -0.00596122250794396,
      "op_leverage_ratio": Infinity,
      "fcf_margin_change": 0.1628535008457601
    },
    {
      "date": "2023-06-30T00:00:00",
      "quarter_label": "2023-06 (Q2)",
      "revenue": 97678000,
      "gross_profit": 31202000,
      "operating_income": 20738000,
      "net_income": 8286000,
      "opex": 10464000,
      "cogs": 66476000,
      "rd": null,
      "sga": null,
      "fcf": 9340000,
      "ocf": 13318000,
      "capex": -3978000,
      "gross_margin": 0.31943733491676735,
      "op_margin": 0.21230983435369274,
      "fcf_margin": 0.0956203034460165,
      "incr_op_margin_yoy": 0.14311952528962985,
      "rev_growth_yoy": 0.07812362030905078,
      "rev_growth_yoy_accel": 0.10508952326439965,
      "op_leverage_ratio": 5.490743594875413,
      "fcf_margin_change": -0.12305968064008606
    },
    {
      "date": "2023-09-30T00:00:00",
      "quarter_label": "2023-09 (Q3)",
      "revenue": 90494000,
      "gross_profit": 27412000,
      "operating_income": 15686000,
      "net_income": 4645000,
      "opex": 11726000,
      "cogs": 63082000,
      "rd": null,
      "sga": null,
      "fcf": 18553000,
      "ocf": 22662000,
      "capex": -4109000,
      "gross_margin": 0.3029151103940593,
      "op_margin": 0.17333745883704996,
      "fcf_margin": 0.20501911728954406,
      "incr_op_margin_yoy": 0.1548214881548215,
      "rev_growth_yoy": 0.03425260294638673,
      "rev_growth_yoy_accel": -0.04387101736266404,
      "fcf_margin_change": 0.10939881384352755
    },
    {
      "date": "2023-12-31T00:00:00",
      "quarter_label": "2023-12 (Q4)",
      "revenue": 98834000,
      "gross_profit": 34626000,
      "operating_income": 23921000,
      "net_income": 11638000,
      "opex": 10705000,
      "cogs": 64208000,
      "rd": null,
      "sga": null,
      "fcf": 8771000,
      "ocf": 13741000,
      "capex": -4970000,
      "gross_margin": 0.3503450229678046,
      "op_margin": 0.24203209421858873,
      "fcf_margin": 0.08874476394762935,
      "incr_op_margin_yoy": 0.8729158194387963,
      "rev_growth_yoy": 0.05236594403509519,
      "rev_growth_yoy_accel": 0.018113341088708455,
      "op_leverage_ratio": Infinity,
      "fcf_margin_change": -0.1162743533419147
    },
    {
      "date": "2024-03-31T00:00:00",
      "quarter_label": "2024-03 (Q1)",
      "revenue": 103493000,
      "gross_profit": 37262000,
      "operating_income": 19477000,
      "net_income": 6973000,
      "opex": 17785000,
      "cogs": 66231000,
      "rd": null,
      "sga": null,
      "fcf": 16152000,
      "ocf": 19703000,
      "capex": -3551000,
      "gross_margin": 0.36004367445141217,
      "op_margin": 0.18819630313161276,
      "fcf_margin": 0.15606852637376442,
      "incr_op_margin_yoy": -0.14500563980448677,
      "rev_growth_yoy": 0.08353749188600625,
      "rev_growth_yoy_accel": 0.031171547850911058,
      "op_leverage_ratio": 0.07127541455403907,
      "fcf_margin_change": 0.06732376242613507
    },
    {
      "date": "2024-06-30T00:00:00",
      "quarter_label": "2024-06 (Q2)",
      "revenue": 102318000,
      "gross_profit": 36993000,
      "operating_income": 18369000,
      "net_income": 6259000,
      "opex": 18624000,
      "cogs": 65325000,
      "rd": null,
      "sga": null,
      "fcf": -1388000,
      "ocf": 2157000,
      "capex": -3545000,
      "gross_margin": 0.36154928751539317,
      "op_margin": 0.17952852870462674,
      "fcf_margin": -0.013565550538517173,
      "incr_op_margin_yoy": -0.5105603448275862,
      "rev_growth_yoy": 0.047503020127357236,
      "rev_growth_yoy_accel": -0.03603447175864901,
      "fcf_margin_change": -0.1696340769122816
    },
    {
      "date": "2024-09-30T00:00:00",
      "quarter_label": "2024-09 (Q3)",
      "revenue": 100687000,
      "gross_profit": 35490000,
      "operating_income": 22897000,
      "net_income": 9866000,
      "opex": 12593000,
      "cogs": 65197000,
      "rd": null,
      "sga": null,
      "fcf": 16242000,
      "ocf": 20856000,
      "capex": -4614000,
      "gross_margin": 0.3524784728912372,
      "op_margin": 0.22740770903890273,
      "fcf_margin": 0.16131178801632784,
      "incr_op_margin_yoy": 0.7074462866673207,
      "rev_growth_yoy": 0.11263730192056932,
      "rev_growth_yoy_accel": 0.0651342817932121,
      "fcf_margin_change": 0.17487733855484502
    },
    {
      "date": "2024-12-31T00:00:00",
      "quarter_label": "2024-12 (Q4)",
      "revenue": 97700000,
      "gross_profit": 33645000,
      "operating_income": 21056000,
      "net_income": 9855000,
      "opex": 12589000,
      "cogs": 64055000,
      "rd": null,
      "sga": null,
      "fcf": 4892000,
      "ocf": 9280000,
      "capex": -4388000,
      "gross_margin": 0.34437052200614127,
      "op_margin": 0.21551688843398156,
      "fcf_margin": 0.05007164790174002,
      "incr_op_margin_yoy": 2.5264550264550265,
      "rev_growth_yoy": -0.011473784325232208,
      "rev_growth_yoy_accel": -0.12411108624580153,
      "fcf_margin_change": -0.11124014011458783
    },
    {
      "date": "2025-03-31T00:00:00",
      "quarter_label": "2025-03 (Q1)",
      "revenue": 107069000,
      "gross_profit": 37842000,
      "operating_income": 31564000,
      "net_income": 20926000,
      "opex": 6278000,
      "cogs": 69227000,
      "rd": null,
      "sga": null,
      "fcf": 10629000,
      "ocf": 13792000,
      "capex": -3163000,
      "gross_margin": 0.35343563496436875,
      "op_margin": 0.2948005491785671,
      "fcf_margin": 0.09927243179631826,
      "incr_op_margin_yoy": 3.3800335570469797,
      "rev_growth_yoy": 0.03455306155971902,
      "rev_growth_yoy_accel": 0.04602684588495123,
      "op_leverage_ratio": Infinity,
      "fcf_margin_change": 0.049200783894578236
    },
    {
      "date": "2025-06-30T00:00:00",
      "quarter_label": "2025-06 (Q2)",
      "revenue": 102147000,
      "gross_profit": 35935000,
      "operating_income": 23998000,
      "net_income": 11739000,
      "opex": 11937000,
      "cogs": 66212000,
      "rd": null,
      "sga": null,
      "fcf": 5239000,
      "ocf": 8085000,
      "capex": -2846000,
      "gross_margin": 0.35179692012491803,
      "op_margin": 0.2349359256757418,
      "fcf_margin": 0.051288828844704204,
      "rev_growth_yoy": -0.001671260188823081,
      "rev_growth_yoy_accel": -0.0362243217485421,
      "fcf_margin_change": -0.04798360295161405
    },
    {
      "date": "2025-09-30T00:00:00",
      "quarter_label": "2025-09 (Q3)",
      "revenue": 102742000,
      "gross_profit": 36243000,
      "operating_income": 17507000,
      "net_income": 6570000,
      "opex": 18736000,
      "cogs": 66499000,
      "rd": null,
      "sga": null,
      "fcf": 17985000,
      "ocf": 24691000,
      "capex": -6706000,
      "gross_margin": 0.35275739230305037,
      "op_margin": 0.17039769519767964,
      "fcf_margin": 0.175050125557221,
      "incr_op_margin_yoy": -2.6228710462287106,
      "rev_growth_yoy": 0.020409784778571215,
      "rev_growth_yoy_accel": 0.022081044967394294,
      "fcf_margin_change": 0.12376129671251679
    }
  ],
  "signals": [
    {
      "quarter": "2025-09 (Q3)",
      "signal": "FCF MARGIN EXPANSION",
      "detail": "FCF margin: +5.1% -> +17.5% (+12.4%)",
      "severity": "MEDIUM"
    },
    {
      "quarter": "2025-03 (Q1)",
      "signal": "INCREMENTAL MARGIN (YoY)",
      "detail": "YoY Incr OPM: +338.0% vs year-ago OPM: +18.8%",
      "severity": "HIGH"
    },
    {
      "quarter": "2024-12 (Q4)",
      "signal": "YoY REVENUE GROWTH DECELERATION",
      "detail": "YoY growth: -1.1% vs prior quarter YoY: +11.3% (decel: -12.4%)",
      "severity": "WARNING"
    },
    {
      "quarter": "2024-12 (Q4)",
      "signal": "INCREMENTAL MARGIN (YoY)",
      "detail": "YoY Incr OPM: +252.6% vs year-ago OPM: +24.2%",
      "severity": "HIGH"
    },
    {
      "quarter": "2024-09 (Q3)",
      "signal": "FCF TURNED POSITIVE",
      "detail": "FCF margin: -1.4% -> +16.1%",
      "severity": "HIGH"
    },
    {
      "quarter": "2024-09 (Q3)",
      "signal": "YoY REVENUE GROWTH ACCELERATION",
      "detail": "YoY growth: +11.3% vs prior quarter YoY: +4.8% (accel: +6.5%)",
      "severity": "MEDIUM"
    },
    {
      "quarter": "2024-09 (Q3)",
      "signal": "INCREMENTAL MARGIN (YoY)",
      "detail": "YoY Incr OPM: +70.7% vs year-ago OPM: +17.3%",
      "severity": "HIGH"
    },
    {
      "quarter": "2024-03 (Q1)",
      "signal": "FCF MARGIN EXPANSION",
      "detail": "FCF margin: +8.9% -> +15.6% (+6.7%)",
      "severity": "MEDIUM"
    },
    {
      "quarter": "2023-12 (Q4)",
      "signal": "GROSS MARGIN INFLECTION",
      "detail": "GM: +31.9% -> +30.3% -> +35.0% (reversal +4.7%)",
      "severity": "MEDIUM"
    },
    {
      "quarter": "2023-12 (Q4)",
      "signal": "INCREMENTAL MARGIN (YoY)",
      "detail": "YoY Incr OPM: +87.3% vs year-ago OPM: +20.9%",
      "severity": "HIGH"
    },
    {
      "quarter": "2023-09 (Q3)",
      "signal": "FCF MARGIN EXPANSION",
      "detail": "FCF margin: +9.6% -> +20.5% (+10.9%)",
      "severity": "MEDIUM"
    },
    {
      "quarter": "2023-06 (Q2)",
      "signal": "OPERATING LEVERAGE",
      "detail": "Rev growth +2.3% vs OpEx growth +0.4% (leverage: 5.5x)",
      "severity": "MEDIUM"
    },
    {
      "quarter": "2023-06 (Q2)",
      "signal": "YoY REVENUE GROWTH ACCELERATION",
      "detail": "YoY growth: +7.8% vs prior quarter YoY: -2.7% (accel: +10.5%)",
      "severity": "MEDIUM"
    },
    {
      "quarter": "2023-03 (Q1)",
      "signal": "FCF MARGIN EXPANSION",
      "detail": "FCF margin: +5.6% -> +21.9% (+16.3%)",
      "severity": "MEDIUM"
    },
    {
      "quarter": "2023-03 (Q1)",
      "signal": "INCREMENTAL MARGIN (YoY)",
      "detail": "YoY Incr OPM: +170.6% vs year-ago OPM: +25.6%",
      "severity": "HIGH"
    },
    {
      "quarter": "2022-12 (Q4)",
      "signal": "GROSS MARGIN INFLECTION",
      "detail": "GM: +30.6% -> +29.3% -> +33.5% (reversal +4.2%)",
      "severity": "MEDIUM"
    },
    {
      "quarter": "2022-12 (Q4)",
      "signal": "YoY REVENUE GROWTH ACCELERATION",
      "detail": "YoY growth: -2.1% vs prior quarter YoY: -7.9% (accel: +5.8%)",
      "severity": "MEDIUM"
    },
    {
      "quarter": "2022-12 (Q4)",
      "signal": "INCREMENTAL MARGIN (YoY)",
      "detail": "YoY Incr OPM: +178.5% vs year-ago OPM: +24.2%",
      "severity": "HIGH"
    },
    {
      "quarter": "2022-09 (Q3)",
      "signal": "FCF MARGIN EXPANSION",
      "detail": "FCF margin: +8.6% -> +14.8% (+6.2%)",
      "severity": "MEDIUM"
    },
    {
      "quarter": "2022-09 (Q3)",
      "signal": "YoY REVENUE GROWTH DECELERATION",
      "detail": "YoY growth: -7.9% vs prior quarter YoY: +2.6% (decel: -10.6%)",
      "severity": "WARNING"
    },
    {
      "quarter": "2022-09 (Q3)",
      "signal": "INCREMENTAL MARGIN (YoY)",
      "detail": "YoY Incr OPM: +106.6% vs year-ago OPM: +24.5%",
      "severity": "HIGH"
    },
    {
      "quarter": "2021-12 (Q4)",
      "signal": "INCREMENTAL MARGIN (YoY)",
      "detail": "YoY Incr OPM: +49.8% vs year-ago OPM: +22.6%",
      "severity": "HIGH"
    },
    {
      "quarter": "2021-09 (Q3)",
      "signal": "FCF MARGIN EXPANSION",
      "detail": "FCF margin: +11.6% -> +22.9% (+11.3%)",
      "severity": "MEDIUM"
    },
    {
      "quarter": "2021-09 (Q3)",
      "signal": "GROSS MARGIN INFLECTION",
      "detail": "GM: +36.3% -> +32.8% -> +34.9% (reversal +2.1%)",
      "severity": "MEDIUM"
    },
    {
      "quarter": "2021-03 (Q1)",
      "signal": "FCF MARGIN EXPANSION",
      "detail": "FCF margin: +11.0% -> +23.2% (+12.2%)",
      "severity": "MEDIUM"
    }
  ],
  "data_quality": {
    "n_quarters": 20,
    "coverage": {
      "revenue": [
        20,
        20
      ],
      "gross_profit": [
        20,
        20
      ],
      "op_income": [
        20,
        20
      ],
      "fcf": [
        20,
        20
      ]
    },
    "gaps": [],
    "warnings": []
  },
  "market_cap": null,
  "source": "SEC EDGAR",
  "last_updated": "2026-02-02T22:15:09.105705",
  "sector": "Consumer Cyclical",
  "industry": "Personal Services"
}