{
  "ticker": "CSWC",
  "name": "CAPITAL SOUTHWEST CORPORATION",
  "quarters": [
    {
      "date": "2010-06-30T00:00:00",
      "quarter_label": "2010-06 (Q2)",
      "revenue": 2967000,
      "gross_profit": 974000,
      "operating_income": null,
      "net_income": null,
      "opex": null,
      "cogs": null,
      "rd": null,
      "sga": null,
      "fcf": null,
      "ocf": null,
      "capex": null,
      "gross_margin": 0.3282777216043141,
      "op_margin": null,
      "fcf_margin": null
    },
    {
      "date": "2010-09-30T00:00:00",
      "quarter_label": "2010-09 (Q3)",
      "revenue": 1164000,
      "gross_profit": null,
      "operating_income": null,
      "net_income": null,
      "opex": 1064000,
      "cogs": null,
      "rd": null,
      "sga": null,
      "fcf": null,
      "ocf": null,
      "capex": null,
      "gross_margin": null,
      "op_margin": null,
      "fcf_margin": null
    },
    {
      "date": "2010-12-31T00:00:00",
      "quarter_label": "2010-12 (Q4)",
      "revenue": 2362000,
      "gross_profit": null,
      "operating_income": null,
      "net_income": null,
      "opex": 1109000,
      "cogs": null,
      "rd": null,
      "sga": null,
      "fcf": null,
      "ocf": null,
      "capex": null,
      "gross_margin": null,
      "op_margin": null,
      "fcf_margin": null,
      "op_leverage_ratio": 24.335089728904162
    },
    {
      "date": "2011-03-31T00:00:00",
      "quarter_label": "2011-03 (Q1)",
      "revenue": 1076000,
      "gross_profit": null,
      "operating_income": null,
      "net_income": null,
      "opex": 2491000,
      "cogs": null,
      "rd": null,
      "sga": null,
      "fcf": null,
      "ocf": null,
      "capex": null,
      "gross_margin": null,
      "op_margin": null,
      "fcf_margin": null
    },
    {
      "date": "2011-06-30T00:00:00",
      "quarter_label": "2011-06 (Q2)",
      "revenue": 1196000,
      "gross_profit": 1165000,
      "operating_income": null,
      "net_income": null,
      "opex": 1165000,
      "cogs": null,
      "rd": null,
      "sga": null,
      "fcf": null,
      "ocf": null,
      "capex": null,
      "gross_margin": 0.9740802675585284,
      "op_margin": null,
      "fcf_margin": null,
      "rev_growth_yoy": -0.5968992248062015,
      "op_leverage_ratio": null
    },
    {
      "date": "2011-09-30T00:00:00",
      "quarter_label": "2011-09 (Q3)",
      "revenue": 1257000,
      "gross_profit": null,
      "operating_income": null,
      "net_income": null,
      "opex": 1205000,
      "cogs": null,
      "rd": null,
      "sga": null,
      "fcf": null,
      "ocf": null,
      "capex": null,
      "gross_margin": null,
      "op_margin": null,
      "fcf_margin": null,
      "rev_growth_yoy": 0.07989690721649484,
      "rev_growth_yoy_accel": 0.6767961320226963,
      "op_leverage_ratio": 1.4854724080267558
    },
    {
      "date": "2011-12-31T00:00:00",
      "quarter_label": "2011-12 (Q4)",
      "revenue": 5624000,
      "gross_profit": null,
      "operating_income": null,
      "net_income": null,
      "opex": 1212000,
      "cogs": null,
      "rd": null,
      "sga": null,
      "fcf": null,
      "ocf": null,
      "capex": null,
      "gross_margin": null,
      "op_margin": null,
      "fcf_margin": null,
      "rev_growth_yoy": 1.3810330228619814,
      "rev_growth_yoy_accel": 1.3011361156454866,
      "op_leverage_ratio": 598.0492101375156
    },
    {
      "date": "2012-03-31T00:00:00",
      "quarter_label": "2012-03 (Q1)",
      "revenue": 1256000,
      "gross_profit": null,
      "operating_income": null,
      "net_income": null,
      "opex": 3089000,
      "cogs": null,
      "rd": null,
      "sga": null,
      "fcf": null,
      "ocf": null,
      "capex": null,
      "gross_margin": null,
      "op_margin": null,
      "fcf_margin": null,
      "rev_growth_yoy": 0.16728624535315986,
      "rev_growth_yoy_accel": -1.2137467775088215
    },
    {
      "date": "2012-06-30T00:00:00",
      "quarter_label": "2012-06 (Q2)",
      "revenue": 1451000,
      "gross_profit": null,
      "operating_income": null,
      "net_income": null,
      "opex": 1419000,
      "cogs": null,
      "rd": null,
      "sga": null,
      "fcf": null,
      "ocf": null,
      "capex": null,
      "gross_margin": null,
      "op_margin": null,
      "fcf_margin": null,
      "rev_growth_yoy": 0.21321070234113712,
      "rev_growth_yoy_accel": 0.04592445698797726,
      "op_leverage_ratio": null
    },
    {
      "date": "2012-09-30T00:00:00",
      "quarter_label": "2012-09 (Q3)",
      "revenue": 1344000,
      "gross_profit": null,
      "operating_income": null,
      "net_income": null,
      "opex": 1438000,
      "cogs": null,
      "rd": null,
      "sga": null,
      "fcf": -6048000,
      "ocf": -6048000,
      "capex": null,
      "gross_margin": null,
      "op_margin": null,
      "fcf_margin": -4.5,
      "rev_growth_yoy": 0.06921241050119331,
      "rev_growth_yoy_accel": -0.1439982918399438
    },
    {
      "date": "2012-12-31T00:00:00",
      "quarter_label": "2012-12 (Q4)",
      "revenue": 6972000,
      "gross_profit": null,
      "operating_income": null,
      "net_income": null,
      "opex": 2873000,
      "cogs": null,
      "rd": null,
      "sga": null,
      "fcf": 9230000,
      "ocf": 9230000,
      "capex": null,
      "gross_margin": null,
      "op_margin": null,
      "fcf_margin": 1.3238668961560527,
      "rev_growth_yoy": 0.23968705547652916,
      "rev_growth_yoy_accel": 0.17047464497533585,
      "op_leverage_ratio": 4.196254355400697,
      "fcf_margin_change": 5.823866896156053
    },
    {
      "date": "2013-03-31T00:00:00",
      "quarter_label": "2013-03 (Q1)",
      "revenue": 1068000,
      "gross_profit": null,
      "operating_income": null,
      "net_income": null,
      "opex": 2608000,
      "cogs": null,
      "rd": null,
      "sga": null,
      "fcf": 25006000,
      "ocf": 25006000,
      "capex": null,
      "gross_margin": null,
      "op_margin": null,
      "fcf_margin": 23.413857677902623,
      "rev_growth_yoy": -0.14968152866242038,
      "rev_growth_yoy_accel": -0.38936858413894954,
      "fcf_margin_change": 22.08999078174657
    }
  ],
  "signals": [
    {
      "quarter": "2013-03 (Q1)",
      "signal": "FCF MARGIN EXPANSION",
      "detail": "FCF margin: +132.4% -> +2341.4% (+2209.0%)",
      "severity": "MEDIUM"
    },
    {
      "quarter": "2013-03 (Q1)",
      "signal": "YoY REVENUE GROWTH DECELERATION",
      "detail": "YoY growth: -15.0% vs prior quarter YoY: +24.0% (decel: -38.9%)",
      "severity": "WARNING"
    },
    {
      "quarter": "2012-12 (Q4)",
      "signal": "FCF TURNED POSITIVE",
      "detail": "FCF margin: -450.0% -> +132.4%",
      "severity": "HIGH"
    },
    {
      "quarter": "2012-12 (Q4)",
      "signal": "OPERATING LEVERAGE",
      "detail": "Rev growth +418.8% vs OpEx growth +99.8% (leverage: 4.2x)",
      "severity": "MEDIUM"
    },
    {
      "quarter": "2012-12 (Q4)",
      "signal": "YoY REVENUE GROWTH ACCELERATION",
      "detail": "YoY growth: +24.0% vs prior quarter YoY: +6.9% (accel: +17.0%)",
      "severity": "HIGH"
    },
    {
      "quarter": "2012-09 (Q3)",
      "signal": "YoY REVENUE GROWTH DECELERATION",
      "detail": "YoY growth: +6.9% vs prior quarter YoY: +21.3% (decel: -14.4%)",
      "severity": "WARNING"
    },
    {
      "quarter": "2012-03 (Q1)",
      "signal": "YoY REVENUE GROWTH DECELERATION",
      "detail": "YoY growth: +16.7% vs prior quarter YoY: +138.1% (decel: -121.4%)",
      "severity": "WARNING"
    },
    {
      "quarter": "2011-12 (Q4)",
      "signal": "OPERATING LEVERAGE",
      "detail": "Rev growth +347.4% vs OpEx growth +0.6% (leverage: 598.0x)",
      "severity": "MEDIUM"
    },
    {
      "quarter": "2011-12 (Q4)",
      "signal": "YoY REVENUE GROWTH ACCELERATION",
      "detail": "YoY growth: +138.1% vs prior quarter YoY: +8.0% (accel: +130.1%)",
      "severity": "HIGH"
    },
    {
      "quarter": "2011-09 (Q3)",
      "signal": "YoY REVENUE GROWTH ACCELERATION",
      "detail": "YoY growth: +8.0% vs prior quarter YoY: -59.7% (accel: +67.7%)",
      "severity": "HIGH"
    },
    {
      "quarter": "2010-12 (Q4)",
      "signal": "OPERATING LEVERAGE",
      "detail": "Rev growth +102.9% vs OpEx growth +4.2% (leverage: 24.3x)",
      "severity": "MEDIUM"
    }
  ],
  "data_quality": {
    "n_quarters": 12,
    "coverage": {
      "revenue": [
        12,
        12
      ],
      "gross_profit": [
        2,
        12
      ],
      "op_income": [
        0,
        12
      ],
      "fcf": [
        3,
        12
      ]
    },
    "gaps": [],
    "warnings": [
      "gross_profit: 2/12Q",
      "op_income: no data",
      "fcf: 3/12Q"
    ]
  },
  "market_cap": null,
  "source": "SEC EDGAR",
  "last_updated": "2026-02-04T13:48:12.421769"
}