{
  "ticker": "CSX",
  "name": "CSX CORPORATION",
  "sector": "Industrials",
  "industry": "Railroads",
  "quarters": [
    {
      "date": "2021-03-31T00:00:00",
      "quarter_label": "2021-03 (Q1)",
      "revenue": 2813000000,
      "gross_profit": null,
      "operating_income": 1101000000,
      "net_income": 706000000,
      "opex": null,
      "cogs": null,
      "rd": null,
      "sga": null,
      "fcf": 926000000,
      "ocf": 1232000000,
      "capex": -306000000,
      "gross_margin": null,
      "op_margin": 0.3913970849626733,
      "fcf_margin": 0.3291859225026662
    },
    {
      "date": "2021-06-30T00:00:00",
      "quarter_label": "2021-06 (Q2)",
      "revenue": 2990000000,
      "gross_profit": null,
      "operating_income": 1691000000,
      "net_income": 1173000000,
      "opex": null,
      "cogs": null,
      "rd": null,
      "sga": null,
      "fcf": 719000000,
      "ocf": 1167000000,
      "capex": -448000000,
      "gross_margin": null,
      "op_margin": 0.565551839464883,
      "fcf_margin": 0.24046822742474916,
      "fcf_margin_change": -0.08871769507791705
    },
    {
      "date": "2021-09-30T00:00:00",
      "quarter_label": "2021-09 (Q3)",
      "revenue": 3292000000,
      "gross_profit": null,
      "operating_income": 1436000000,
      "net_income": 968000000,
      "opex": null,
      "cogs": null,
      "rd": null,
      "sga": null,
      "fcf": 954000000,
      "ocf": 1420000000,
      "capex": -466000000,
      "gross_margin": null,
      "op_margin": 0.4362089914945322,
      "fcf_margin": 0.28979343863912516,
      "fcf_margin_change": 0.049325211214376
    },
    {
      "date": "2021-12-31T00:00:00",
      "quarter_label": "2021-12 (Q4)",
      "revenue": 3427000000,
      "gross_profit": null,
      "operating_income": 1366000000,
      "net_income": 934000000,
      "opex": null,
      "cogs": null,
      "rd": null,
      "sga": null,
      "fcf": 709000000,
      "ocf": 1280000000,
      "capex": -571000000,
      "gross_margin": null,
      "op_margin": 0.39859935803910124,
      "fcf_margin": 0.2068864896410855,
      "fcf_margin_change": -0.08290694899803966
    },
    {
      "date": "2022-03-31T00:00:00",
      "quarter_label": "2022-03 (Q1)",
      "revenue": 3413000000,
      "gross_profit": null,
      "operating_income": 1282000000,
      "net_income": 859000000,
      "opex": null,
      "cogs": null,
      "rd": null,
      "sga": null,
      "fcf": 968000000,
      "ocf": 1299000000,
      "capex": -331000000,
      "gross_margin": null,
      "op_margin": 0.37562261939642544,
      "fcf_margin": 0.2836214474069733,
      "incr_op_margin_yoy": 0.3016666666666667,
      "rev_growth_yoy": 0.21329541414859582,
      "fcf_margin_change": 0.07673495776588782
    },
    {
      "date": "2022-06-30T00:00:00",
      "quarter_label": "2022-06 (Q2)",
      "revenue": 3815000000,
      "gross_profit": null,
      "operating_income": 1703000000,
      "net_income": 1178000000,
      "opex": null,
      "cogs": null,
      "rd": null,
      "sga": null,
      "fcf": 751000000,
      "ocf": 1231000000,
      "capex": -480000000,
      "gross_margin": null,
      "op_margin": 0.44639580602883355,
      "fcf_margin": 0.19685452162516381,
      "incr_op_margin_yoy": 0.014545454545454545,
      "rev_growth_yoy": 0.27591973244147155,
      "rev_growth_yoy_accel": 0.06262431829287574,
      "fcf_margin_change": -0.0867669257818095
    },
    {
      "date": "2022-09-30T00:00:00",
      "quarter_label": "2022-09 (Q3)",
      "revenue": 3895000000,
      "gross_profit": null,
      "operating_income": 1579000000,
      "net_income": 1111000000,
      "opex": null,
      "cogs": null,
      "rd": null,
      "sga": null,
      "fcf": 1099000000,
      "ocf": 1725000000,
      "capex": -626000000,
      "gross_margin": null,
      "op_margin": 0.40539152759948655,
      "fcf_margin": 0.2821566110397946,
      "incr_op_margin_yoy": 0.23714759535655058,
      "rev_growth_yoy": 0.18317132442284326,
      "rev_growth_yoy_accel": -0.0927484080186283,
      "fcf_margin_change": 0.0853020894146308
    },
    {
      "date": "2022-12-31T00:00:00",
      "quarter_label": "2022-12 (Q4)",
      "revenue": 3730000000,
      "gross_profit": null,
      "operating_income": 1459000000,
      "net_income": 1018000000,
      "opex": null,
      "cogs": null,
      "rd": null,
      "sga": null,
      "fcf": 595000000,
      "ocf": 1271000000,
      "capex": -676000000,
      "gross_margin": null,
      "op_margin": 0.3911528150134048,
      "fcf_margin": 0.15951742627345844,
      "incr_op_margin_yoy": 0.3069306930693069,
      "rev_growth_yoy": 0.0884155237817333,
      "rev_growth_yoy_accel": -0.09475580064110996,
      "fcf_margin_change": -0.12263918476633617
    },
    {
      "date": "2023-03-31T00:00:00",
      "quarter_label": "2023-03 (Q1)",
      "revenue": 3706000000,
      "gross_profit": null,
      "operating_income": 1464000000,
      "net_income": 987000000,
      "opex": null,
      "cogs": null,
      "rd": null,
      "sga": null,
      "fcf": 824000000,
      "ocf": 1256000000,
      "capex": -432000000,
      "gross_margin": null,
      "op_margin": 0.3950350782514841,
      "fcf_margin": 0.22234214786832163,
      "incr_op_margin_yoy": 0.621160409556314,
      "rev_growth_yoy": 0.08584822736595371,
      "rev_growth_yoy_accel": -0.002567296415779588,
      "fcf_margin_change": 0.06282472159486319
    },
    {
      "date": "2023-06-30T00:00:00",
      "quarter_label": "2023-06 (Q2)",
      "revenue": 3699000000,
      "gross_profit": null,
      "operating_income": 1482000000,
      "net_income": 996000000,
      "opex": null,
      "cogs": null,
      "rd": null,
      "sga": null,
      "fcf": 652000000,
      "ocf": 1217000000,
      "capex": -565000000,
      "gross_margin": null,
      "op_margin": 0.4006488240064882,
      "fcf_margin": 0.1762638550959719,
      "incr_op_margin_yoy": 1.9051724137931034,
      "rev_growth_yoy": -0.03040629095674967,
      "rev_growth_yoy_accel": -0.11625451832270338,
      "fcf_margin_change": -0.04607829277234973
    },
    {
      "date": "2023-09-30T00:00:00",
      "quarter_label": "2023-09 (Q3)",
      "revenue": 3572000000,
      "gross_profit": null,
      "operating_income": 1295000000,
      "net_income": 846000000,
      "opex": null,
      "cogs": null,
      "rd": null,
      "sga": null,
      "fcf": 978000000,
      "ocf": 1552000000,
      "capex": -574000000,
      "gross_margin": null,
      "op_margin": 0.362541993281075,
      "fcf_margin": 0.27379619260918253,
      "incr_op_margin_yoy": 0.8792569659442725,
      "rev_growth_yoy": -0.08292682926829269,
      "rev_growth_yoy_accel": -0.05252053831154302,
      "fcf_margin_change": 0.09753233751321064
    },
    {
      "date": "2023-12-31T00:00:00",
      "quarter_label": "2023-12 (Q4)",
      "revenue": 3680000000,
      "gross_profit": null,
      "operating_income": 1315000000,
      "net_income": 882000000,
      "opex": null,
      "cogs": null,
      "rd": null,
      "sga": null,
      "fcf": 803000000,
      "ocf": 1489000000,
      "capex": -686000000,
      "gross_margin": null,
      "op_margin": 0.35733695652173914,
      "fcf_margin": 0.21820652173913044,
      "incr_op_margin_yoy": 2.88,
      "rev_growth_yoy": -0.013404825737265416,
      "rev_growth_yoy_accel": 0.06952200353102728,
      "fcf_margin_change": -0.055589670870052094
    },
    {
      "date": "2024-03-31T00:00:00",
      "quarter_label": "2024-03 (Q1)",
      "revenue": 3681000000,
      "gross_profit": null,
      "operating_income": 1354000000,
      "net_income": 893000000,
      "opex": null,
      "cogs": null,
      "rd": null,
      "sga": null,
      "fcf": 549000000,
      "ocf": 1066000000,
      "capex": -517000000,
      "gross_margin": null,
      "op_margin": 0.3678348274925292,
      "fcf_margin": 0.1491442542787286,
      "incr_op_margin_yoy": 4.4,
      "rev_growth_yoy": -0.006745817593092283,
      "rev_growth_yoy_accel": 0.006659008144173133,
      "fcf_margin_change": -0.06906226746040184
    },
    {
      "date": "2024-06-30T00:00:00",
      "quarter_label": "2024-06 (Q2)",
      "revenue": 3701000000,
      "gross_profit": null,
      "operating_income": 1448000000,
      "net_income": 963000000,
      "opex": null,
      "cogs": null,
      "rd": null,
      "sga": null,
      "fcf": 558000000,
      "ocf": 1107000000,
      "capex": -549000000,
      "gross_margin": null,
      "op_margin": 0.3912456092947852,
      "fcf_margin": 0.15077006214536612,
      "incr_op_margin_yoy": -17.0,
      "rev_growth_yoy": 0.0005406866720735334,
      "rev_growth_yoy_accel": 0.0072865042651658165,
      "fcf_margin_change": 0.0016258078666375186
    },
    {
      "date": "2024-09-30T00:00:00",
      "quarter_label": "2024-09 (Q3)",
      "revenue": 3619000000,
      "gross_profit": null,
      "operating_income": 1354000000,
      "net_income": 894000000,
      "opex": null,
      "cogs": null,
      "rd": null,
      "sga": null,
      "fcf": 1061000000,
      "ocf": 1686000000,
      "capex": -625000000,
      "gross_margin": null,
      "op_margin": 0.37413650179607627,
      "fcf_margin": 0.2931749101961868,
      "incr_op_margin_yoy": 1.2553191489361701,
      "rev_growth_yoy": 0.013157894736842105,
      "rev_growth_yoy_accel": 0.01261720806476857,
      "fcf_margin_change": 0.14240484805082068
    },
    {
      "date": "2024-12-31T00:00:00",
      "quarter_label": "2024-12 (Q4)",
      "revenue": 3539000000,
      "gross_profit": null,
      "operating_income": 1106000000,
      "net_income": 733000000,
      "opex": null,
      "cogs": null,
      "rd": null,
      "sga": null,
      "fcf": 550000000,
      "ocf": 1388000000,
      "capex": -838000000,
      "gross_margin": null,
      "op_margin": 0.3125176603560328,
      "fcf_margin": 0.15541113308844307,
      "incr_op_margin_yoy": 1.4822695035460993,
      "rev_growth_yoy": -0.03831521739130435,
      "rev_growth_yoy_accel": -0.05147311212814645,
      "fcf_margin_change": -0.13776377710774373
    },
    {
      "date": "2025-03-31T00:00:00",
      "quarter_label": "2025-03 (Q1)",
      "revenue": 3423000000,
      "gross_profit": null,
      "operating_income": 1041000000,
      "net_income": 646000000,
      "opex": null,
      "cogs": null,
      "rd": null,
      "sga": null,
      "fcf": 536000000,
      "ocf": 1255000000,
      "capex": -719000000,
      "gross_margin": null,
      "op_margin": 0.3041191936897458,
      "fcf_margin": 0.15658778848962898,
      "incr_op_margin_yoy": 1.2131782945736433,
      "rev_growth_yoy": -0.07008964955175224,
      "rev_growth_yoy_accel": -0.031774432160447896,
      "fcf_margin_change": 0.0011766554011859165
    },
    {
      "date": "2025-06-30T00:00:00",
      "quarter_label": "2025-06 (Q2)",
      "revenue": 3574000000,
      "gross_profit": null,
      "operating_income": 1283000000,
      "net_income": 829000000,
      "opex": null,
      "cogs": null,
      "rd": null,
      "sga": null,
      "fcf": -141000000,
      "ocf": 635000000,
      "capex": -776000000,
      "gross_margin": null,
      "op_margin": 0.35898153329602683,
      "fcf_margin": -0.039451594851706774,
      "incr_op_margin_yoy": 1.2992125984251968,
      "rev_growth_yoy": -0.03431504998649014,
      "rev_growth_yoy_accel": 0.035774599565262105,
      "fcf_margin_change": -0.19603938334133575
    },
    {
      "date": "2025-09-30T00:00:00",
      "quarter_label": "2025-09 (Q3)",
      "revenue": 3587000000,
      "gross_profit": null,
      "operating_income": 1087000000,
      "net_income": 694000000,
      "opex": null,
      "cogs": null,
      "rd": null,
      "sga": null,
      "fcf": 607000000,
      "ocf": 1337000000,
      "capex": -730000000,
      "gross_margin": null,
      "op_margin": 0.30303875104544187,
      "fcf_margin": 0.16922219124616672,
      "incr_op_margin_yoy": 8.34375,
      "rev_growth_yoy": -0.008842221608179055,
      "rev_growth_yoy_accel": 0.025472828378311087,
      "fcf_margin_change": 0.2086737860978735
    },
    {
      "date": "2025-12-31T00:00:00",
      "quarter_label": "2025-12 (Q4)",
      "revenue": 3508000000,
      "gross_profit": null,
      "operating_income": 1110000000,
      "net_income": 720000000,
      "opex": null,
      "cogs": null,
      "rd": null,
      "sga": null,
      "fcf": 709000000,
      "ocf": 1386000000,
      "capex": -677000000,
      "gross_margin": null,
      "op_margin": 0.3164196123147092,
      "fcf_margin": 0.20210946408209807,
      "incr_op_margin_yoy": -0.12903225806451613,
      "rev_growth_yoy": -0.0087595365922577,
      "rev_growth_yoy_accel": 8.268501592135526e-05,
      "fcf_margin_change": 0.03288727283593135
    }
  ],
  "signals": [
    {
      "quarter": "2025-09 (Q3)",
      "signal": "FCF TURNED POSITIVE",
      "detail": "FCF margin: -3.9% -> +16.9%",
      "severity": "HIGH"
    },
    {
      "quarter": "2025-09 (Q3)",
      "signal": "INCREMENTAL MARGIN (YoY)",
      "detail": "YoY Incr OPM: +834.4% vs year-ago OPM: +37.4%",
      "severity": "HIGH"
    },
    {
      "quarter": "2025-06 (Q2)",
      "signal": "INCREMENTAL MARGIN (YoY)",
      "detail": "YoY Incr OPM: +129.9% vs year-ago OPM: +39.1%",
      "severity": "HIGH"
    },
    {
      "quarter": "2025-03 (Q1)",
      "signal": "INCREMENTAL MARGIN (YoY)",
      "detail": "YoY Incr OPM: +121.3% vs year-ago OPM: +36.8%",
      "severity": "HIGH"
    },
    {
      "quarter": "2024-12 (Q4)",
      "signal": "YoY REVENUE GROWTH DECELERATION",
      "detail": "YoY growth: -3.8% vs prior quarter YoY: +1.3% (decel: -5.1%)",
      "severity": "WARNING"
    },
    {
      "quarter": "2024-12 (Q4)",
      "signal": "INCREMENTAL MARGIN (YoY)",
      "detail": "YoY Incr OPM: +148.2% vs year-ago OPM: +35.7%",
      "severity": "HIGH"
    },
    {
      "quarter": "2024-09 (Q3)",
      "signal": "FCF MARGIN EXPANSION",
      "detail": "FCF margin: +15.1% -> +29.3% (+14.2%)",
      "severity": "MEDIUM"
    },
    {
      "quarter": "2024-09 (Q3)",
      "signal": "INCREMENTAL MARGIN (YoY)",
      "detail": "YoY Incr OPM: +125.5% vs year-ago OPM: +36.3%",
      "severity": "HIGH"
    },
    {
      "quarter": "2024-03 (Q1)",
      "signal": "INCREMENTAL MARGIN (YoY)",
      "detail": "YoY Incr OPM: +440.0% vs year-ago OPM: +39.5%",
      "severity": "HIGH"
    },
    {
      "quarter": "2023-12 (Q4)",
      "signal": "YoY REVENUE GROWTH ACCELERATION",
      "detail": "YoY growth: -1.3% vs prior quarter YoY: -8.3% (accel: +7.0%)",
      "severity": "MEDIUM"
    },
    {
      "quarter": "2023-12 (Q4)",
      "signal": "INCREMENTAL MARGIN (YoY)",
      "detail": "YoY Incr OPM: +288.0% vs year-ago OPM: +39.1%",
      "severity": "HIGH"
    },
    {
      "quarter": "2023-09 (Q3)",
      "signal": "FCF MARGIN EXPANSION",
      "detail": "FCF margin: +17.6% -> +27.4% (+9.8%)",
      "severity": "MEDIUM"
    },
    {
      "quarter": "2023-09 (Q3)",
      "signal": "YoY REVENUE GROWTH DECELERATION",
      "detail": "YoY growth: -8.3% vs prior quarter YoY: -3.0% (decel: -5.3%)",
      "severity": "WARNING"
    },
    {
      "quarter": "2023-09 (Q3)",
      "signal": "INCREMENTAL MARGIN (YoY)",
      "detail": "YoY Incr OPM: +87.9% vs year-ago OPM: +40.5%",
      "severity": "HIGH"
    },
    {
      "quarter": "2023-06 (Q2)",
      "signal": "YoY REVENUE GROWTH DECELERATION",
      "detail": "YoY growth: -3.0% vs prior quarter YoY: +8.6% (decel: -11.6%)",
      "severity": "WARNING"
    },
    {
      "quarter": "2023-06 (Q2)",
      "signal": "INCREMENTAL MARGIN (YoY)",
      "detail": "YoY Incr OPM: +190.5% vs year-ago OPM: +44.6%",
      "severity": "HIGH"
    },
    {
      "quarter": "2023-03 (Q1)",
      "signal": "FCF MARGIN EXPANSION",
      "detail": "FCF margin: +16.0% -> +22.2% (+6.3%)",
      "severity": "MEDIUM"
    },
    {
      "quarter": "2023-03 (Q1)",
      "signal": "INCREMENTAL MARGIN (YoY)",
      "detail": "YoY Incr OPM: +62.1% vs year-ago OPM: +37.6%",
      "severity": "HIGH"
    },
    {
      "quarter": "2022-12 (Q4)",
      "signal": "YoY REVENUE GROWTH DECELERATION",
      "detail": "YoY growth: +8.8% vs prior quarter YoY: +18.3% (decel: -9.5%)",
      "severity": "WARNING"
    },
    {
      "quarter": "2022-09 (Q3)",
      "signal": "FCF MARGIN EXPANSION",
      "detail": "FCF margin: +19.7% -> +28.2% (+8.5%)",
      "severity": "MEDIUM"
    },
    {
      "quarter": "2022-09 (Q3)",
      "signal": "YoY REVENUE GROWTH DECELERATION",
      "detail": "YoY growth: +18.3% vs prior quarter YoY: +27.6% (decel: -9.3%)",
      "severity": "WARNING"
    },
    {
      "quarter": "2022-06 (Q2)",
      "signal": "YoY REVENUE GROWTH ACCELERATION",
      "detail": "YoY growth: +27.6% vs prior quarter YoY: +21.3% (accel: +6.3%)",
      "severity": "MEDIUM"
    },
    {
      "quarter": "2022-03 (Q1)",
      "signal": "FCF MARGIN EXPANSION",
      "detail": "FCF margin: +20.7% -> +28.4% (+7.7%)",
      "severity": "MEDIUM"
    }
  ],
  "data_quality": {
    "n_quarters": 20,
    "coverage": {
      "revenue": [
        20,
        20
      ],
      "gross_profit": [
        0,
        20
      ],
      "op_income": [
        20,
        20
      ],
      "fcf": [
        20,
        20
      ]
    },
    "gaps": [],
    "warnings": [
      "gross_profit: no data"
    ]
  },
  "market_cap": null,
  "source": "SEC EDGAR",
  "last_updated": "2026-02-13T11:33:42.172255"
}