{
  "ticker": "CTAS",
  "name": "Cintas Corporation",
  "quarters": [
    {
      "date": "2021-02-28T00:00:00",
      "quarter_label": "2021-02 (Q1)",
      "revenue": 1777056000,
      "gross_profit": null,
      "operating_income": 326468000,
      "net_income": 258384000,
      "opex": null,
      "cogs": null,
      "rd": null,
      "sga": 483048000,
      "fcf": 289100000,
      "ocf": 331851000,
      "capex": -42751000,
      "gross_margin": null,
      "op_margin": 0.18371283741198927,
      "fcf_margin": 0.1626848000288117
    },
    {
      "date": "2021-05-31T00:00:00",
      "quarter_label": "2021-05 (Q2)",
      "revenue": 1835662000,
      "gross_profit": null,
      "operating_income": 356446000,
      "net_income": 267722000,
      "opex": null,
      "cogs": null,
      "rd": null,
      "sga": 502604000,
      "fcf": 412865000,
      "ocf": 455925000,
      "capex": -43060000,
      "gross_margin": null,
      "op_margin": 0.19417844897372175,
      "fcf_margin": 0.22491340998506262,
      "fcf_margin_change": 0.06222860995625093
    },
    {
      "date": "2021-08-31T00:00:00",
      "quarter_label": "2021-08 (Q3)",
      "revenue": 1896950000,
      "gross_profit": null,
      "operating_income": 394101000,
      "net_income": 331179000,
      "opex": null,
      "cogs": null,
      "rd": null,
      "sga": 508655000,
      "fcf": 213393000,
      "ocf": 262141000,
      "capex": -48748000,
      "gross_margin": null,
      "op_margin": 0.20775508052399905,
      "fcf_margin": 0.11249268562692744,
      "fcf_margin_change": -0.11242072435813519
    },
    {
      "date": "2021-11-30T00:00:00",
      "quarter_label": "2021-11 (Q4)",
      "revenue": 1922281000,
      "gross_profit": null,
      "operating_income": 381228000,
      "net_income": 294669000,
      "opex": null,
      "cogs": null,
      "rd": null,
      "sga": 503913000,
      "fcf": 271760000,
      "ocf": 331641000,
      "capex": -59881000,
      "gross_margin": null,
      "op_margin": 0.1983206409468751,
      "fcf_margin": 0.14137371175181984,
      "fcf_margin_change": 0.028881026124892406
    },
    {
      "date": "2022-02-28T00:00:00",
      "quarter_label": "2022-02 (Q1)",
      "revenue": 1960542000,
      "gross_profit": null,
      "operating_income": 407605000,
      "net_income": 315448000,
      "opex": null,
      "cogs": null,
      "rd": null,
      "sga": 490549000,
      "fcf": 336051000,
      "ocf": 393273000,
      "capex": -57222000,
      "gross_margin": null,
      "op_margin": 0.207904242806326,
      "fcf_margin": 0.17140719250084926,
      "incr_op_margin_yoy": 0.4421972248563923,
      "rev_growth_yoy": 0.10325279563502782,
      "fcf_margin_change": 0.030033480749029423
    },
    {
      "date": "2022-05-31T00:00:00",
      "quarter_label": "2022-05 (Q2)",
      "revenue": 2074686000,
      "gross_profit": null,
      "operating_income": 404436000,
      "net_income": 294461000,
      "opex": null,
      "cogs": null,
      "rd": null,
      "sga": 541759000,
      "fcf": 475749000,
      "ocf": 550570000,
      "capex": -74821000,
      "gross_margin": null,
      "op_margin": 0.19493841477698312,
      "fcf_margin": 0.22931132711166893,
      "incr_op_margin_yoy": 0.20077481759153892,
      "rev_growth_yoy": 0.13021133520223221,
      "rev_growth_yoy_accel": 0.026958539567204398,
      "fcf_margin_change": 0.05790413461081967
    },
    {
      "date": "2022-08-31T00:00:00",
      "quarter_label": "2022-08 (Q3)",
      "revenue": 2166454000,
      "gross_profit": null,
      "operating_income": 440120000,
      "net_income": 351689000,
      "opex": null,
      "cogs": null,
      "rd": null,
      "sga": 587992000,
      "fcf": 228140000,
      "ocf": 298156000,
      "capex": -70016000,
      "gross_margin": null,
      "op_margin": 0.20315224786679062,
      "fcf_margin": 0.10530572077690087,
      "incr_op_margin_yoy": 0.17075442293991927,
      "rev_growth_yoy": 0.14207227391338728,
      "rev_growth_yoy_accel": 0.011860938711155067,
      "fcf_margin_change": -0.12400560633476806
    },
    {
      "date": "2022-11-30T00:00:00",
      "quarter_label": "2022-11 (Q4)",
      "revenue": 2174858000,
      "gross_profit": null,
      "operating_income": 444934000,
      "net_income": 324293000,
      "opex": null,
      "cogs": null,
      "rd": null,
      "sga": 577513000,
      "fcf": 244605000,
      "ocf": 320993000,
      "capex": -76388000,
      "gross_margin": null,
      "op_margin": 0.20458071285573587,
      "fcf_margin": 0.11246941179608048,
      "incr_op_margin_yoy": 0.2522240742427062,
      "rev_growth_yoy": 0.13139442152318,
      "rev_growth_yoy_accel": -0.01067785239020727,
      "fcf_margin_change": 0.007163691019179616
    },
    {
      "date": "2023-02-28T00:00:00",
      "quarter_label": "2023-02 (Q1)",
      "revenue": 2189986000,
      "gross_profit": null,
      "operating_income": 446812000,
      "net_income": 325827000,
      "opex": null,
      "cogs": null,
      "rd": null,
      "sga": 587219000,
      "fcf": 347330000,
      "ocf": 425042000,
      "capex": -77712000,
      "gross_margin": null,
      "op_margin": 0.20402504856195428,
      "fcf_margin": 0.15859918739206552,
      "incr_op_margin_yoy": 0.17087829710081762,
      "rev_growth_yoy": 0.11703090267895307,
      "rev_growth_yoy_accel": -0.014363518844226944,
      "fcf_margin_change": 0.04612977559598504
    },
    {
      "date": "2023-05-31T00:00:00",
      "quarter_label": "2023-05 (Q2)",
      "revenue": 2284471000,
      "gross_profit": null,
      "operating_income": 470798000,
      "net_income": 346201000,
      "opex": null,
      "cogs": null,
      "rd": null,
      "sga": 617980000,
      "fcf": 435044000,
      "ocf": 542037000,
      "capex": -106993000,
      "gross_margin": null,
      "op_margin": 0.20608622302493662,
      "fcf_margin": 0.19043533491998804,
      "incr_op_margin_yoy": 0.31633338894582547,
      "rev_growth_yoy": 0.1011165063050505,
      "rev_growth_yoy_accel": -0.015914396373902573,
      "fcf_margin_change": 0.03183614752792252
    },
    {
      "date": "2023-08-31T00:00:00",
      "quarter_label": "2023-08 (Q3)",
      "revenue": 2342330000,
      "gross_profit": null,
      "operating_income": 500556000,
      "net_income": 385085000,
      "opex": null,
      "cogs": null,
      "rd": null,
      "sga": 641015000,
      "fcf": 230248000,
      "ocf": 336945000,
      "capex": -106697000,
      "gross_margin": null,
      "op_margin": 0.21370003372710078,
      "fcf_margin": 0.09829870257393279,
      "incr_op_margin_yoy": 0.343628465509791,
      "rev_growth_yoy": 0.08118150673866142,
      "rev_growth_yoy_accel": -0.01993499956638907,
      "fcf_margin_change": -0.09213663234605525
    },
    {
      "date": "2023-11-30T00:00:00",
      "quarter_label": "2023-11 (Q4)",
      "revenue": 2377177000,
      "gross_profit": null,
      "operating_income": 499683000,
      "net_income": 374613000,
      "opex": null,
      "cogs": null,
      "rd": null,
      "sga": 641865000,
      "fcf": 298856000,
      "ocf": 392686000,
      "capex": -93830000,
      "gross_margin": null,
      "op_margin": 0.21020016599521196,
      "fcf_margin": 0.1257188673792486,
      "incr_op_margin_yoy": 0.270607308260717,
      "rev_growth_yoy": 0.09302630332647005,
      "rev_growth_yoy_accel": 0.011844796587808626,
      "fcf_margin_change": 0.027420164805315797
    },
    {
      "date": "2024-02-29T00:00:00",
      "quarter_label": "2024-02 (Q1)",
      "revenue": 2406173000,
      "gross_profit": null,
      "operating_income": 520800000,
      "net_income": 397579000,
      "opex": null,
      "cogs": null,
      "rd": null,
      "sga": 667048000,
      "fcf": 550079000,
      "ocf": 657110000,
      "capex": -107031000,
      "gross_margin": null,
      "op_margin": 0.21644328982163794,
      "fcf_margin": 0.22861157531066967,
      "incr_op_margin_yoy": 0.3422407452807061,
      "rev_growth_yoy": 0.09871615617634086,
      "rev_growth_yoy_accel": 0.005689852849870808,
      "fcf_margin_change": 0.10289270793142108
    },
    {
      "date": "2024-05-31T00:00:00",
      "quarter_label": "2024-05 (Q2)",
      "revenue": 2470935000,
      "gross_profit": null,
      "operating_income": 547594000,
      "net_income": 414315000,
      "opex": null,
      "cogs": null,
      "rd": null,
      "sga": 667855000,
      "fcf": 579848000,
      "ocf": 681759000,
      "capex": -101911000,
      "gross_margin": null,
      "op_margin": 0.22161408535635296,
      "fcf_margin": 0.23466744370046155,
      "incr_op_margin_yoy": 0.4118542989531491,
      "rev_growth_yoy": 0.08162239748283082,
      "rev_growth_yoy_accel": -0.01709375869351004,
      "fcf_margin_change": 0.006055868389791885
    },
    {
      "date": "2024-08-31T00:00:00",
      "quarter_label": "2024-08 (Q3)",
      "revenue": 2501587000,
      "gross_profit": 1252131000,
      "operating_income": 561031000,
      "net_income": 452033000,
      "opex": 691100000,
      "cogs": 1249456000,
      "rd": null,
      "sga": 691100000,
      "fcf": 367436000,
      "ocf": 460357000,
      "capex": -92921000,
      "gross_margin": 0.5005346605974528,
      "op_margin": 0.2242700333828086,
      "fcf_margin": 0.14688115983973374,
      "incr_op_margin_yoy": 0.37973213108372,
      "rev_growth_yoy": 0.06799084672100003,
      "rev_growth_yoy_accel": -0.013631550761830785,
      "fcf_margin_change": -0.08778628386072782
    },
    {
      "date": "2024-11-30T00:00:00",
      "quarter_label": "2024-11 (Q4)",
      "revenue": 2561783000,
      "gross_profit": 1276703000,
      "operating_income": 591390000,
      "net_income": 448495000,
      "opex": 685313000,
      "cogs": 1285080000,
      "rd": null,
      "sga": 685313000,
      "fcf": 343318000,
      "ocf": 444734000,
      "capex": -101416000,
      "gross_margin": 0.4983650059353193,
      "op_margin": 0.2308509346810405,
      "fcf_margin": 0.1340152542194245,
      "incr_op_margin_yoy": 0.4967715025513797,
      "rev_growth_yoy": 0.07765765864300386,
      "rev_growth_yoy_accel": 0.009666811922003832,
      "op_leverage_ratio": Infinity,
      "fcf_margin_change": -0.012865905620309231
    },
    {
      "date": "2025-02-28T00:00:00",
      "quarter_label": "2025-02 (Q1)",
      "revenue": 2609159000,
      "gross_profit": null,
      "operating_income": 609853000,
      "net_income": 463497000,
      "opex": null,
      "cogs": null,
      "rd": null,
      "sga": 709488000,
      "fcf": 525142000,
      "ocf": 625065000,
      "capex": -99923000,
      "gross_margin": null,
      "op_margin": 0.2337354680186221,
      "fcf_margin": 0.20126868466045955,
      "incr_op_margin_yoy": 0.4387149852699201,
      "rev_growth_yoy": 0.08436051771838517,
      "rev_growth_yoy_accel": 0.006702859075381304,
      "fcf_margin_change": 0.06725343044103504
    },
    {
      "date": "2025-05-31T00:00:00",
      "quarter_label": "2025-05 (Q2)",
      "revenue": 2667652000,
      "gross_profit": null,
      "operating_income": 597452000,
      "net_income": 448256000,
      "opex": null,
      "cogs": null,
      "rd": null,
      "sga": 728537000,
      "fcf": 521125000,
      "ocf": 635749000,
      "capex": -114624000,
      "gross_margin": null,
      "op_margin": 0.22396174613480319,
      "fcf_margin": 0.19534969328832996,
      "incr_op_margin_yoy": 0.25345038812100634,
      "rev_growth_yoy": 0.07961237345377357,
      "rev_growth_yoy_accel": -0.004748144264611592,
      "fcf_margin_change": -0.0059189913721295895
    },
    {
      "date": "2025-08-31T00:00:00",
      "quarter_label": "2025-08 (Q3)",
      "revenue": 2718122000,
      "gross_profit": 1366561000,
      "operating_income": 617859000,
      "net_income": 491140000,
      "opex": 748702000,
      "cogs": 1351561000,
      "rd": null,
      "sga": 748702000,
      "fcf": 312524000,
      "ocf": 414481000,
      "capex": -101957000,
      "gross_margin": 0.5027592580465483,
      "op_margin": 0.22731098898430607,
      "fcf_margin": 0.11497791489859542,
      "incr_op_margin_yoy": 0.26244256124875887,
      "rev_growth_yoy": 0.08655905231359133,
      "rev_growth_yoy_accel": 0.0069466788598177565,
      "fcf_margin_change": -0.08037177838973454
    },
    {
      "date": "2025-11-30T00:00:00",
      "quarter_label": "2025-11 (Q4)",
      "revenue": 2799992000,
      "gross_profit": 1412485000,
      "operating_income": 655714000,
      "net_income": 495343000,
      "opex": 756771000,
      "cogs": 1387507000,
      "rd": null,
      "sga": 756771000,
      "fcf": 424971000,
      "ocf": 531223000,
      "capex": -106252000,
      "gross_margin": 0.5044603698867711,
      "op_margin": 0.2341842405264015,
      "fcf_margin": 0.15177579078797368,
      "incr_op_margin_yoy": 0.2700317788160817,
      "rev_growth_yoy": 0.09298562758828519,
      "rev_growth_yoy_accel": 0.006426575274693855,
      "op_leverage_ratio": 2.7947638850075314,
      "fcf_margin_change": 0.03679787588937826
    }
  ],
  "signals": [
    {
      "quarter": "2025-11 (Q4)",
      "signal": "OPERATING LEVERAGE",
      "detail": "Rev growth +3.0% vs OpEx growth +1.1% (leverage: 2.8x)",
      "severity": "MEDIUM"
    },
    {
      "quarter": "2025-02 (Q1)",
      "signal": "FCF MARGIN EXPANSION",
      "detail": "FCF margin: +13.4% -> +20.1% (+6.7%)",
      "severity": "MEDIUM"
    },
    {
      "quarter": "2025-02 (Q1)",
      "signal": "INCREMENTAL MARGIN (YoY)",
      "detail": "YoY Incr OPM: +43.9% vs year-ago OPM: +21.6%",
      "severity": "HIGH"
    },
    {
      "quarter": "2024-11 (Q4)",
      "signal": "INCREMENTAL MARGIN (YoY)",
      "detail": "YoY Incr OPM: +49.7% vs year-ago OPM: +21.0%",
      "severity": "HIGH"
    },
    {
      "quarter": "2024-08 (Q3)",
      "signal": "INCREMENTAL MARGIN (YoY)",
      "detail": "YoY Incr OPM: +38.0% vs year-ago OPM: +21.4%",
      "severity": "MEDIUM"
    },
    {
      "quarter": "2024-05 (Q2)",
      "signal": "INCREMENTAL MARGIN (YoY)",
      "detail": "YoY Incr OPM: +41.2% vs year-ago OPM: +20.6%",
      "severity": "HIGH"
    },
    {
      "quarter": "2024-02 (Q1)",
      "signal": "FCF MARGIN EXPANSION",
      "detail": "FCF margin: +12.6% -> +22.9% (+10.3%)",
      "severity": "MEDIUM"
    },
    {
      "quarter": "2024-02 (Q1)",
      "signal": "INCREMENTAL MARGIN (YoY)",
      "detail": "YoY Incr OPM: +34.2% vs year-ago OPM: +20.4%",
      "severity": "MEDIUM"
    },
    {
      "quarter": "2023-08 (Q3)",
      "signal": "INCREMENTAL MARGIN (YoY)",
      "detail": "YoY Incr OPM: +34.4% vs year-ago OPM: +20.3%",
      "severity": "MEDIUM"
    },
    {
      "quarter": "2023-05 (Q2)",
      "signal": "INCREMENTAL MARGIN (YoY)",
      "detail": "YoY Incr OPM: +31.6% vs year-ago OPM: +19.5%",
      "severity": "MEDIUM"
    },
    {
      "quarter": "2022-05 (Q2)",
      "signal": "FCF MARGIN EXPANSION",
      "detail": "FCF margin: +17.1% -> +22.9% (+5.8%)",
      "severity": "MEDIUM"
    },
    {
      "quarter": "2022-02 (Q1)",
      "signal": "INCREMENTAL MARGIN (YoY)",
      "detail": "YoY Incr OPM: +44.2% vs year-ago OPM: +18.4%",
      "severity": "HIGH"
    },
    {
      "quarter": "2021-05 (Q2)",
      "signal": "FCF MARGIN EXPANSION",
      "detail": "FCF margin: +16.3% -> +22.5% (+6.2%)",
      "severity": "MEDIUM"
    }
  ],
  "data_quality": {
    "n_quarters": 20,
    "coverage": {
      "revenue": [
        20,
        20
      ],
      "gross_profit": [
        4,
        20
      ],
      "op_income": [
        20,
        20
      ],
      "fcf": [
        20,
        20
      ]
    },
    "gaps": [],
    "warnings": [
      "gross_profit: 4/20Q"
    ]
  },
  "market_cap": null,
  "source": "SEC EDGAR",
  "last_updated": "2026-02-02T19:53:48.540818"
}