{
  "ticker": "CTBB",
  "name": "QWEST CORPORATION",
  "quarters": [
    {
      "date": "2020-12-31T00:00:00",
      "quarter_label": "2020-12 (Q4)",
      "revenue": 1795000000,
      "gross_profit": 1291000000,
      "operating_income": 636000000,
      "net_income": null,
      "opex": 1159000000,
      "cogs": 504000000,
      "rd": null,
      "sga": 154000000,
      "fcf": 820000000,
      "ocf": 820000000,
      "capex": null,
      "gross_margin": 0.7192200557103064,
      "op_margin": 0.3543175487465181,
      "fcf_margin": 0.4568245125348189
    },
    {
      "date": "2021-03-31T00:00:00",
      "quarter_label": "2021-03 (Q1)",
      "revenue": 1792000000,
      "gross_profit": 1353000000,
      "operating_income": 735000000,
      "net_income": null,
      "opex": 1057000000,
      "cogs": 439000000,
      "rd": null,
      "sga": 107000000,
      "fcf": 814000000,
      "ocf": 814000000,
      "capex": null,
      "gross_margin": 0.7550223214285714,
      "op_margin": 0.41015625,
      "fcf_margin": 0.45424107142857145,
      "fcf_margin_change": -0.002583441106247475
    },
    {
      "date": "2021-06-30T00:00:00",
      "quarter_label": "2021-06 (Q2)",
      "revenue": 1724000000,
      "gross_profit": 1284000000,
      "operating_income": 757000000,
      "net_income": null,
      "opex": 967000000,
      "cogs": 440000000,
      "rd": null,
      "sga": 106000000,
      "fcf": 736000000,
      "ocf": 736000000,
      "capex": null,
      "gross_margin": 0.7447795823665894,
      "op_margin": 0.4390951276102088,
      "fcf_margin": 0.42691415313225056,
      "fcf_margin_change": -0.02732691829632089
    },
    {
      "date": "2021-09-30T00:00:00",
      "quarter_label": "2021-09 (Q3)",
      "revenue": 1730000000,
      "gross_profit": 1304000000,
      "operating_income": 859000000,
      "net_income": 582000000,
      "opex": 871000000,
      "cogs": 426000000,
      "rd": null,
      "sga": 36000000,
      "fcf": 749000000,
      "ocf": 749000000,
      "capex": null,
      "gross_margin": 0.753757225433526,
      "op_margin": 0.49653179190751445,
      "fcf_margin": 0.4329479768786127,
      "fcf_margin_change": 0.0060338237463621325
    },
    {
      "date": "2021-12-31T00:00:00",
      "quarter_label": "2021-12 (Q4)",
      "revenue": 1705000000,
      "gross_profit": 1288000000,
      "operating_income": 757000000,
      "net_income": null,
      "opex": 948000000,
      "cogs": 417000000,
      "rd": null,
      "sga": 105000000,
      "fcf": 734000000,
      "ocf": 734000000,
      "capex": null,
      "gross_margin": 0.7554252199413489,
      "op_margin": 0.4439882697947214,
      "fcf_margin": 0.43049853372434016,
      "incr_op_margin_yoy": -1.3444444444444446,
      "rev_growth_yoy": -0.05013927576601671,
      "fcf_margin_change": -0.002449443154272535
    },
    {
      "date": "2022-03-31T00:00:00",
      "quarter_label": "2022-03 (Q1)",
      "revenue": 1656000000,
      "gross_profit": 1248000000,
      "operating_income": 753000000,
      "net_income": 528000000,
      "opex": 903000000,
      "cogs": 408000000,
      "rd": null,
      "sga": 109000000,
      "fcf": 687000000,
      "ocf": 687000000,
      "capex": null,
      "gross_margin": 0.7536231884057971,
      "op_margin": 0.45471014492753625,
      "fcf_margin": 0.4148550724637681,
      "incr_op_margin_yoy": -0.1323529411764706,
      "rev_growth_yoy": -0.07589285714285714,
      "rev_growth_yoy_accel": -0.025753581376840425,
      "fcf_margin_change": -0.015643461260572034
    },
    {
      "date": "2022-06-30T00:00:00",
      "quarter_label": "2022-06 (Q2)",
      "revenue": 1632000000,
      "gross_profit": 1218000000,
      "operating_income": 707000000,
      "net_income": 492000000,
      "opex": 925000000,
      "cogs": 414000000,
      "rd": null,
      "sga": 114000000,
      "fcf": 671000000,
      "ocf": 671000000,
      "capex": null,
      "gross_margin": 0.7463235294117647,
      "op_margin": 0.4332107843137255,
      "fcf_margin": 0.4111519607843137,
      "incr_op_margin_yoy": 0.5434782608695652,
      "rev_growth_yoy": -0.05336426914153132,
      "rev_growth_yoy_accel": 0.022528588001325817,
      "fcf_margin_change": -0.0037031116794544183
    },
    {
      "date": "2022-09-30T00:00:00",
      "quarter_label": "2022-09 (Q3)",
      "revenue": 1618000000,
      "gross_profit": 1191000000,
      "operating_income": 660000000,
      "net_income": 459000000,
      "opex": 958000000,
      "cogs": 427000000,
      "rd": null,
      "sga": 138000000,
      "fcf": 716000000,
      "ocf": 716000000,
      "capex": null,
      "gross_margin": 0.7360939431396786,
      "op_margin": 0.4079110012360939,
      "fcf_margin": 0.44252163164400493,
      "incr_op_margin_yoy": 1.7767857142857142,
      "rev_growth_yoy": -0.06473988439306358,
      "rev_growth_yoy_accel": -0.011375615251532259,
      "fcf_margin_change": 0.03136967085969122
    },
    {
      "date": "2022-12-31T00:00:00",
      "quarter_label": "2022-12 (Q4)",
      "revenue": 1543000000,
      "gross_profit": 1146000000,
      "operating_income": 635000000,
      "net_income": null,
      "opex": 908000000,
      "cogs": 397000000,
      "rd": null,
      "sga": 93000000,
      "fcf": 552000000,
      "ocf": 552000000,
      "capex": null,
      "gross_margin": 0.7427090084251459,
      "op_margin": 0.4115359688917693,
      "fcf_margin": 0.3577446532728451,
      "incr_op_margin_yoy": 0.7530864197530864,
      "rev_growth_yoy": -0.09501466275659824,
      "rev_growth_yoy_accel": -0.030274778363534663,
      "fcf_margin_change": -0.08477697837115983
    },
    {
      "date": "2023-03-31T00:00:00",
      "quarter_label": "2023-03 (Q1)",
      "revenue": 1541000000,
      "gross_profit": 1154000000,
      "operating_income": 638000000,
      "net_income": 454000000,
      "opex": 903000000,
      "cogs": 387000000,
      "rd": null,
      "sga": 128000000,
      "fcf": 596000000,
      "ocf": 596000000,
      "capex": null,
      "gross_margin": 0.7488643737832577,
      "op_margin": 0.41401687216093447,
      "fcf_margin": 0.3867618429591175,
      "incr_op_margin_yoy": 1.0,
      "rev_growth_yoy": -0.06944444444444445,
      "rev_growth_yoy_accel": 0.025570218312153795,
      "fcf_margin_change": 0.02901718968627237
    },
    {
      "date": "2023-06-30T00:00:00",
      "quarter_label": "2023-06 (Q2)",
      "revenue": 1467000000,
      "gross_profit": 1063000000,
      "operating_income": 560000000,
      "net_income": 398000000,
      "opex": 907000000,
      "cogs": 404000000,
      "rd": null,
      "sga": 116000000,
      "fcf": 590000000,
      "ocf": 590000000,
      "capex": null,
      "gross_margin": 0.7246080436264485,
      "op_margin": 0.38173142467620996,
      "fcf_margin": 0.4021813224267212,
      "incr_op_margin_yoy": 0.8909090909090909,
      "rev_growth_yoy": -0.10110294117647059,
      "rev_growth_yoy_accel": -0.03165849673202614,
      "fcf_margin_change": 0.015419479467603747
    },
    {
      "date": "2023-09-30T00:00:00",
      "quarter_label": "2023-09 (Q3)",
      "revenue": 1450000000,
      "gross_profit": 1034000000,
      "operating_income": 484000000,
      "net_income": 341000000,
      "opex": 966000000,
      "cogs": 416000000,
      "rd": null,
      "sga": 118000000,
      "fcf": 636000000,
      "ocf": 636000000,
      "capex": null,
      "gross_margin": 0.713103448275862,
      "op_margin": 0.33379310344827584,
      "fcf_margin": 0.4386206896551724,
      "incr_op_margin_yoy": 1.0476190476190477,
      "rev_growth_yoy": -0.103831891223733,
      "rev_growth_yoy_accel": -0.00272895004726241,
      "fcf_margin_change": 0.0364393672284512
    },
    {
      "date": "2023-12-31T00:00:00",
      "quarter_label": "2023-12 (Q4)",
      "revenue": 1457000000,
      "gross_profit": 1056000000,
      "operating_income": -1877000000,
      "net_income": null,
      "opex": 3334000000,
      "cogs": 401000000,
      "rd": null,
      "sga": 116000000,
      "fcf": 567000000,
      "ocf": 567000000,
      "capex": null,
      "gross_margin": 0.7247769389155799,
      "op_margin": -1.2882635552505148,
      "fcf_margin": 0.3891557995881949,
      "incr_op_margin_yoy": 29.209302325581394,
      "rev_growth_yoy": -0.05573558003888529,
      "rev_growth_yoy_accel": 0.04809631118484771,
      "fcf_margin_change": -0.04946489006697752
    },
    {
      "date": "2024-03-31T00:00:00",
      "quarter_label": "2024-03 (Q1)",
      "revenue": 1392000000,
      "gross_profit": 1022000000,
      "operating_income": 495000000,
      "net_income": 353000000,
      "opex": 897000000,
      "cogs": 370000000,
      "rd": null,
      "sga": 128000000,
      "fcf": 471000000,
      "ocf": 471000000,
      "capex": null,
      "gross_margin": 0.7341954022988506,
      "op_margin": 0.35560344827586204,
      "fcf_margin": 0.33836206896551724,
      "incr_op_margin_yoy": 0.959731543624161,
      "rev_growth_yoy": -0.09669046073977937,
      "rev_growth_yoy_accel": -0.04095488070089408,
      "fcf_margin_change": -0.05079373062267767
    },
    {
      "date": "2024-06-30T00:00:00",
      "quarter_label": "2024-06 (Q2)",
      "revenue": 1389000000,
      "gross_profit": 1016000000,
      "operating_income": 530000000,
      "net_income": 378000000,
      "opex": 859000000,
      "cogs": 373000000,
      "rd": null,
      "sga": 118000000,
      "fcf": 548000000,
      "ocf": 548000000,
      "capex": null,
      "gross_margin": 0.7314614830813535,
      "op_margin": 0.38156947444204464,
      "fcf_margin": 0.39452843772498203,
      "incr_op_margin_yoy": 0.38461538461538464,
      "rev_growth_yoy": -0.053169734151329244,
      "rev_growth_yoy_accel": 0.043520726588450125,
      "fcf_margin_change": 0.05616636875946479
    },
    {
      "date": "2024-09-30T00:00:00",
      "quarter_label": "2024-09 (Q3)",
      "revenue": 1363000000,
      "gross_profit": 974000000,
      "operating_income": 498000000,
      "net_income": 365000000,
      "opex": 865000000,
      "cogs": 389000000,
      "rd": null,
      "sga": 111000000,
      "fcf": 627000000,
      "ocf": 627000000,
      "capex": null,
      "gross_margin": 0.714600146735143,
      "op_margin": 0.36537050623624356,
      "fcf_margin": 0.4600146735143067,
      "incr_op_margin_yoy": -0.16091954022988506,
      "rev_growth_yoy": -0.06,
      "rev_growth_yoy_accel": -0.006830265848670754,
      "fcf_margin_change": 0.06548623578932466
    },
    {
      "date": "2024-12-31T00:00:00",
      "quarter_label": "2024-12 (Q4)",
      "revenue": 1364000000,
      "gross_profit": 991000000,
      "operating_income": 528000000,
      "net_income": null,
      "opex": 836000000,
      "cogs": 373000000,
      "rd": null,
      "sga": 81000000,
      "fcf": 548000000,
      "ocf": 548000000,
      "capex": null,
      "gross_margin": 0.7265395894428153,
      "op_margin": 0.3870967741935484,
      "fcf_margin": 0.40175953079178883,
      "incr_op_margin_yoy": -25.86021505376344,
      "rev_growth_yoy": -0.06382978723404255,
      "rev_growth_yoy_accel": -0.0038297872340425504,
      "fcf_margin_change": -0.05825514272251786
    },
    {
      "date": "2025-03-31T00:00:00",
      "quarter_label": "2025-03 (Q1)",
      "revenue": 1222000000,
      "gross_profit": 868000000,
      "operating_income": 388000000,
      "net_income": 284000000,
      "opex": 834000000,
      "cogs": 354000000,
      "rd": null,
      "sga": 104000000,
      "fcf": 453000000,
      "ocf": 453000000,
      "capex": null,
      "gross_margin": 0.7103109656301145,
      "op_margin": 0.31751227495908346,
      "fcf_margin": 0.3707037643207856,
      "incr_op_margin_yoy": 0.6294117647058823,
      "rev_growth_yoy": -0.1221264367816092,
      "rev_growth_yoy_accel": -0.05829664954756665,
      "fcf_margin_change": -0.03105576647100322
    },
    {
      "date": "2025-06-30T00:00:00",
      "quarter_label": "2025-06 (Q2)",
      "revenue": 1206000000,
      "gross_profit": 843000000,
      "operating_income": 377000000,
      "net_income": 277000000,
      "opex": 829000000,
      "cogs": 363000000,
      "rd": null,
      "sga": 96000000,
      "fcf": 480000000,
      "ocf": 480000000,
      "capex": null,
      "gross_margin": 0.6990049751243781,
      "op_margin": 0.31260364842454397,
      "fcf_margin": 0.39800995024875624,
      "incr_op_margin_yoy": 0.8360655737704918,
      "rev_growth_yoy": -0.13174946004319654,
      "rev_growth_yoy_accel": -0.009623023261587343,
      "fcf_margin_change": 0.027306185927970628
    },
    {
      "date": "2025-09-30T00:00:00",
      "quarter_label": "2025-09 (Q3)",
      "revenue": 1161000000,
      "gross_profit": 782000000,
      "operating_income": 243000000,
      "net_income": 176000000,
      "opex": 918000000,
      "cogs": 379000000,
      "rd": null,
      "sga": 156000000,
      "fcf": 427000000,
      "ocf": 427000000,
      "capex": null,
      "gross_margin": 0.673557278208441,
      "op_margin": 0.20930232558139536,
      "fcf_margin": 0.367786391042205,
      "incr_op_margin_yoy": 1.2623762376237624,
      "rev_growth_yoy": -0.14820249449743214,
      "rev_growth_yoy_accel": -0.0164530344542356,
      "fcf_margin_change": -0.03022355920655123
    }
  ],
  "signals": [
    {
      "quarter": "2025-09 (Q3)",
      "signal": "INCREMENTAL MARGIN (YoY)",
      "detail": "YoY Incr OPM: +126.2% vs year-ago OPM: +36.5%",
      "severity": "HIGH"
    },
    {
      "quarter": "2025-06 (Q2)",
      "signal": "INCREMENTAL MARGIN (YoY)",
      "detail": "YoY Incr OPM: +83.6% vs year-ago OPM: +38.2%",
      "severity": "HIGH"
    },
    {
      "quarter": "2025-03 (Q1)",
      "signal": "YoY REVENUE GROWTH DECELERATION",
      "detail": "YoY growth: -12.2% vs prior quarter YoY: -6.4% (decel: -5.8%)",
      "severity": "WARNING"
    },
    {
      "quarter": "2025-03 (Q1)",
      "signal": "INCREMENTAL MARGIN (YoY)",
      "detail": "YoY Incr OPM: +62.9% vs year-ago OPM: +35.6%",
      "severity": "HIGH"
    },
    {
      "quarter": "2024-12 (Q4)",
      "signal": "OP MARGIN TURNED POSITIVE (YoY)",
      "detail": "Op margin: -128.8% (year-ago) -> +38.7%",
      "severity": "HIGH"
    },
    {
      "quarter": "2024-09 (Q3)",
      "signal": "FCF MARGIN EXPANSION",
      "detail": "FCF margin: +39.5% -> +46.0% (+6.5%)",
      "severity": "MEDIUM"
    },
    {
      "quarter": "2024-06 (Q2)",
      "signal": "FCF MARGIN EXPANSION",
      "detail": "FCF margin: +33.8% -> +39.5% (+5.6%)",
      "severity": "MEDIUM"
    },
    {
      "quarter": "2024-03 (Q1)",
      "signal": "INCREMENTAL MARGIN (YoY)",
      "detail": "YoY Incr OPM: +96.0% vs year-ago OPM: +41.4%",
      "severity": "HIGH"
    },
    {
      "quarter": "2024-03 (Q1)",
      "signal": "OP MARGIN TURNED POSITIVE (QoQ)",
      "detail": "Op margin: -128.8% -> +35.6%",
      "severity": "HIGH"
    },
    {
      "quarter": "2023-09 (Q3)",
      "signal": "INCREMENTAL MARGIN (YoY)",
      "detail": "YoY Incr OPM: +104.8% vs year-ago OPM: +40.8%",
      "severity": "HIGH"
    },
    {
      "quarter": "2023-06 (Q2)",
      "signal": "INCREMENTAL MARGIN (YoY)",
      "detail": "YoY Incr OPM: +89.1% vs year-ago OPM: +43.3%",
      "severity": "HIGH"
    },
    {
      "quarter": "2023-03 (Q1)",
      "signal": "INCREMENTAL MARGIN (YoY)",
      "detail": "YoY Incr OPM: +100.0% vs year-ago OPM: +45.5%",
      "severity": "HIGH"
    },
    {
      "quarter": "2022-12 (Q4)",
      "signal": "INCREMENTAL MARGIN (YoY)",
      "detail": "YoY Incr OPM: +75.3% vs year-ago OPM: +44.4%",
      "severity": "HIGH"
    },
    {
      "quarter": "2022-09 (Q3)",
      "signal": "INCREMENTAL MARGIN (YoY)",
      "detail": "YoY Incr OPM: +177.7% vs year-ago OPM: +49.7%",
      "severity": "HIGH"
    },
    {
      "quarter": "2022-06 (Q2)",
      "signal": "INCREMENTAL MARGIN (YoY)",
      "detail": "YoY Incr OPM: +54.3% vs year-ago OPM: +43.9%",
      "severity": "MEDIUM"
    }
  ],
  "data_quality": {
    "n_quarters": 20,
    "coverage": {
      "revenue": [
        20,
        20
      ],
      "gross_profit": [
        20,
        20
      ],
      "op_income": [
        20,
        20
      ],
      "fcf": [
        20,
        20
      ]
    },
    "gaps": [],
    "warnings": []
  },
  "market_cap": null,
  "source": "SEC EDGAR",
  "last_updated": "2026-02-03T00:38:22.902423"
}