{
  "ticker": "CTM",
  "name": "CASTELLUM, INC.",
  "quarters": [
    {
      "date": "2021-09-30T00:00:00",
      "quarter_label": "2021-09 (Q3)",
      "revenue": 7378094,
      "gross_profit": 3068655,
      "operating_income": -4600158,
      "net_income": -4922918,
      "opex": 7668813,
      "cogs": 4309439,
      "rd": null,
      "sga": null,
      "fcf": null,
      "ocf": null,
      "capex": null,
      "gross_margin": 0.4159143269250839,
      "op_margin": -0.6234886679405277,
      "fcf_margin": null
    },
    {
      "date": "2021-12-31T00:00:00",
      "quarter_label": "2021-12 (Q4)",
      "revenue": 9480204,
      "gross_profit": 4408459,
      "operating_income": -2056963,
      "net_income": -966738,
      "opex": 6465422,
      "cogs": 5071745,
      "rd": null,
      "sga": null,
      "fcf": -1522620,
      "ocf": -1517748,
      "capex": -4872,
      "gross_margin": 0.4650173139734124,
      "op_margin": -0.2169745503366805,
      "fcf_margin": -0.16061046787600775,
      "op_leverage_ratio": Infinity
    },
    {
      "date": "2022-03-31T00:00:00",
      "quarter_label": "2022-03 (Q1)",
      "revenue": 9990141,
      "gross_profit": 4134500,
      "operating_income": -855805,
      "net_income": -1406715,
      "opex": 4990305,
      "cogs": 5855641,
      "rd": null,
      "sga": null,
      "fcf": 17160,
      "ocf": 84773,
      "capex": -67613,
      "gross_margin": 0.4138580226245055,
      "op_margin": -0.08566495708118634,
      "fcf_margin": 0.0017176934739960127,
      "op_leverage_ratio": Infinity,
      "fcf_margin_change": 0.16232816135000375
    },
    {
      "date": "2022-06-30T00:00:00",
      "quarter_label": "2022-06 (Q2)",
      "revenue": 11055251,
      "gross_profit": 4686333,
      "operating_income": -2746455,
      "net_income": -4754175,
      "opex": 7432788,
      "cogs": 6368918,
      "rd": null,
      "sga": null,
      "fcf": -866711,
      "ocf": -853779,
      "capex": -12932,
      "gross_margin": 0.4239010946020131,
      "op_margin": -0.24842990900885017,
      "fcf_margin": -0.07839812954043286,
      "op_leverage_ratio": 0.21783034760705786,
      "fcf_margin_change": -0.08011582301442888
    },
    {
      "date": "2022-09-30T00:00:00",
      "quarter_label": "2022-09 (Q3)",
      "revenue": 11120712,
      "gross_profit": 4646451,
      "operating_income": -2053185,
      "net_income": -3144435,
      "opex": 6699636,
      "cogs": 6474261,
      "rd": null,
      "sga": null,
      "fcf": 202468,
      "ocf": 214359,
      "capex": -11891,
      "gross_margin": 0.41781956047418545,
      "op_margin": -0.18462711740039667,
      "fcf_margin": 0.01820638822406335,
      "incr_op_margin_yoy": 0.6805324508138421,
      "rev_growth_yoy": 0.507260818308902,
      "fcf_margin_change": 0.09660451776449622
    },
    {
      "date": "2022-12-31T00:00:00",
      "quarter_label": "2022-12 (Q4)",
      "revenue": 10024539,
      "gross_profit": 4130033,
      "operating_income": -4308491,
      "net_income": -5602714,
      "opex": 8438524,
      "cogs": 5894506,
      "rd": null,
      "sga": null,
      "fcf": 1547964,
      "ocf": 1544810,
      "capex": 3154,
      "gross_margin": 0.41199231206542264,
      "op_margin": -0.4297944274544695,
      "fcf_margin": 0.15441747495820007,
      "rev_growth_yoy": 0.057418068218785166,
      "rev_growth_yoy_accel": -0.44984275009011687,
      "fcf_margin_change": 0.13621108673413673
    },
    {
      "date": "2023-03-31T00:00:00",
      "quarter_label": "2023-03 (Q1)",
      "revenue": 9937013,
      "gross_profit": 4037782,
      "operating_income": -4669309,
      "net_income": -4323391,
      "opex": 8707091,
      "cogs": 5899231,
      "rd": null,
      "sga": null,
      "fcf": -2448391,
      "ocf": -2427865,
      "capex": -20526,
      "gross_margin": 0.40633759863250657,
      "op_margin": -0.469890599921727,
      "fcf_margin": -0.24639104326420827,
      "rev_growth_yoy": -0.005318043058651524,
      "rev_growth_yoy_accel": -0.0627361112774367,
      "fcf_margin_change": -0.40080851822240837
    },
    {
      "date": "2023-06-30T00:00:00",
      "quarter_label": "2023-06 (Q2)",
      "revenue": 12475802,
      "gross_profit": 5211818,
      "operating_income": -1893891,
      "net_income": -2098446,
      "opex": 7105709,
      "cogs": 7263984,
      "rd": null,
      "sga": null,
      "fcf": 562814,
      "ocf": 562814,
      "capex": null,
      "gross_margin": 0.4177541451844138,
      "op_margin": -0.15180515048251006,
      "fcf_margin": 0.045112450486149105,
      "incr_op_margin_yoy": 0.6001643024432068,
      "rev_growth_yoy": 0.12849559001419325,
      "rev_growth_yoy_accel": 0.13381363307284477,
      "op_leverage_ratio": Infinity,
      "fcf_margin_change": 0.2915034937503574
    },
    {
      "date": "2023-09-30T00:00:00",
      "quarter_label": "2023-09 (Q3)",
      "revenue": 11741164,
      "gross_profit": 4837475,
      "operating_income": -8573382,
      "net_income": -9192184,
      "opex": 13410857,
      "cogs": 6903689,
      "rd": null,
      "sga": null,
      "fcf": -1270369,
      "ocf": -1270369,
      "capex": null,
      "gross_margin": 0.4120098313932077,
      "op_margin": -0.730198641293146,
      "fcf_margin": -0.10819787544062923,
      "rev_growth_yoy": 0.05579247084179502,
      "rev_growth_yoy_accel": -0.07270311917239823,
      "fcf_margin_change": -0.15331032592677835
    },
    {
      "date": "2023-12-31T00:00:00",
      "quarter_label": "2023-12 (Q4)",
      "revenue": 11089833,
      "gross_profit": 4588252,
      "operating_income": -1532242,
      "net_income": -2186159,
      "opex": 6120494,
      "cogs": 6501581,
      "rd": null,
      "sga": null,
      "fcf": 873228,
      "ocf": 870973,
      "capex": 2255,
      "gross_margin": 0.4137349949273357,
      "op_margin": -0.13816637274880514,
      "fcf_margin": 0.07874131197467085,
      "incr_op_margin_yoy": 2.6060871458958745,
      "rev_growth_yoy": 0.10626862741518588,
      "rev_growth_yoy_accel": 0.05047615657339086,
      "fcf_margin_change": 0.18693918741530008
    },
    {
      "date": "2024-03-31T00:00:00",
      "quarter_label": "2024-03 (Q1)",
      "revenue": 11335053,
      "gross_profit": 4515421,
      "operating_income": -2671222,
      "net_income": -4111722,
      "opex": 7186643,
      "cogs": 6819632,
      "rd": null,
      "sga": null,
      "fcf": 23728,
      "ocf": 23728,
      "capex": null,
      "gross_margin": 0.39835905487164464,
      "op_margin": -0.23566030083846984,
      "fcf_margin": 0.0020933294268672587,
      "incr_op_margin_yoy": 1.429205888243541,
      "rev_growth_yoy": 0.14069016514318738,
      "rev_growth_yoy_accel": 0.03442153772800151,
      "op_leverage_ratio": 0.12694028075019836,
      "fcf_margin_change": -0.0766479825478036
    },
    {
      "date": "2024-06-30T00:00:00",
      "quarter_label": "2024-06 (Q2)",
      "revenue": 11522388,
      "gross_profit": 4673208,
      "operating_income": -1570205,
      "net_income": -1846735,
      "opex": 6243413,
      "cogs": 6849180,
      "rd": null,
      "sga": null,
      "fcf": 748618,
      "ocf": 748618,
      "capex": null,
      "gross_margin": 0.40557634407034376,
      "op_margin": -0.13627426884079932,
      "fcf_margin": 0.06497073349725768,
      "rev_growth_yoy": -0.07642105894274372,
      "rev_growth_yoy_accel": -0.2171112240859311,
      "op_leverage_ratio": Infinity,
      "fcf_margin_change": 0.06287740407039043
    },
    {
      "date": "2024-09-30T00:00:00",
      "quarter_label": "2024-09 (Q3)",
      "revenue": 11608691,
      "gross_profit": 4958656,
      "operating_income": -1383097,
      "net_income": -1280092,
      "opex": 6341753,
      "cogs": 6650035,
      "rd": null,
      "sga": null,
      "fcf": 738874,
      "ocf": 742191,
      "capex": -3317,
      "gross_margin": 0.4271503135021856,
      "op_margin": -0.11914323501245748,
      "fcf_margin": 0.06364834760439399,
      "rev_growth_yoy": -0.011282782524799074,
      "rev_growth_yoy_accel": 0.06513827641794465,
      "fcf_margin_change": -0.001322385892863695
    },
    {
      "date": "2024-12-31T00:00:00",
      "quarter_label": "2024-12 (Q4)",
      "revenue": 10298721,
      "gross_profit": 4119130,
      "operating_income": -1620103,
      "net_income": -2741755,
      "opex": 5739233,
      "cogs": 6179591,
      "rd": null,
      "sga": null,
      "fcf": -394432,
      "ocf": -394432,
      "capex": null,
      "gross_margin": 0.3999651995621592,
      "op_margin": -0.1573110874641618,
      "fcf_margin": -0.03829912471655461,
      "rev_growth_yoy": -0.07133669190509902,
      "rev_growth_yoy_accel": -0.06005390938029995,
      "fcf_margin_change": -0.1019474723209486
    },
    {
      "date": "2025-03-31T00:00:00",
      "quarter_label": "2025-03 (Q1)",
      "revenue": 11664365,
      "gross_profit": 4554616,
      "operating_income": -1486007,
      "net_income": -1170047,
      "opex": 6040623,
      "cogs": 7109749,
      "rd": null,
      "sga": null,
      "fcf": -2502640,
      "ocf": -2502640,
      "capex": null,
      "gross_margin": 0.39047269182677324,
      "op_margin": -0.12739716221157346,
      "fcf_margin": -0.214554328503952,
      "rev_growth_yoy": 0.0290525328818489,
      "rev_growth_yoy_accel": 0.10038922478694792,
      "op_leverage_ratio": 2.5251037450471916,
      "fcf_margin_change": -0.1762552037873974
    },
    {
      "date": "2025-06-30T00:00:00",
      "quarter_label": "2025-06 (Q2)",
      "revenue": 14024090,
      "gross_profit": 5060447,
      "operating_income": -383523,
      "net_income": -322107,
      "opex": 5443970,
      "cogs": 8963643,
      "rd": null,
      "sga": null,
      "fcf": 214218,
      "ocf": 214218,
      "capex": null,
      "gross_margin": 0.36083959814861427,
      "op_margin": -0.027347442864385497,
      "fcf_margin": 0.015275001800473328,
      "incr_op_margin_yoy": 0.4743498626135327,
      "rev_growth_yoy": 0.21711662547728822,
      "rev_growth_yoy_accel": 0.18806409259543932,
      "op_leverage_ratio": Infinity,
      "fcf_margin_change": 0.22982933030442534
    },
    {
      "date": "2025-09-30T00:00:00",
      "quarter_label": "2025-09 (Q3)",
      "revenue": 14619687,
      "gross_profit": 5490568,
      "operating_income": 445280,
      "net_income": 415401,
      "opex": 5045288,
      "cogs": 9129119,
      "rd": null,
      "sga": null,
      "fcf": 957026,
      "ocf": 1001724,
      "capex": -44698,
      "gross_margin": 0.3755598871576389,
      "op_margin": 0.03045756041151907,
      "fcf_margin": 0.06546145618575828,
      "incr_op_margin_yoy": 0.6072332875898871,
      "rev_growth_yoy": 0.25937429120992195,
      "rev_growth_yoy_accel": 0.04225766573263373,
      "op_leverage_ratio": Infinity,
      "fcf_margin_change": 0.050186454385284955
    }
  ],
  "signals": [
    {
      "quarter": "2025-09 (Q3)",
      "signal": "FCF MARGIN EXPANSION",
      "detail": "FCF margin: +1.5% -> +6.5% (+5.0%)",
      "severity": "MEDIUM"
    },
    {
      "quarter": "2025-09 (Q3)",
      "signal": "OP MARGIN TURNED POSITIVE (YoY)",
      "detail": "Op margin: -11.9% (year-ago) -> +3.0%",
      "severity": "HIGH"
    },
    {
      "quarter": "2025-09 (Q3)",
      "signal": "OP MARGIN TURNED POSITIVE (QoQ)",
      "detail": "Op margin: -2.7% -> +3.0%",
      "severity": "HIGH"
    },
    {
      "quarter": "2025-06 (Q2)",
      "signal": "FCF TURNED POSITIVE",
      "detail": "FCF margin: -21.5% -> +1.5%",
      "severity": "HIGH"
    },
    {
      "quarter": "2025-06 (Q2)",
      "signal": "YoY REVENUE GROWTH ACCELERATION",
      "detail": "YoY growth: +21.7% vs prior quarter YoY: +2.9% (accel: +18.8%)",
      "severity": "HIGH"
    },
    {
      "quarter": "2025-03 (Q1)",
      "signal": "OPERATING LEVERAGE",
      "detail": "Rev growth +13.3% vs OpEx growth +5.3% (leverage: 2.5x)",
      "severity": "MEDIUM"
    },
    {
      "quarter": "2025-03 (Q1)",
      "signal": "YoY REVENUE GROWTH ACCELERATION",
      "detail": "YoY growth: +2.9% vs prior quarter YoY: -7.1% (accel: +10.0%)",
      "severity": "MEDIUM"
    },
    {
      "quarter": "2024-12 (Q4)",
      "signal": "YoY REVENUE GROWTH DECELERATION",
      "detail": "YoY growth: -7.1% vs prior quarter YoY: -1.1% (decel: -6.0%)",
      "severity": "WARNING"
    },
    {
      "quarter": "2024-09 (Q3)",
      "signal": "YoY REVENUE GROWTH ACCELERATION",
      "detail": "YoY growth: -1.1% vs prior quarter YoY: -7.6% (accel: +6.5%)",
      "severity": "MEDIUM"
    },
    {
      "quarter": "2024-06 (Q2)",
      "signal": "FCF MARGIN EXPANSION",
      "detail": "FCF margin: +0.2% -> +6.5% (+6.3%)",
      "severity": "MEDIUM"
    },
    {
      "quarter": "2024-06 (Q2)",
      "signal": "YoY REVENUE GROWTH DECELERATION",
      "detail": "YoY growth: -7.6% vs prior quarter YoY: +14.1% (decel: -21.7%)",
      "severity": "WARNING"
    },
    {
      "quarter": "2023-12 (Q4)",
      "signal": "FCF TURNED POSITIVE",
      "detail": "FCF margin: -10.8% -> +7.9%",
      "severity": "HIGH"
    },
    {
      "quarter": "2023-12 (Q4)",
      "signal": "YoY REVENUE GROWTH ACCELERATION",
      "detail": "YoY growth: +10.6% vs prior quarter YoY: +5.6% (accel: +5.0%)",
      "severity": "MEDIUM"
    },
    {
      "quarter": "2023-09 (Q3)",
      "signal": "YoY REVENUE GROWTH DECELERATION",
      "detail": "YoY growth: +5.6% vs prior quarter YoY: +12.8% (decel: -7.3%)",
      "severity": "WARNING"
    },
    {
      "quarter": "2023-06 (Q2)",
      "signal": "FCF TURNED POSITIVE",
      "detail": "FCF margin: -24.6% -> +4.5%",
      "severity": "HIGH"
    },
    {
      "quarter": "2023-06 (Q2)",
      "signal": "YoY REVENUE GROWTH ACCELERATION",
      "detail": "YoY growth: +12.8% vs prior quarter YoY: -0.5% (accel: +13.4%)",
      "severity": "MEDIUM"
    },
    {
      "quarter": "2023-03 (Q1)",
      "signal": "YoY REVENUE GROWTH DECELERATION",
      "detail": "YoY growth: -0.5% vs prior quarter YoY: +5.7% (decel: -6.3%)",
      "severity": "WARNING"
    },
    {
      "quarter": "2022-12 (Q4)",
      "signal": "FCF MARGIN EXPANSION",
      "detail": "FCF margin: +1.8% -> +15.4% (+13.6%)",
      "severity": "MEDIUM"
    },
    {
      "quarter": "2022-12 (Q4)",
      "signal": "YoY REVENUE GROWTH DECELERATION",
      "detail": "YoY growth: +5.7% vs prior quarter YoY: +50.7% (decel: -45.0%)",
      "severity": "WARNING"
    },
    {
      "quarter": "2022-09 (Q3)",
      "signal": "FCF TURNED POSITIVE",
      "detail": "FCF margin: -7.8% -> +1.8%",
      "severity": "HIGH"
    },
    {
      "quarter": "2022-03 (Q1)",
      "signal": "FCF TURNED POSITIVE",
      "detail": "FCF margin: -16.1% -> +0.2%",
      "severity": "HIGH"
    }
  ],
  "data_quality": {
    "n_quarters": 17,
    "coverage": {
      "revenue": [
        17,
        17
      ],
      "gross_profit": [
        17,
        17
      ],
      "op_income": [
        17,
        17
      ],
      "fcf": [
        16,
        17
      ]
    },
    "gaps": [],
    "warnings": []
  },
  "market_cap": null,
  "source": "SEC EDGAR",
  "last_updated": "2026-02-02T23:23:39.299390",
  "sector": "Technology",
  "industry": "Information Technology Services"
}