{
  "ticker": "CTMX",
  "name": "CytomX Therapeutics, Inc.",
  "quarters": [
    {
      "date": "2020-12-31T00:00:00",
      "quarter_label": "2020-12 (Q4)",
      "revenue": 7078000,
      "gross_profit": null,
      "operating_income": -24074000,
      "net_income": -23996000,
      "opex": 31152000,
      "cogs": null,
      "rd": 22007000,
      "sga": null,
      "fcf": -17872000,
      "ocf": -17427000,
      "capex": -445000,
      "gross_margin": null,
      "op_margin": -3.4012432890647077,
      "fcf_margin": -2.525007064142413
    },
    {
      "date": "2021-03-31T00:00:00",
      "quarter_label": "2021-03 (Q1)",
      "revenue": 15971000,
      "gross_profit": null,
      "operating_income": -15627000,
      "net_income": -15554000,
      "opex": 31598000,
      "cogs": null,
      "rd": 22371000,
      "sga": null,
      "fcf": -30922000,
      "ocf": -29940000,
      "capex": -982000,
      "gross_margin": null,
      "op_margin": -0.9784609604908897,
      "fcf_margin": -1.9361342433160103,
      "op_leverage_ratio": 87.75842280191131,
      "fcf_margin_change": 0.5888728208264029
    },
    {
      "date": "2021-06-30T00:00:00",
      "quarter_label": "2021-06 (Q2)",
      "revenue": 16288000,
      "gross_profit": null,
      "operating_income": -19205000,
      "net_income": -19243000,
      "opex": 35493000,
      "cogs": null,
      "rd": 26100000,
      "sga": null,
      "fcf": -28313000,
      "ocf": -28199000,
      "capex": -114000,
      "gross_margin": null,
      "op_margin": -1.1790888998035363,
      "fcf_margin": -1.7382735756385068,
      "op_leverage_ratio": 0.1610198008923266,
      "fcf_margin_change": 0.19786066767750343
    },
    {
      "date": "2021-09-30T00:00:00",
      "quarter_label": "2021-09 (Q3)",
      "revenue": 17587000,
      "gross_profit": null,
      "operating_income": -22641000,
      "net_income": -22584000,
      "opex": 40228000,
      "cogs": null,
      "rd": 29143000,
      "sga": null,
      "fcf": -29968000,
      "ocf": -29700000,
      "capex": -268000,
      "gross_margin": null,
      "op_margin": -1.2873713538409053,
      "fcf_margin": -1.7039858986751577,
      "op_leverage_ratio": 0.597811294792987,
      "fcf_margin_change": 0.03428767696334911
    },
    {
      "date": "2021-12-31T00:00:00",
      "quarter_label": "2021-12 (Q4)",
      "revenue": 11132000,
      "gross_profit": null,
      "operating_income": -34903000,
      "net_income": -34823000,
      "opex": 46035000,
      "cogs": null,
      "rd": 36580000,
      "sga": null,
      "fcf": -31437000,
      "ocf": -31192000,
      "capex": -245000,
      "gross_margin": null,
      "op_margin": -3.1353754940711465,
      "fcf_margin": -2.82402084081926,
      "incr_op_margin_yoy": -2.6711889491859893,
      "rev_growth_yoy": 0.5727606668550438,
      "fcf_margin_change": -1.1200349421441023
    },
    {
      "date": "2022-03-31T00:00:00",
      "quarter_label": "2022-03 (Q1)",
      "revenue": 17136000,
      "gross_profit": null,
      "operating_income": -23966000,
      "net_income": -23885000,
      "opex": 41102000,
      "cogs": null,
      "rd": 30559000,
      "sga": null,
      "fcf": -42049000,
      "ocf": -41313000,
      "capex": -736000,
      "gross_margin": null,
      "op_margin": -1.3985760971055088,
      "fcf_margin": -2.4538398692810457,
      "incr_op_margin_yoy": -7.15793991416309,
      "rev_growth_yoy": 0.07294471229102749,
      "rev_growth_yoy_accel": -0.4998159545640163,
      "op_leverage_ratio": Infinity,
      "fcf_margin_change": 0.3701809715382143
    },
    {
      "date": "2022-06-30T00:00:00",
      "quarter_label": "2022-06 (Q2)",
      "revenue": 18165000,
      "gross_profit": null,
      "operating_income": -24742000,
      "net_income": -24184000,
      "opex": 42907000,
      "cogs": null,
      "rd": 31159000,
      "sga": null,
      "fcf": -34649000,
      "ocf": -34237000,
      "capex": -412000,
      "gross_margin": null,
      "op_margin": -1.3620699146710706,
      "fcf_margin": -1.9074593999449492,
      "incr_op_margin_yoy": -2.949920085242408,
      "rev_growth_yoy": 0.11523821218074656,
      "rev_growth_yoy_accel": 0.042293499889719074,
      "op_leverage_ratio": 1.3673877030036392,
      "fcf_margin_change": 0.5463804693360965
    },
    {
      "date": "2022-09-30T00:00:00",
      "quarter_label": "2022-09 (Q3)",
      "revenue": 16915000,
      "gross_profit": null,
      "operating_income": -23942000,
      "net_income": -23296000,
      "opex": 40857000,
      "cogs": null,
      "rd": 30367000,
      "sga": null,
      "fcf": -34255000,
      "ocf": -33845000,
      "capex": -410000,
      "gross_margin": null,
      "op_margin": -1.4154300916346438,
      "fcf_margin": -2.0251256281407035,
      "rev_growth_yoy": -0.038210041507931995,
      "rev_growth_yoy_accel": -0.15344825368867857,
      "fcf_margin_change": -0.11766622819575434
    },
    {
      "date": "2022-12-31T00:00:00",
      "quarter_label": "2022-12 (Q4)",
      "revenue": 946000,
      "gross_profit": null,
      "operating_income": -28685000,
      "net_income": -27952000,
      "opex": 29631000,
      "cogs": null,
      "rd": 19564000,
      "sga": null,
      "fcf": -1575000,
      "ocf": -1393000,
      "capex": -182000,
      "gross_margin": null,
      "op_margin": -30.322410147991544,
      "fcf_margin": -1.6649048625792813,
      "incr_op_margin_yoy": -0.6104457097977616,
      "rev_growth_yoy": -0.9150197628458498,
      "rev_growth_yoy_accel": -0.8768097213379179,
      "fcf_margin_change": 0.36022076556142224
    },
    {
      "date": "2023-03-31T00:00:00",
      "quarter_label": "2023-03 (Q1)",
      "revenue": 23499000,
      "gross_profit": null,
      "operating_income": -5653000,
      "net_income": -3311000,
      "opex": 29152000,
      "cogs": null,
      "rd": 21175000,
      "sga": null,
      "fcf": 9301000,
      "ocf": 9349000,
      "capex": -48000,
      "gross_margin": null,
      "op_margin": -0.24056342823098856,
      "fcf_margin": 0.39580407676922424,
      "incr_op_margin_yoy": 2.878044947351878,
      "rev_growth_yoy": 0.3713235294117647,
      "rev_growth_yoy_accel": 1.2863432922576146,
      "op_leverage_ratio": Infinity,
      "fcf_margin_change": 2.0607089393485056
    },
    {
      "date": "2023-06-30T00:00:00",
      "quarter_label": "2023-06 (Q2)",
      "revenue": 24724000,
      "gross_profit": null,
      "operating_income": -3348000,
      "net_income": -1087000,
      "opex": 28072000,
      "cogs": null,
      "rd": 20671000,
      "sga": null,
      "fcf": -25695000,
      "ocf": -25178000,
      "capex": -517000,
      "gross_margin": null,
      "op_margin": -0.13541498139459635,
      "fcf_margin": -1.039273580326808,
      "incr_op_margin_yoy": 3.2617777100167706,
      "rev_growth_yoy": 0.36107899807321775,
      "rev_growth_yoy_accel": -0.01024453133854697,
      "op_leverage_ratio": Infinity,
      "fcf_margin_change": -1.4350776570960324
    },
    {
      "date": "2023-09-30T00:00:00",
      "quarter_label": "2023-09 (Q3)",
      "revenue": 26384000,
      "gross_profit": null,
      "operating_income": 3123000,
      "net_income": 2992000,
      "opex": 23261000,
      "cogs": null,
      "rd": 16448000,
      "sga": null,
      "fcf": -18252000,
      "ocf": -18243000,
      "capex": -9000,
      "gross_margin": null,
      "op_margin": 0.11836719223771983,
      "fcf_margin": -0.6917828987265009,
      "incr_op_margin_yoy": 2.858274368993558,
      "rev_growth_yoy": 0.5597989949748744,
      "rev_growth_yoy_accel": 0.19871999690165665,
      "op_leverage_ratio": Infinity,
      "fcf_margin_change": 0.34749068160030716
    },
    {
      "date": "2023-12-31T00:00:00",
      "quarter_label": "2023-12 (Q4)",
      "revenue": 26607000,
      "gross_profit": null,
      "operating_income": -606000,
      "net_income": 837000,
      "opex": 27213000,
      "cogs": null,
      "rd": 19386000,
      "sga": null,
      "fcf": -22229000,
      "ocf": -21963000,
      "capex": -266000,
      "gross_margin": null,
      "op_margin": -0.02277596121321457,
      "fcf_margin": -0.8354568346675687,
      "incr_op_margin_yoy": 1.0942285959237754,
      "rev_growth_yoy": 27.125792811839325,
      "rev_growth_yoy_accel": 26.565993816864452,
      "fcf_margin_change": -0.1436739359410678
    },
    {
      "date": "2024-03-31T00:00:00",
      "quarter_label": "2024-03 (Q1)",
      "revenue": 41463000,
      "gross_profit": null,
      "operating_income": 11657000,
      "net_income": 13791000,
      "opex": 29806000,
      "cogs": null,
      "rd": 22052000,
      "sga": null,
      "fcf": -26160000,
      "ocf": -26045000,
      "capex": -115000,
      "gross_margin": null,
      "op_margin": 0.28114222318693777,
      "fcf_margin": -0.6309239562983865,
      "incr_op_margin_yoy": 0.9635938543754174,
      "rev_growth_yoy": 0.7644580620451934,
      "rev_growth_yoy_accel": -26.361334749794132,
      "op_leverage_ratio": 5.859760771223878,
      "fcf_margin_change": 0.2045328783691822
    },
    {
      "date": "2024-06-30T00:00:00",
      "quarter_label": "2024-06 (Q2)",
      "revenue": 25115000,
      "gross_profit": null,
      "operating_income": -8452000,
      "net_income": -6534000,
      "opex": 33567000,
      "cogs": null,
      "rd": 25172000,
      "sga": null,
      "fcf": -19645000,
      "ocf": -19549000,
      "capex": -96000,
      "gross_margin": null,
      "op_margin": -0.3365319530161258,
      "fcf_margin": -0.7822018713915987,
      "rev_growth_yoy": 0.01581459310791134,
      "rev_growth_yoy_accel": -0.7486434689372821,
      "fcf_margin_change": -0.1512779150932122
    },
    {
      "date": "2024-09-30T00:00:00",
      "quarter_label": "2024-09 (Q3)",
      "revenue": 33432000,
      "gross_profit": null,
      "operating_income": 4111000,
      "net_income": 5736000,
      "opex": 29321000,
      "cogs": null,
      "rd": 21368000,
      "sga": null,
      "fcf": -20748000,
      "ocf": -20729000,
      "capex": -19000,
      "gross_margin": null,
      "op_margin": 0.1229660205790859,
      "fcf_margin": -0.6206030150753769,
      "incr_op_margin_yoy": 0.14018161180476732,
      "rev_growth_yoy": 0.26713159490600363,
      "rev_growth_yoy_accel": 0.2513170017980923,
      "op_leverage_ratio": Infinity,
      "fcf_margin_change": 0.16159885631622184
    },
    {
      "date": "2024-12-31T00:00:00",
      "quarter_label": "2024-12 (Q4)",
      "revenue": 38093000,
      "gross_profit": null,
      "operating_income": 17679000,
      "net_income": 18876000,
      "opex": 20414000,
      "cogs": null,
      "rd": 14790000,
      "sga": null,
      "fcf": -19988000,
      "ocf": -19908000,
      "capex": -80000,
      "gross_margin": null,
      "op_margin": 0.46410101593468617,
      "fcf_margin": -0.5247158270548394,
      "incr_op_margin_yoy": 1.5919380114922514,
      "rev_growth_yoy": 0.4316909084075619,
      "rev_growth_yoy_accel": 0.16455931350155828,
      "op_leverage_ratio": Infinity,
      "fcf_margin_change": 0.09588718802053742
    },
    {
      "date": "2025-03-31T00:00:00",
      "quarter_label": "2025-03 (Q1)",
      "revenue": 50917000,
      "gross_profit": null,
      "operating_income": 22621000,
      "net_income": 23525000,
      "opex": 28296000,
      "cogs": null,
      "rd": 18868000,
      "sga": null,
      "fcf": -21162000,
      "ocf": -21043000,
      "capex": -119000,
      "gross_margin": null,
      "op_margin": 0.44427205059214014,
      "fcf_margin": -0.4156175736983719,
      "incr_op_margin_yoy": 1.1597207531203724,
      "rev_growth_yoy": 0.22801051539927164,
      "rev_growth_yoy_accel": -0.20368039300829027,
      "op_leverage_ratio": 0.8719066952110612,
      "fcf_margin_change": 0.10909825335646756
    },
    {
      "date": "2025-06-30T00:00:00",
      "quarter_label": "2025-06 (Q2)",
      "revenue": 18658000,
      "gross_profit": null,
      "operating_income": -1286000,
      "net_income": -154000,
      "opex": 19944000,
      "cogs": null,
      "rd": 13322000,
      "sga": null,
      "fcf": -15780000,
      "ocf": -15753000,
      "capex": -27000,
      "gross_margin": null,
      "op_margin": -0.06892485796977169,
      "fcf_margin": -0.845749812412906,
      "incr_op_margin_yoy": -1.1098033142326158,
      "rev_growth_yoy": -0.25709735217997215,
      "rev_growth_yoy_accel": -0.4851078675792438,
      "fcf_margin_change": -0.43013223871453415
    },
    {
      "date": "2025-09-30T00:00:00",
      "quarter_label": "2025-09 (Q3)",
      "revenue": 5963000,
      "gross_profit": null,
      "operating_income": -15768000,
      "net_income": -14229000,
      "opex": 21731000,
      "cogs": null,
      "rd": 15304000,
      "sga": null,
      "fcf": -15421000,
      "ocf": -15548000,
      "capex": 127000,
      "gross_margin": null,
      "op_margin": -2.6443065571021296,
      "fcf_margin": -2.5861143719604227,
      "incr_op_margin_yoy": 0.7236885216061743,
      "rev_growth_yoy": -0.8216379516630773,
      "rev_growth_yoy_accel": -0.5645405994831052,
      "fcf_margin_change": -1.7403645595475168
    }
  ],
  "signals": [
    {
      "quarter": "2025-09 (Q3)",
      "signal": "YoY REVENUE GROWTH DECELERATION",
      "detail": "YoY growth: -82.2% vs prior quarter YoY: -25.7% (decel: -56.5%)",
      "severity": "WARNING"
    },
    {
      "quarter": "2025-06 (Q2)",
      "signal": "YoY REVENUE GROWTH DECELERATION",
      "detail": "YoY growth: -25.7% vs prior quarter YoY: +22.8% (decel: -48.5%)",
      "severity": "WARNING"
    },
    {
      "quarter": "2025-03 (Q1)",
      "signal": "FCF MARGIN EXPANSION",
      "detail": "FCF margin: -52.5% -> -41.6% (+10.9%)",
      "severity": "MEDIUM"
    },
    {
      "quarter": "2025-03 (Q1)",
      "signal": "YoY REVENUE GROWTH DECELERATION",
      "detail": "YoY growth: +22.8% vs prior quarter YoY: +43.2% (decel: -20.4%)",
      "severity": "WARNING"
    },
    {
      "quarter": "2025-03 (Q1)",
      "signal": "INCREMENTAL MARGIN (YoY)",
      "detail": "YoY Incr OPM: +116.0% vs year-ago OPM: +28.1%",
      "severity": "HIGH"
    },
    {
      "quarter": "2024-12 (Q4)",
      "signal": "FCF MARGIN EXPANSION",
      "detail": "FCF margin: -62.1% -> -52.5% (+9.6%)",
      "severity": "MEDIUM"
    },
    {
      "quarter": "2024-12 (Q4)",
      "signal": "YoY REVENUE GROWTH ACCELERATION",
      "detail": "YoY growth: +43.2% vs prior quarter YoY: +26.7% (accel: +16.5%)",
      "severity": "HIGH"
    },
    {
      "quarter": "2024-12 (Q4)",
      "signal": "OP MARGIN TURNED POSITIVE (YoY)",
      "detail": "Op margin: -2.3% (year-ago) -> +46.4%",
      "severity": "HIGH"
    },
    {
      "quarter": "2024-09 (Q3)",
      "signal": "FCF MARGIN EXPANSION",
      "detail": "FCF margin: -78.2% -> -62.1% (+16.2%)",
      "severity": "MEDIUM"
    },
    {
      "quarter": "2024-09 (Q3)",
      "signal": "YoY REVENUE GROWTH ACCELERATION",
      "detail": "YoY growth: +26.7% vs prior quarter YoY: +1.6% (accel: +25.1%)",
      "severity": "HIGH"
    },
    {
      "quarter": "2024-09 (Q3)",
      "signal": "OP MARGIN TURNED POSITIVE (QoQ)",
      "detail": "Op margin: -33.7% -> +12.3%",
      "severity": "HIGH"
    },
    {
      "quarter": "2024-06 (Q2)",
      "signal": "YoY REVENUE GROWTH DECELERATION",
      "detail": "YoY growth: +1.6% vs prior quarter YoY: +76.4% (decel: -74.9%)",
      "severity": "WARNING"
    },
    {
      "quarter": "2024-03 (Q1)",
      "signal": "FCF MARGIN EXPANSION",
      "detail": "FCF margin: -83.5% -> -63.1% (+20.5%)",
      "severity": "MEDIUM"
    },
    {
      "quarter": "2024-03 (Q1)",
      "signal": "OPERATING LEVERAGE",
      "detail": "Rev growth +55.8% vs OpEx growth +9.5% (leverage: 5.9x)",
      "severity": "MEDIUM"
    },
    {
      "quarter": "2024-03 (Q1)",
      "signal": "YoY REVENUE GROWTH DECELERATION",
      "detail": "YoY growth: +76.4% vs prior quarter YoY: +2712.6% (decel: -2636.1%)",
      "severity": "WARNING"
    },
    {
      "quarter": "2024-03 (Q1)",
      "signal": "OP MARGIN TURNED POSITIVE (YoY)",
      "detail": "Op margin: -24.1% (year-ago) -> +28.1%",
      "severity": "HIGH"
    },
    {
      "quarter": "2024-03 (Q1)",
      "signal": "OP MARGIN TURNED POSITIVE (QoQ)",
      "detail": "Op margin: -2.3% -> +28.1%",
      "severity": "HIGH"
    },
    {
      "quarter": "2023-12 (Q4)",
      "signal": "YoY REVENUE GROWTH ACCELERATION",
      "detail": "YoY growth: +2712.6% vs prior quarter YoY: +56.0% (accel: +2656.6%)",
      "severity": "HIGH"
    },
    {
      "quarter": "2023-09 (Q3)",
      "signal": "FCF MARGIN EXPANSION",
      "detail": "FCF margin: -103.9% -> -69.2% (+34.7%)",
      "severity": "MEDIUM"
    },
    {
      "quarter": "2023-09 (Q3)",
      "signal": "YoY REVENUE GROWTH ACCELERATION",
      "detail": "YoY growth: +56.0% vs prior quarter YoY: +36.1% (accel: +19.9%)",
      "severity": "HIGH"
    },
    {
      "quarter": "2023-09 (Q3)",
      "signal": "OP MARGIN TURNED POSITIVE (YoY)",
      "detail": "Op margin: -141.5% (year-ago) -> +11.8%",
      "severity": "HIGH"
    },
    {
      "quarter": "2023-09 (Q3)",
      "signal": "OP MARGIN TURNED POSITIVE (QoQ)",
      "detail": "Op margin: -13.5% -> +11.8%",
      "severity": "HIGH"
    },
    {
      "quarter": "2023-03 (Q1)",
      "signal": "FCF TURNED POSITIVE",
      "detail": "FCF margin: -166.5% -> +39.6%",
      "severity": "HIGH"
    },
    {
      "quarter": "2023-03 (Q1)",
      "signal": "YoY REVENUE GROWTH ACCELERATION",
      "detail": "YoY growth: +37.1% vs prior quarter YoY: -91.5% (accel: +128.6%)",
      "severity": "HIGH"
    },
    {
      "quarter": "2022-12 (Q4)",
      "signal": "FCF MARGIN EXPANSION",
      "detail": "FCF margin: -202.5% -> -166.5% (+36.0%)",
      "severity": "MEDIUM"
    },
    {
      "quarter": "2022-12 (Q4)",
      "signal": "YoY REVENUE GROWTH DECELERATION",
      "detail": "YoY growth: -91.5% vs prior quarter YoY: -3.8% (decel: -87.7%)",
      "severity": "WARNING"
    },
    {
      "quarter": "2022-09 (Q3)",
      "signal": "YoY REVENUE GROWTH DECELERATION",
      "detail": "YoY growth: -3.8% vs prior quarter YoY: +11.5% (decel: -15.3%)",
      "severity": "WARNING"
    },
    {
      "quarter": "2022-06 (Q2)",
      "signal": "FCF MARGIN EXPANSION",
      "detail": "FCF margin: -245.4% -> -190.7% (+54.6%)",
      "severity": "MEDIUM"
    },
    {
      "quarter": "2022-03 (Q1)",
      "signal": "FCF MARGIN EXPANSION",
      "detail": "FCF margin: -282.4% -> -245.4% (+37.0%)",
      "severity": "MEDIUM"
    },
    {
      "quarter": "2022-03 (Q1)",
      "signal": "YoY REVENUE GROWTH DECELERATION",
      "detail": "YoY growth: +7.3% vs prior quarter YoY: +57.3% (decel: -50.0%)",
      "severity": "WARNING"
    },
    {
      "quarter": "2021-06 (Q2)",
      "signal": "FCF MARGIN EXPANSION",
      "detail": "FCF margin: -193.6% -> -173.8% (+19.8%)",
      "severity": "MEDIUM"
    },
    {
      "quarter": "2021-03 (Q1)",
      "signal": "FCF MARGIN EXPANSION",
      "detail": "FCF margin: -252.5% -> -193.6% (+58.9%)",
      "severity": "MEDIUM"
    },
    {
      "quarter": "2021-03 (Q1)",
      "signal": "OPERATING LEVERAGE",
      "detail": "Rev growth +125.6% vs OpEx growth +1.4% (leverage: 87.8x)",
      "severity": "MEDIUM"
    }
  ],
  "data_quality": {
    "n_quarters": 20,
    "coverage": {
      "revenue": [
        20,
        20
      ],
      "gross_profit": [
        0,
        20
      ],
      "op_income": [
        20,
        20
      ],
      "fcf": [
        20,
        20
      ]
    },
    "gaps": [],
    "warnings": [
      "gross_profit: no data"
    ]
  },
  "market_cap": null,
  "source": "SEC EDGAR",
  "last_updated": "2026-02-02T22:01:06.508294",
  "sector": "Healthcare",
  "industry": "Biotechnology"
}