{
  "ticker": "CTRA",
  "name": "COTERRA ENERGY INC.",
  "quarters": [
    {
      "date": "2020-12-31T00:00:00",
      "quarter_label": "2020-12 (Q4)",
      "revenue": 456778000,
      "gross_profit": null,
      "operating_income": 162892000,
      "net_income": 131677000,
      "opex": 293534000,
      "cogs": null,
      "rd": null,
      "sga": null,
      "fcf": 307607000,
      "ocf": 307607000,
      "capex": null,
      "gross_margin": null,
      "op_margin": 0.35661087005065917,
      "fcf_margin": 0.6734277920565351
    },
    {
      "date": "2021-03-31T00:00:00",
      "quarter_label": "2021-03 (Q1)",
      "revenue": 459680000,
      "gross_profit": null,
      "operating_income": 175438000,
      "net_income": 126354000,
      "opex": 284313000,
      "cogs": null,
      "rd": null,
      "sga": null,
      "fcf": 290000000,
      "ocf": 290000000,
      "capex": null,
      "gross_margin": null,
      "op_margin": 0.3816524538809607,
      "fcf_margin": 0.6308736512356422,
      "fcf_margin_change": -0.04255414082089293
    },
    {
      "date": "2021-06-30T00:00:00",
      "quarter_label": "2021-06 (Q2)",
      "revenue": 324667000,
      "gross_profit": null,
      "operating_income": 53908000,
      "net_income": 30464000,
      "opex": 270779000,
      "cogs": null,
      "rd": null,
      "sga": null,
      "fcf": 179000000,
      "ocf": 179000000,
      "capex": null,
      "gross_margin": null,
      "op_margin": 0.1660408972886065,
      "fcf_margin": 0.5513341362072524,
      "fcf_margin_change": -0.07953951502838985
    },
    {
      "date": "2021-09-30T00:00:00",
      "quarter_label": "2021-09 (Q3)",
      "revenue": 440396000,
      "gross_profit": null,
      "operating_income": 95840000,
      "net_income": 62714000,
      "opex": 344740000,
      "cogs": null,
      "rd": null,
      "sga": null,
      "fcf": 247000000,
      "ocf": 247000000,
      "capex": null,
      "gross_margin": null,
      "op_margin": 0.21762232172862606,
      "fcf_margin": 0.5608588633865884,
      "op_leverage_ratio": 1.3050172670309585,
      "fcf_margin_change": 0.009524727179336057
    },
    {
      "date": "2021-12-31T00:00:00",
      "quarter_label": "2021-12 (Q4)",
      "revenue": 2224257000,
      "gross_profit": null,
      "operating_income": 1238814000,
      "net_income": 938468000,
      "opex": 983168000,
      "cogs": null,
      "rd": null,
      "sga": null,
      "fcf": 951000000,
      "ocf": 951000000,
      "capex": null,
      "gross_margin": null,
      "op_margin": 0.5569563229428973,
      "fcf_margin": 0.4275585060539317,
      "incr_op_margin_yoy": 0.6087325507120593,
      "rev_growth_yoy": 3.8694486161767863,
      "op_leverage_ratio": 2.1872448185206492,
      "fcf_margin_change": -0.13330035733265672
    },
    {
      "date": "2022-03-31T00:00:00",
      "quarter_label": "2022-03 (Q1)",
      "revenue": 1679000000,
      "gross_profit": null,
      "operating_income": 799000000,
      "net_income": 608000000,
      "opex": 882000000,
      "cogs": null,
      "rd": null,
      "sga": null,
      "fcf": 1322000000,
      "ocf": 1322000000,
      "capex": null,
      "gross_margin": null,
      "op_margin": 0.47587849910661106,
      "fcf_margin": 0.7873734365693865,
      "incr_op_margin_yoy": 0.5114014368664501,
      "rev_growth_yoy": 2.652540898016011,
      "rev_growth_yoy_accel": -1.2169077181607753,
      "fcf_margin_change": 0.3598149305154548
    },
    {
      "date": "2022-06-30T00:00:00",
      "quarter_label": "2022-06 (Q2)",
      "revenue": 2572000000,
      "gross_profit": null,
      "operating_income": 1609000000,
      "net_income": 1229000000,
      "opex": 960000000,
      "cogs": null,
      "rd": null,
      "sga": null,
      "fcf": 879000000,
      "ocf": 879000000,
      "capex": null,
      "gross_margin": null,
      "op_margin": 0.6255832037325039,
      "fcf_margin": 0.3417573872472784,
      "incr_op_margin_yoy": 0.6919722177354224,
      "rev_growth_yoy": 6.921963119134374,
      "rev_growth_yoy_accel": 4.269422221118363,
      "op_leverage_ratio": 6.014156778302103,
      "fcf_margin_change": -0.44561604932210813
    },
    {
      "date": "2022-09-30T00:00:00",
      "quarter_label": "2022-09 (Q3)",
      "revenue": 2520000000,
      "gross_profit": null,
      "operating_income": 1506000000,
      "net_income": 1196000000,
      "opex": 1014000000,
      "cogs": null,
      "rd": null,
      "sga": null,
      "fcf": 1771000000,
      "ocf": 1771000000,
      "capex": null,
      "gross_margin": null,
      "op_margin": 0.5976190476190476,
      "fcf_margin": 0.7027777777777777,
      "incr_op_margin_yoy": 0.6780906364865619,
      "rev_growth_yoy": 4.722122816737663,
      "rev_growth_yoy_accel": -2.1998403023967112,
      "fcf_margin_change": 0.36102039053049934
    },
    {
      "date": "2022-12-31T00:00:00",
      "quarter_label": "2022-12 (Q4)",
      "revenue": 2280000000,
      "gross_profit": null,
      "operating_income": 1295000000,
      "net_income": 1032000000,
      "opex": 985000000,
      "cogs": null,
      "rd": null,
      "sga": null,
      "fcf": 1484000000,
      "ocf": 1484000000,
      "capex": null,
      "gross_margin": null,
      "op_margin": 0.5679824561403509,
      "fcf_margin": 0.6508771929824562,
      "incr_op_margin_yoy": 1.007947186193782,
      "rev_growth_yoy": 0.02506140252677636,
      "rev_growth_yoy_accel": -4.697061414210887,
      "fcf_margin_change": -0.05190058479532156
    },
    {
      "date": "2023-03-31T00:00:00",
      "quarter_label": "2023-03 (Q1)",
      "revenue": 1777000000,
      "gross_profit": null,
      "operating_income": 877000000,
      "net_income": 677000000,
      "opex": 905000000,
      "cogs": null,
      "rd": null,
      "sga": null,
      "fcf": 1494000000,
      "ocf": 1494000000,
      "capex": null,
      "gross_margin": null,
      "op_margin": 0.4935284186831739,
      "fcf_margin": 0.8407428249859313,
      "incr_op_margin_yoy": 0.7959183673469388,
      "rev_growth_yoy": 0.058368076235854674,
      "rev_growth_yoy_accel": 0.03330667370907832,
      "fcf_margin_change": 0.18986563200347517
    },
    {
      "date": "2023-06-30T00:00:00",
      "quarter_label": "2023-06 (Q2)",
      "revenue": 1185000000,
      "gross_profit": null,
      "operating_income": 276000000,
      "net_income": 209000000,
      "opex": 909000000,
      "cogs": null,
      "rd": null,
      "sga": null,
      "fcf": 646000000,
      "ocf": 646000000,
      "capex": null,
      "gross_margin": null,
      "op_margin": 0.23291139240506328,
      "fcf_margin": 0.5451476793248945,
      "incr_op_margin_yoy": 0.9610670511896179,
      "rev_growth_yoy": -0.5392690513219285,
      "rev_growth_yoy_accel": -0.5976371275577832,
      "fcf_margin_change": -0.29559514566103684
    },
    {
      "date": "2023-09-30T00:00:00",
      "quarter_label": "2023-09 (Q3)",
      "revenue": 1356000000,
      "gross_profit": null,
      "operating_income": 424000000,
      "net_income": 323000000,
      "opex": 939000000,
      "cogs": null,
      "rd": null,
      "sga": null,
      "fcf": 758000000,
      "ocf": 758000000,
      "capex": null,
      "gross_margin": null,
      "op_margin": 0.31268436578171094,
      "fcf_margin": 0.5589970501474927,
      "incr_op_margin_yoy": 0.929553264604811,
      "rev_growth_yoy": -0.46190476190476193,
      "rev_growth_yoy_accel": 0.07736428941716655,
      "op_leverage_ratio": 4.372405063291139,
      "fcf_margin_change": 0.013849370822598184
    },
    {
      "date": "2023-12-31T00:00:00",
      "quarter_label": "2023-12 (Q4)",
      "revenue": 1596000000,
      "gross_profit": null,
      "operating_income": 577000000,
      "net_income": 416000000,
      "opex": 1019000000,
      "cogs": null,
      "rd": null,
      "sga": null,
      "fcf": 760000000,
      "ocf": 760000000,
      "capex": null,
      "gross_margin": null,
      "op_margin": 0.36152882205513787,
      "fcf_margin": 0.47619047619047616,
      "incr_op_margin_yoy": 1.0497076023391814,
      "rev_growth_yoy": -0.3,
      "rev_growth_yoy_accel": 0.16190476190476194,
      "op_leverage_ratio": 2.077433628318584,
      "fcf_margin_change": -0.08280657395701652
    },
    {
      "date": "2024-03-31T00:00:00",
      "quarter_label": "2024-03 (Q1)",
      "revenue": 1433000000,
      "gross_profit": null,
      "operating_income": 440000000,
      "net_income": 352000000,
      "opex": 992000000,
      "cogs": null,
      "rd": null,
      "sga": null,
      "fcf": 856000000,
      "ocf": 856000000,
      "capex": null,
      "gross_margin": null,
      "op_margin": 0.30704815073272856,
      "fcf_margin": 0.5973482205163991,
      "incr_op_margin_yoy": 1.2703488372093024,
      "rev_growth_yoy": -0.1935846933033202,
      "rev_growth_yoy_accel": 0.10641530669667978,
      "fcf_margin_change": 0.12115774432592297
    },
    {
      "date": "2024-06-30T00:00:00",
      "quarter_label": "2024-06 (Q2)",
      "revenue": 1271000000,
      "gross_profit": null,
      "operating_income": 296000000,
      "net_income": 220000000,
      "opex": 976000000,
      "cogs": null,
      "rd": null,
      "sga": null,
      "fcf": 558000000,
      "ocf": 558000000,
      "capex": null,
      "gross_margin": null,
      "op_margin": 0.23288749016522423,
      "fcf_margin": 0.43902439024390244,
      "incr_op_margin_yoy": 0.23255813953488372,
      "rev_growth_yoy": 0.07257383966244725,
      "rev_growth_yoy_accel": 0.26615853296576747,
      "fcf_margin_change": -0.1583238302724967
    },
    {
      "date": "2024-09-30T00:00:00",
      "quarter_label": "2024-09 (Q3)",
      "revenue": 1359000000,
      "gross_profit": null,
      "operating_income": 327000000,
      "net_income": 252000000,
      "opex": 1035000000,
      "cogs": null,
      "rd": null,
      "sga": null,
      "fcf": 755000000,
      "ocf": 755000000,
      "capex": null,
      "gross_margin": null,
      "op_margin": 0.24061810154525387,
      "fcf_margin": 0.5555555555555556,
      "incr_op_margin_yoy": -32.333333333333336,
      "rev_growth_yoy": 0.0022123893805309734,
      "rev_growth_yoy_accel": -0.07036145028191627,
      "op_leverage_ratio": 1.1453413167264535,
      "fcf_margin_change": 0.11653116531165314
    },
    {
      "date": "2024-12-31T00:00:00",
      "quarter_label": "2024-12 (Q4)",
      "revenue": 1395000000,
      "gross_profit": null,
      "operating_income": 326000000,
      "net_income": 297000000,
      "opex": 1069000000,
      "cogs": null,
      "rd": null,
      "sga": null,
      "fcf": 626000000,
      "ocf": 626000000,
      "capex": null,
      "gross_margin": null,
      "op_margin": 0.23369175627240144,
      "fcf_margin": 0.44874551971326165,
      "incr_op_margin_yoy": 1.2487562189054726,
      "rev_growth_yoy": -0.12593984962406016,
      "rev_growth_yoy_accel": -0.12815223900459113,
      "op_leverage_ratio": 0.806388780677834,
      "fcf_margin_change": -0.10681003584229393
    },
    {
      "date": "2025-03-31T00:00:00",
      "quarter_label": "2025-03 (Q1)",
      "revenue": 1904000000,
      "gross_profit": null,
      "operating_income": 702000000,
      "net_income": 516000000,
      "opex": 1202000000,
      "cogs": null,
      "rd": null,
      "sga": null,
      "fcf": 1144000000,
      "ocf": 1144000000,
      "capex": null,
      "gross_margin": null,
      "op_margin": 0.36869747899159666,
      "fcf_margin": 0.6008403361344538,
      "incr_op_margin_yoy": 0.5562632696390658,
      "rev_growth_yoy": 0.3286810886252617,
      "rev_growth_yoy_accel": 0.4546209382493218,
      "op_leverage_ratio": 2.932713504190584,
      "fcf_margin_change": 0.1520948164211921
    },
    {
      "date": "2025-06-30T00:00:00",
      "quarter_label": "2025-06 (Q2)",
      "revenue": 1965000000,
      "gross_profit": null,
      "operating_income": 708000000,
      "net_income": 511000000,
      "opex": 1261000000,
      "cogs": null,
      "rd": null,
      "sga": null,
      "fcf": 936000000,
      "ocf": 936000000,
      "capex": null,
      "gross_margin": null,
      "op_margin": 0.3603053435114504,
      "fcf_margin": 0.4763358778625954,
      "incr_op_margin_yoy": 0.5936599423631124,
      "rev_growth_yoy": 0.5460267505900865,
      "rev_growth_yoy_accel": 0.21734566196482485,
      "op_leverage_ratio": 0.6527026064663153,
      "fcf_margin_change": -0.12450445827185835
    },
    {
      "date": "2025-09-30T00:00:00",
      "quarter_label": "2025-09 (Q3)",
      "revenue": 1817000000,
      "gross_profit": null,
      "operating_income": 471000000,
      "net_income": 322000000,
      "opex": 1347000000,
      "cogs": null,
      "rd": null,
      "sga": null,
      "fcf": 971000000,
      "ocf": 971000000,
      "capex": null,
      "gross_margin": null,
      "op_margin": 0.2592184920198129,
      "fcf_margin": 0.5343973582828839,
      "incr_op_margin_yoy": 0.314410480349345,
      "rev_growth_yoy": 0.3370125091979397,
      "rev_growth_yoy_accel": -0.20901424139214686,
      "fcf_margin_change": 0.058061480420288525
    }
  ],
  "signals": [
    {
      "quarter": "2025-09 (Q3)",
      "signal": "FCF MARGIN EXPANSION",
      "detail": "FCF margin: +47.6% -> +53.4% (+5.8%)",
      "severity": "MEDIUM"
    },
    {
      "quarter": "2025-09 (Q3)",
      "signal": "YoY REVENUE GROWTH DECELERATION",
      "detail": "YoY growth: +33.7% vs prior quarter YoY: +54.6% (decel: -20.9%)",
      "severity": "WARNING"
    },
    {
      "quarter": "2025-06 (Q2)",
      "signal": "YoY REVENUE GROWTH ACCELERATION",
      "detail": "YoY growth: +54.6% vs prior quarter YoY: +32.9% (accel: +21.7%)",
      "severity": "HIGH"
    },
    {
      "quarter": "2025-06 (Q2)",
      "signal": "INCREMENTAL MARGIN (YoY)",
      "detail": "YoY Incr OPM: +59.4% vs year-ago OPM: +23.3%",
      "severity": "HIGH"
    },
    {
      "quarter": "2025-03 (Q1)",
      "signal": "FCF MARGIN EXPANSION",
      "detail": "FCF margin: +44.9% -> +60.1% (+15.2%)",
      "severity": "MEDIUM"
    },
    {
      "quarter": "2025-03 (Q1)",
      "signal": "OPERATING LEVERAGE",
      "detail": "Rev growth +36.5% vs OpEx growth +12.4% (leverage: 2.9x)",
      "severity": "MEDIUM"
    },
    {
      "quarter": "2025-03 (Q1)",
      "signal": "YoY REVENUE GROWTH ACCELERATION",
      "detail": "YoY growth: +32.9% vs prior quarter YoY: -12.6% (accel: +45.5%)",
      "severity": "HIGH"
    },
    {
      "quarter": "2025-03 (Q1)",
      "signal": "INCREMENTAL MARGIN (YoY)",
      "detail": "YoY Incr OPM: +55.6% vs year-ago OPM: +30.7%",
      "severity": "HIGH"
    },
    {
      "quarter": "2024-12 (Q4)",
      "signal": "YoY REVENUE GROWTH DECELERATION",
      "detail": "YoY growth: -12.6% vs prior quarter YoY: +0.2% (decel: -12.8%)",
      "severity": "WARNING"
    },
    {
      "quarter": "2024-12 (Q4)",
      "signal": "INCREMENTAL MARGIN (YoY)",
      "detail": "YoY Incr OPM: +124.9% vs year-ago OPM: +36.2%",
      "severity": "HIGH"
    },
    {
      "quarter": "2024-09 (Q3)",
      "signal": "FCF MARGIN EXPANSION",
      "detail": "FCF margin: +43.9% -> +55.6% (+11.7%)",
      "severity": "MEDIUM"
    },
    {
      "quarter": "2024-09 (Q3)",
      "signal": "YoY REVENUE GROWTH DECELERATION",
      "detail": "YoY growth: +0.2% vs prior quarter YoY: +7.3% (decel: -7.0%)",
      "severity": "WARNING"
    },
    {
      "quarter": "2024-06 (Q2)",
      "signal": "YoY REVENUE GROWTH ACCELERATION",
      "detail": "YoY growth: +7.3% vs prior quarter YoY: -19.4% (accel: +26.6%)",
      "severity": "HIGH"
    },
    {
      "quarter": "2024-03 (Q1)",
      "signal": "FCF MARGIN EXPANSION",
      "detail": "FCF margin: +47.6% -> +59.7% (+12.1%)",
      "severity": "MEDIUM"
    },
    {
      "quarter": "2024-03 (Q1)",
      "signal": "YoY REVENUE GROWTH ACCELERATION",
      "detail": "YoY growth: -19.4% vs prior quarter YoY: -30.0% (accel: +10.6%)",
      "severity": "MEDIUM"
    },
    {
      "quarter": "2024-03 (Q1)",
      "signal": "INCREMENTAL MARGIN (YoY)",
      "detail": "YoY Incr OPM: +127.0% vs year-ago OPM: +49.4%",
      "severity": "HIGH"
    },
    {
      "quarter": "2023-12 (Q4)",
      "signal": "OPERATING LEVERAGE",
      "detail": "Rev growth +17.7% vs OpEx growth +8.5% (leverage: 2.1x)",
      "severity": "MEDIUM"
    },
    {
      "quarter": "2023-12 (Q4)",
      "signal": "YoY REVENUE GROWTH ACCELERATION",
      "detail": "YoY growth: -30.0% vs prior quarter YoY: -46.2% (accel: +16.2%)",
      "severity": "HIGH"
    },
    {
      "quarter": "2023-12 (Q4)",
      "signal": "INCREMENTAL MARGIN (YoY)",
      "detail": "YoY Incr OPM: +105.0% vs year-ago OPM: +56.8%",
      "severity": "HIGH"
    },
    {
      "quarter": "2023-09 (Q3)",
      "signal": "OPERATING LEVERAGE",
      "detail": "Rev growth +14.4% vs OpEx growth +3.3% (leverage: 4.4x)",
      "severity": "MEDIUM"
    },
    {
      "quarter": "2023-09 (Q3)",
      "signal": "YoY REVENUE GROWTH ACCELERATION",
      "detail": "YoY growth: -46.2% vs prior quarter YoY: -53.9% (accel: +7.7%)",
      "severity": "MEDIUM"
    },
    {
      "quarter": "2023-09 (Q3)",
      "signal": "INCREMENTAL MARGIN (YoY)",
      "detail": "YoY Incr OPM: +93.0% vs year-ago OPM: +59.8%",
      "severity": "HIGH"
    },
    {
      "quarter": "2023-06 (Q2)",
      "signal": "YoY REVENUE GROWTH DECELERATION",
      "detail": "YoY growth: -53.9% vs prior quarter YoY: +5.8% (decel: -59.8%)",
      "severity": "WARNING"
    },
    {
      "quarter": "2023-06 (Q2)",
      "signal": "INCREMENTAL MARGIN (YoY)",
      "detail": "YoY Incr OPM: +96.1% vs year-ago OPM: +62.6%",
      "severity": "HIGH"
    },
    {
      "quarter": "2023-03 (Q1)",
      "signal": "FCF MARGIN EXPANSION",
      "detail": "FCF margin: +65.1% -> +84.1% (+19.0%)",
      "severity": "MEDIUM"
    },
    {
      "quarter": "2023-03 (Q1)",
      "signal": "INCREMENTAL MARGIN (YoY)",
      "detail": "YoY Incr OPM: +79.6% vs year-ago OPM: +47.6%",
      "severity": "HIGH"
    },
    {
      "quarter": "2022-12 (Q4)",
      "signal": "YoY REVENUE GROWTH DECELERATION",
      "detail": "YoY growth: +2.5% vs prior quarter YoY: +472.2% (decel: -469.7%)",
      "severity": "WARNING"
    },
    {
      "quarter": "2022-12 (Q4)",
      "signal": "INCREMENTAL MARGIN (YoY)",
      "detail": "YoY Incr OPM: +100.8% vs year-ago OPM: +55.7%",
      "severity": "HIGH"
    },
    {
      "quarter": "2022-09 (Q3)",
      "signal": "FCF MARGIN EXPANSION",
      "detail": "FCF margin: +34.2% -> +70.3% (+36.1%)",
      "severity": "MEDIUM"
    },
    {
      "quarter": "2022-09 (Q3)",
      "signal": "YoY REVENUE GROWTH DECELERATION",
      "detail": "YoY growth: +472.2% vs prior quarter YoY: +692.2% (decel: -220.0%)",
      "severity": "WARNING"
    },
    {
      "quarter": "2022-09 (Q3)",
      "signal": "INCREMENTAL MARGIN (YoY)",
      "detail": "YoY Incr OPM: +67.8% vs year-ago OPM: +21.8%",
      "severity": "HIGH"
    },
    {
      "quarter": "2022-06 (Q2)",
      "signal": "OPERATING LEVERAGE",
      "detail": "Rev growth +53.2% vs OpEx growth +8.8% (leverage: 6.0x)",
      "severity": "MEDIUM"
    },
    {
      "quarter": "2022-06 (Q2)",
      "signal": "YoY REVENUE GROWTH ACCELERATION",
      "detail": "YoY growth: +692.2% vs prior quarter YoY: +265.3% (accel: +426.9%)",
      "severity": "HIGH"
    },
    {
      "quarter": "2022-06 (Q2)",
      "signal": "INCREMENTAL MARGIN (YoY)",
      "detail": "YoY Incr OPM: +69.2% vs year-ago OPM: +16.6%",
      "severity": "HIGH"
    },
    {
      "quarter": "2022-03 (Q1)",
      "signal": "FCF MARGIN EXPANSION",
      "detail": "FCF margin: +42.8% -> +78.7% (+36.0%)",
      "severity": "MEDIUM"
    },
    {
      "quarter": "2022-03 (Q1)",
      "signal": "YoY REVENUE GROWTH DECELERATION",
      "detail": "YoY growth: +265.3% vs prior quarter YoY: +386.9% (decel: -121.7%)",
      "severity": "WARNING"
    },
    {
      "quarter": "2022-03 (Q1)",
      "signal": "INCREMENTAL MARGIN (YoY)",
      "detail": "YoY Incr OPM: +51.1% vs year-ago OPM: +38.2%",
      "severity": "MEDIUM"
    },
    {
      "quarter": "2021-12 (Q4)",
      "signal": "OPERATING LEVERAGE",
      "detail": "Rev growth +405.1% vs OpEx growth +185.2% (leverage: 2.2x)",
      "severity": "MEDIUM"
    },
    {
      "quarter": "2021-12 (Q4)",
      "signal": "INCREMENTAL MARGIN (YoY)",
      "detail": "YoY Incr OPM: +60.9% vs year-ago OPM: +35.7%",
      "severity": "HIGH"
    }
  ],
  "data_quality": {
    "n_quarters": 20,
    "coverage": {
      "revenue": [
        20,
        20
      ],
      "gross_profit": [
        0,
        20
      ],
      "op_income": [
        20,
        20
      ],
      "fcf": [
        20,
        20
      ]
    },
    "gaps": [],
    "warnings": [
      "gross_profit: no data"
    ]
  },
  "market_cap": null,
  "source": "SEC EDGAR",
  "last_updated": "2026-02-02T20:17:40.314632",
  "sector": "Energy",
  "industry": "Oil & Gas E&P"
}