{
  "ticker": "CTRE",
  "name": "CareTrust REIT, Inc.",
  "sector": "Real Estate",
  "industry": "REIT - Healthcare Facilities",
  "quarters": [
    {
      "date": "2021-03-31T00:00:00",
      "quarter_label": "2021-03 (Q1)",
      "revenue": 45751000,
      "gross_profit": 45751000,
      "operating_income": null,
      "net_income": 20486000,
      "opex": 25073000,
      "cogs": 0,
      "rd": null,
      "sga": null,
      "fcf": 33949000,
      "ocf": 33949000,
      "capex": null,
      "gross_margin": 1.0,
      "op_margin": null,
      "fcf_margin": 0.742038425389609
    },
    {
      "date": "2021-06-30T00:00:00",
      "quarter_label": "2021-06 (Q2)",
      "revenue": 48258000,
      "gross_profit": 48258000,
      "operating_income": null,
      "net_income": 21317000,
      "opex": 26941000,
      "cogs": 0,
      "rd": null,
      "sga": null,
      "fcf": 36608000,
      "ocf": 36608000,
      "capex": null,
      "gross_margin": 1.0,
      "op_margin": null,
      "fcf_margin": 0.7585892494508683,
      "op_leverage_ratio": 0.7355008376269329,
      "fcf_margin_change": 0.016550824061259295
    },
    {
      "date": "2021-09-30T00:00:00",
      "quarter_label": "2021-09 (Q3)",
      "revenue": 48605000,
      "gross_profit": 48605000,
      "operating_income": null,
      "net_income": 11918000,
      "opex": 25860000,
      "cogs": 0,
      "rd": null,
      "sga": null,
      "fcf": 47806000,
      "ocf": 47806000,
      "capex": null,
      "gross_margin": 1.0,
      "op_margin": null,
      "fcf_margin": 0.9835613619997943,
      "fcf_margin_change": 0.22497211254892602
    },
    {
      "date": "2021-12-31T00:00:00",
      "quarter_label": "2021-12 (Q4)",
      "revenue": 49737000,
      "gross_profit": 49737000,
      "operating_income": null,
      "net_income": 18261000,
      "opex": 31591000,
      "cogs": 0,
      "rd": null,
      "sga": null,
      "fcf": 38508000,
      "ocf": 38508000,
      "capex": null,
      "gross_margin": 1.0,
      "op_margin": null,
      "fcf_margin": 0.7742324627540865,
      "op_leverage_ratio": 0.10509053221774617,
      "fcf_margin_change": -0.20932889924570774
    },
    {
      "date": "2022-03-31T00:00:00",
      "quarter_label": "2022-03 (Q1)",
      "revenue": 46476000,
      "gross_profit": null,
      "operating_income": null,
      "net_income": -43264000,
      "opex": 89926000,
      "cogs": null,
      "rd": null,
      "sga": null,
      "fcf": 34579000,
      "ocf": 34579000,
      "capex": null,
      "gross_margin": null,
      "op_margin": null,
      "fcf_margin": 0.744018418108271,
      "rev_growth_yoy": 0.01584664816069594,
      "fcf_margin_change": -0.030214044645815563
    },
    {
      "date": "2022-06-30T00:00:00",
      "quarter_label": "2022-06 (Q2)",
      "revenue": 47553000,
      "gross_profit": null,
      "operating_income": null,
      "net_income": 20669000,
      "opex": 26884000,
      "cogs": null,
      "rd": null,
      "sga": null,
      "fcf": 33723000,
      "ocf": 33723000,
      "capex": null,
      "gross_margin": null,
      "op_margin": null,
      "fcf_margin": 0.709166614093748,
      "rev_growth_yoy": -0.014608976749968918,
      "rev_growth_yoy_accel": -0.030455624910664857,
      "op_leverage_ratio": null,
      "fcf_margin_change": -0.034851804014522925
    },
    {
      "date": "2022-09-30T00:00:00",
      "quarter_label": "2022-09 (Q3)",
      "revenue": 50293000,
      "gross_profit": null,
      "operating_income": null,
      "net_income": 709000,
      "opex": 42591000,
      "cogs": null,
      "rd": null,
      "sga": null,
      "fcf": 42370000,
      "ocf": 42370000,
      "capex": null,
      "gross_margin": null,
      "op_margin": null,
      "fcf_margin": 0.84246316584813,
      "rev_growth_yoy": 0.03472893735212427,
      "rev_growth_yoy_accel": 0.049337914102093185,
      "op_leverage_ratio": 0.09862188182060151,
      "fcf_margin_change": 0.13329655175438193
    },
    {
      "date": "2022-12-31T00:00:00",
      "quarter_label": "2022-12 (Q4)",
      "revenue": 51810000,
      "gross_profit": null,
      "operating_income": null,
      "net_income": 14380000,
      "opex": 33366000,
      "cogs": null,
      "rd": null,
      "sga": null,
      "fcf": 33743000,
      "ocf": 33743000,
      "capex": null,
      "gross_margin": null,
      "op_margin": null,
      "fcf_margin": 0.6512835359969118,
      "rev_growth_yoy": 0.04167923276434043,
      "rev_growth_yoy_accel": 0.006950295412216159,
      "op_leverage_ratio": null,
      "fcf_margin_change": -0.19117962985121817
    },
    {
      "date": "2023-03-31T00:00:00",
      "quarter_label": "2023-03 (Q1)",
      "revenue": 50606000,
      "gross_profit": null,
      "operating_income": null,
      "net_income": 19227000,
      "opex": 30855000,
      "cogs": null,
      "rd": null,
      "sga": null,
      "fcf": 35120000,
      "ocf": 35120000,
      "capex": null,
      "gross_margin": null,
      "op_margin": null,
      "fcf_margin": 0.6939888550764731,
      "rev_growth_yoy": 0.08886306911093898,
      "rev_growth_yoy_accel": 0.047183836346598555,
      "fcf_margin_change": 0.04270531907956132
    },
    {
      "date": "2023-06-30T00:00:00",
      "quarter_label": "2023-06 (Q2)",
      "revenue": 51553000,
      "gross_profit": null,
      "operating_income": null,
      "net_income": -484000,
      "opex": 51914000,
      "cogs": null,
      "rd": null,
      "sga": null,
      "fcf": 31866000,
      "ocf": 31866000,
      "capex": null,
      "gross_margin": null,
      "op_margin": null,
      "fcf_margin": 0.6181211568676895,
      "rev_growth_yoy": 0.08411666982104178,
      "rev_growth_yoy_accel": -0.004746399289897202,
      "op_leverage_ratio": 0.027418000120884467,
      "fcf_margin_change": -0.07586769820878358
    },
    {
      "date": "2023-09-30T00:00:00",
      "quarter_label": "2023-09 (Q3)",
      "revenue": 55877000,
      "gross_profit": null,
      "operating_income": null,
      "net_income": 8696000,
      "opex": 41941000,
      "cogs": null,
      "rd": null,
      "sga": null,
      "fcf": 45110000,
      "ocf": 45110000,
      "capex": null,
      "gross_margin": null,
      "op_margin": null,
      "fcf_margin": 0.8073089106430195,
      "rev_growth_yoy": 0.11102936790408208,
      "rev_growth_yoy_accel": 0.026912698083040296,
      "op_leverage_ratio": null,
      "fcf_margin_change": 0.18918775377532993
    },
    {
      "date": "2023-12-31T00:00:00",
      "quarter_label": "2023-12 (Q4)",
      "revenue": 59734000,
      "gross_profit": null,
      "operating_income": null,
      "net_income": 26296000,
      "opex": 35071000,
      "cogs": null,
      "rd": null,
      "sga": null,
      "fcf": 42671000,
      "ocf": 42671000,
      "capex": null,
      "gross_margin": null,
      "op_margin": null,
      "fcf_margin": 0.7143502862691264,
      "rev_growth_yoy": 0.15294344721096315,
      "rev_growth_yoy_accel": 0.04191407930688107,
      "op_leverage_ratio": null,
      "fcf_margin_change": -0.09295862437389302
    },
    {
      "date": "2024-03-31T00:00:00",
      "quarter_label": "2024-03 (Q1)",
      "revenue": 63070000,
      "gross_profit": null,
      "operating_income": null,
      "net_income": 28746000,
      "opex": 33719000,
      "cogs": null,
      "rd": null,
      "sga": null,
      "fcf": 48820000,
      "ocf": 48820000,
      "capex": null,
      "gross_margin": null,
      "op_margin": null,
      "fcf_margin": 0.7740605676232757,
      "rev_growth_yoy": 0.2462949057424021,
      "rev_growth_yoy_accel": 0.09335145853143895,
      "op_leverage_ratio": null,
      "fcf_margin_change": 0.05971028135414924
    },
    {
      "date": "2024-06-30T00:00:00",
      "quarter_label": "2024-06 (Q2)",
      "revenue": 68891000,
      "gross_profit": null,
      "operating_income": null,
      "net_income": 10758000,
      "opex": 56617000,
      "cogs": null,
      "rd": null,
      "sga": null,
      "fcf": 52975000,
      "ocf": 52975000,
      "capex": null,
      "gross_margin": null,
      "op_margin": null,
      "fcf_margin": 0.7689683703241352,
      "rev_growth_yoy": 0.3363140845343627,
      "rev_growth_yoy_accel": 0.09001917879196059,
      "op_leverage_ratio": 0.1359101536912868,
      "fcf_margin_change": -0.005092197299140455
    },
    {
      "date": "2024-09-30T00:00:00",
      "quarter_label": "2024-09 (Q3)",
      "revenue": 77381000,
      "gross_profit": null,
      "operating_income": null,
      "net_income": 33441000,
      "opex": 42962000,
      "cogs": null,
      "rd": null,
      "sga": null,
      "fcf": 67248000,
      "ocf": 67248000,
      "capex": null,
      "gross_margin": null,
      "op_margin": null,
      "fcf_margin": 0.8690505421227434,
      "rev_growth_yoy": 0.3848452851799488,
      "rev_growth_yoy_accel": 0.04853120064558614,
      "op_leverage_ratio": null,
      "fcf_margin_change": 0.10008217179860812
    },
    {
      "date": "2024-12-31T00:00:00",
      "quarter_label": "2024-12 (Q4)",
      "revenue": 86944000,
      "gross_profit": null,
      "operating_income": null,
      "net_income": 52135000,
      "opex": 44769000,
      "cogs": null,
      "rd": null,
      "sga": null,
      "fcf": 75208000,
      "ocf": 75208000,
      "capex": null,
      "gross_margin": null,
      "op_margin": null,
      "fcf_margin": 0.8650165623849835,
      "rev_growth_yoy": 0.45551946964877627,
      "rev_growth_yoy_accel": 0.07067418446882745,
      "op_leverage_ratio": 2.938232486182418,
      "fcf_margin_change": -0.004033979737759874
    },
    {
      "date": "2025-03-31T00:00:00",
      "quarter_label": "2025-03 (Q1)",
      "revenue": 96621000,
      "gross_profit": null,
      "operating_income": null,
      "net_income": 65802000,
      "opex": 36591000,
      "cogs": null,
      "rd": null,
      "sga": null,
      "fcf": 71382000,
      "ocf": 71382000,
      "capex": null,
      "gross_margin": null,
      "op_margin": null,
      "fcf_margin": 0.7387834942714316,
      "rev_growth_yoy": 0.5319644839067702,
      "rev_growth_yoy_accel": 0.07644501425799394,
      "op_leverage_ratio": null,
      "fcf_margin_change": -0.12623306811355184
    },
    {
      "date": "2025-06-30T00:00:00",
      "quarter_label": "2025-06 (Q2)",
      "revenue": 112469000,
      "gross_profit": null,
      "operating_income": null,
      "net_income": 68545000,
      "opex": 49918000,
      "cogs": null,
      "rd": null,
      "sga": null,
      "fcf": 100775000,
      "ocf": 100775000,
      "capex": null,
      "gross_margin": null,
      "op_margin": null,
      "fcf_margin": 0.8960246823569161,
      "rev_growth_yoy": 0.6325644859270442,
      "rev_growth_yoy_accel": 0.10060000202027397,
      "op_leverage_ratio": 0.45034445045378296,
      "fcf_margin_change": 0.15724118808548448
    },
    {
      "date": "2025-09-30T00:00:00",
      "quarter_label": "2025-09 (Q3)",
      "revenue": 132444000,
      "gross_profit": null,
      "operating_income": null,
      "net_income": 74901000,
      "opex": 58352000,
      "cogs": null,
      "rd": null,
      "sga": null,
      "fcf": 100912000,
      "ocf": 100912000,
      "capex": null,
      "gross_margin": null,
      "op_margin": null,
      "fcf_margin": 0.7619220198725499,
      "rev_growth_yoy": 0.7115829467181867,
      "rev_growth_yoy_accel": 0.0790184607911425,
      "op_leverage_ratio": 1.0511810771188965,
      "fcf_margin_change": -0.1341026624843662
    },
    {
      "date": "2025-12-31T00:00:00",
      "quarter_label": "2025-12 (Q4)",
      "revenue": 134859000,
      "gross_profit": null,
      "operating_income": null,
      "net_income": 111290000,
      "opex": 61596000,
      "cogs": null,
      "rd": null,
      "sga": null,
      "fcf": 120960000,
      "ocf": 120960000,
      "capex": null,
      "gross_margin": null,
      "op_margin": null,
      "fcf_margin": 0.8969368006584655,
      "rev_growth_yoy": 0.5511018586676482,
      "rev_growth_yoy_accel": -0.1604810880505385,
      "op_leverage_ratio": 0.32798935360010334,
      "fcf_margin_change": 0.13501478078591556
    }
  ],
  "signals": [
    {
      "quarter": "2025-12 (Q4)",
      "signal": "FCF MARGIN EXPANSION",
      "detail": "FCF margin: +76.2% -> +89.7% (+13.5%)",
      "severity": "MEDIUM"
    },
    {
      "quarter": "2025-12 (Q4)",
      "signal": "YoY REVENUE GROWTH DECELERATION",
      "detail": "YoY growth: +55.1% vs prior quarter YoY: +71.2% (decel: -16.0%)",
      "severity": "WARNING"
    },
    {
      "quarter": "2025-09 (Q3)",
      "signal": "YoY REVENUE GROWTH ACCELERATION",
      "detail": "YoY growth: +71.2% vs prior quarter YoY: +63.3% (accel: +7.9%)",
      "severity": "MEDIUM"
    },
    {
      "quarter": "2025-06 (Q2)",
      "signal": "FCF MARGIN EXPANSION",
      "detail": "FCF margin: +73.9% -> +89.6% (+15.7%)",
      "severity": "MEDIUM"
    },
    {
      "quarter": "2025-06 (Q2)",
      "signal": "YoY REVENUE GROWTH ACCELERATION",
      "detail": "YoY growth: +63.3% vs prior quarter YoY: +53.2% (accel: +10.1%)",
      "severity": "MEDIUM"
    },
    {
      "quarter": "2025-03 (Q1)",
      "signal": "YoY REVENUE GROWTH ACCELERATION",
      "detail": "YoY growth: +53.2% vs prior quarter YoY: +45.6% (accel: +7.6%)",
      "severity": "MEDIUM"
    },
    {
      "quarter": "2024-12 (Q4)",
      "signal": "OPERATING LEVERAGE",
      "detail": "Rev growth +12.4% vs OpEx growth +4.2% (leverage: 2.9x)",
      "severity": "MEDIUM"
    },
    {
      "quarter": "2024-12 (Q4)",
      "signal": "YoY REVENUE GROWTH ACCELERATION",
      "detail": "YoY growth: +45.6% vs prior quarter YoY: +38.5% (accel: +7.1%)",
      "severity": "MEDIUM"
    },
    {
      "quarter": "2024-09 (Q3)",
      "signal": "FCF MARGIN EXPANSION",
      "detail": "FCF margin: +76.9% -> +86.9% (+10.0%)",
      "severity": "MEDIUM"
    },
    {
      "quarter": "2024-06 (Q2)",
      "signal": "YoY REVENUE GROWTH ACCELERATION",
      "detail": "YoY growth: +33.6% vs prior quarter YoY: +24.6% (accel: +9.0%)",
      "severity": "MEDIUM"
    },
    {
      "quarter": "2024-03 (Q1)",
      "signal": "FCF MARGIN EXPANSION",
      "detail": "FCF margin: +71.4% -> +77.4% (+6.0%)",
      "severity": "MEDIUM"
    },
    {
      "quarter": "2024-03 (Q1)",
      "signal": "YoY REVENUE GROWTH ACCELERATION",
      "detail": "YoY growth: +24.6% vs prior quarter YoY: +15.3% (accel: +9.3%)",
      "severity": "MEDIUM"
    },
    {
      "quarter": "2023-09 (Q3)",
      "signal": "FCF MARGIN EXPANSION",
      "detail": "FCF margin: +61.8% -> +80.7% (+18.9%)",
      "severity": "MEDIUM"
    },
    {
      "quarter": "2022-09 (Q3)",
      "signal": "FCF MARGIN EXPANSION",
      "detail": "FCF margin: +70.9% -> +84.2% (+13.3%)",
      "severity": "MEDIUM"
    },
    {
      "quarter": "2021-09 (Q3)",
      "signal": "FCF MARGIN EXPANSION",
      "detail": "FCF margin: +75.9% -> +98.4% (+22.5%)",
      "severity": "MEDIUM"
    }
  ],
  "data_quality": {
    "n_quarters": 20,
    "coverage": {
      "revenue": [
        20,
        20
      ],
      "gross_profit": [
        4,
        20
      ],
      "op_income": [
        0,
        20
      ],
      "fcf": [
        20,
        20
      ]
    },
    "gaps": [],
    "warnings": [
      "gross_profit: 4/20Q",
      "op_income: no data"
    ]
  },
  "market_cap": null,
  "source": "SEC EDGAR",
  "last_updated": "2026-02-24T10:54:46.143035"
}