{
  "ticker": "CTRN",
  "name": "Citi Trends, Inc.",
  "quarters": [
    {
      "date": "2021-01-30T00:00:00",
      "quarter_label": "2021-01 (Q1)",
      "revenue": 251919000,
      "gross_profit": 107645000,
      "operating_income": 23699000,
      "net_income": null,
      "opex": 83946000,
      "cogs": 144274000,
      "rd": null,
      "sga": 79269000,
      "fcf": 47815000,
      "ocf": 47815000,
      "capex": null,
      "gross_margin": 0.42730004485568773,
      "op_margin": 0.09407388882934595,
      "fcf_margin": 0.1898030716222278
    },
    {
      "date": "2021-05-01T00:00:00",
      "quarter_label": "2021-05 (Q2)",
      "revenue": 285381000,
      "gross_profit": 121590000,
      "operating_income": 39001000,
      "net_income": null,
      "opex": 82589000,
      "cogs": 163791000,
      "rd": null,
      "sga": 77892000,
      "fcf": 61739000,
      "ocf": 61739000,
      "capex": null,
      "gross_margin": 0.4260620013245451,
      "op_margin": 0.13666291729302232,
      "fcf_margin": 0.21633885927934937,
      "op_leverage_ratio": Infinity,
      "fcf_margin_change": 0.026535787657121584
    },
    {
      "date": "2021-07-31T00:00:00",
      "quarter_label": "2021-07 (Q3)",
      "revenue": 237281000,
      "gross_profit": 96739000,
      "operating_income": 16362000,
      "net_income": null,
      "opex": 80377000,
      "cogs": 140542000,
      "rd": null,
      "sga": 75383000,
      "fcf": -4933000,
      "ocf": -4933000,
      "capex": null,
      "gross_margin": 0.407698045776948,
      "op_margin": 0.06895621646908097,
      "fcf_margin": -0.02078969660444789,
      "fcf_margin_change": -0.23712855588379728
    },
    {
      "date": "2021-10-30T00:00:00",
      "quarter_label": "2021-10 (Q4)",
      "revenue": 227959000,
      "gross_profit": 91888000,
      "operating_income": 11577000,
      "net_income": null,
      "opex": 80311000,
      "cogs": 136071000,
      "rd": null,
      "sga": 74784000,
      "fcf": -1953000,
      "ocf": -1953000,
      "capex": null,
      "gross_margin": 0.40309002934738264,
      "op_margin": 0.0507854482604328,
      "fcf_margin": -0.008567330090060055,
      "fcf_margin_change": 0.012222366514387836
    },
    {
      "date": "2022-01-29T00:00:00",
      "quarter_label": "2022-01 (Q1)",
      "revenue": 240974000,
      "gross_profit": 97315000,
      "operating_income": 12577000,
      "net_income": null,
      "opex": 84738000,
      "cogs": 143659000,
      "rd": null,
      "sga": 79563000,
      "fcf": 19466000,
      "ocf": 19466000,
      "capex": null,
      "gross_margin": 0.4038402483255455,
      "op_margin": 0.052192352701951245,
      "fcf_margin": 0.08078049914098616,
      "incr_op_margin_yoy": 1.016171767930562,
      "rev_growth_yoy": -0.043446504630456614,
      "op_leverage_ratio": 1.0357452276590586,
      "fcf_margin_change": 0.08934782923104621
    },
    {
      "date": "2022-04-30T00:00:00",
      "quarter_label": "2022-04 (Q2)",
      "revenue": 208215000,
      "gross_profit": 81204000,
      "operating_income": 39653000,
      "net_income": null,
      "opex": 41551000,
      "cogs": 127011000,
      "rd": null,
      "sga": 71026000,
      "fcf": -18879000,
      "ocf": -18879000,
      "capex": null,
      "gross_margin": 0.3900007204091924,
      "op_margin": 0.19044257138054416,
      "fcf_margin": -0.09067070095814422,
      "incr_op_margin_yoy": -0.008449317056734832,
      "rev_growth_yoy": -0.2703964174209215,
      "rev_growth_yoy_accel": -0.2269499127904649,
      "fcf_margin_change": -0.1714512000991304
    },
    {
      "date": "2022-07-30T00:00:00",
      "quarter_label": "2022-07 (Q3)",
      "revenue": 185012000,
      "gross_profit": 70423000,
      "operating_income": -3330000,
      "net_income": null,
      "opex": 73753000,
      "cogs": 114589000,
      "rd": null,
      "sga": 68481000,
      "fcf": -19301000,
      "ocf": -19301000,
      "capex": null,
      "gross_margin": 0.38064017469137135,
      "op_margin": -0.017998832508161634,
      "fcf_margin": -0.10432296283484314,
      "incr_op_margin_yoy": 0.37674338518050854,
      "rev_growth_yoy": -0.22028312422823573,
      "rev_growth_yoy_accel": 0.05011329319268579,
      "fcf_margin_change": -0.01365226187669892
    },
    {
      "date": "2022-10-29T00:00:00",
      "quarter_label": "2022-10 (Q4)",
      "revenue": 185012000,
      "gross_profit": 70423000,
      "operating_income": -3330000,
      "net_income": null,
      "opex": 73753000,
      "cogs": 114589000,
      "rd": null,
      "sga": 68481000,
      "fcf": 15121000,
      "ocf": 15121000,
      "capex": null,
      "gross_margin": 0.38064017469137135,
      "op_margin": -0.017998832508161634,
      "fcf_margin": 0.08172983374051412,
      "incr_op_margin_yoy": 0.34710224229864717,
      "rev_growth_yoy": -0.18839791365991254,
      "rev_growth_yoy_accel": 0.03188521056832319,
      "fcf_margin_change": 0.18605279657535728
    },
    {
      "date": "2023-01-28T00:00:00",
      "quarter_label": "2023-01 (Q1)",
      "revenue": 209461000,
      "gross_profit": 82780000,
      "operating_income": 7400000,
      "net_income": null,
      "opex": 75380000,
      "cogs": 126681000,
      "rd": null,
      "sga": 70578000,
      "fcf": 28813000,
      "ocf": 28813000,
      "capex": null,
      "gross_margin": 0.3952048352676632,
      "op_margin": 0.03532877242064155,
      "fcf_margin": 0.13755782699404662,
      "incr_op_margin_yoy": 0.16428140767302382,
      "rev_growth_yoy": -0.13077344443798916,
      "rev_growth_yoy_accel": 0.05762446922192338,
      "op_leverage_ratio": 5.990365757235023,
      "fcf_margin_change": 0.05582799325353249
    },
    {
      "date": "2023-04-29T00:00:00",
      "quarter_label": "2023-04 (Q2)",
      "revenue": 179688000,
      "gross_profit": 66029000,
      "operating_income": -9459000,
      "net_income": null,
      "opex": 75488000,
      "cogs": 113659000,
      "rd": null,
      "sga": 70807000,
      "fcf": -13055000,
      "ocf": -13055000,
      "capex": null,
      "gross_margin": 0.367464716619919,
      "op_margin": -0.05264124482436223,
      "fcf_margin": -0.0726537108766306,
      "incr_op_margin_yoy": 1.7215970834647878,
      "rev_growth_yoy": -0.13700742021468193,
      "rev_growth_yoy_accel": -0.006233975776692768,
      "fcf_margin_change": -0.2102115378706772
    },
    {
      "date": "2023-07-29T00:00:00",
      "quarter_label": "2023-07 (Q3)",
      "revenue": 173554000,
      "gross_profit": 66328000,
      "operating_income": -7923000,
      "net_income": null,
      "opex": 74251000,
      "cogs": 107226000,
      "rd": null,
      "sga": 69543000,
      "fcf": -16906000,
      "ocf": -16906000,
      "capex": null,
      "gross_margin": 0.38217500028809476,
      "op_margin": -0.04565149751662307,
      "fcf_margin": -0.09741060419235512,
      "incr_op_margin_yoy": 0.4008552976086577,
      "rev_growth_yoy": -0.06193111798153633,
      "rev_growth_yoy_accel": 0.0750763022331456,
      "fcf_margin_change": -0.024756893315724518
    },
    {
      "date": "2023-10-28T00:00:00",
      "quarter_label": "2023-10 (Q4)",
      "revenue": 179520000,
      "gross_profit": 68578000,
      "operating_income": -6003000,
      "net_income": null,
      "opex": 74581000,
      "cogs": 110942000,
      "rd": null,
      "sga": 69654000,
      "fcf": -2907000,
      "ocf": -2907000,
      "capex": null,
      "gross_margin": 0.38200757575757577,
      "op_margin": -0.03343917112299465,
      "fcf_margin": -0.01619318181818182,
      "incr_op_margin_yoy": 0.486707938820102,
      "rev_growth_yoy": -0.029684561001448555,
      "rev_growth_yoy_accel": 0.03224655698008778,
      "op_leverage_ratio": 7.734584502736203,
      "fcf_margin_change": 0.0812174223741733
    },
    {
      "date": "2024-02-03T00:00:00",
      "quarter_label": "2024-02 (Q1)",
      "revenue": 215179000,
      "gross_profit": 84182000,
      "operating_income": 3931000,
      "net_income": null,
      "opex": 80251000,
      "cogs": 130997000,
      "rd": null,
      "sga": 74526000,
      "fcf": 23291000,
      "ocf": 23291000,
      "capex": null,
      "gross_margin": 0.3912184739217117,
      "op_margin": 0.01826851133242556,
      "fcf_margin": 0.10824011636823296,
      "incr_op_margin_yoy": -0.6066806575725778,
      "rev_growth_yoy": 0.02729863793259843,
      "rev_growth_yoy_accel": 0.056983198934046984,
      "op_leverage_ratio": 2.61277170141345,
      "fcf_margin_change": 0.12443329818641477
    },
    {
      "date": "2024-05-04T00:00:00",
      "quarter_label": "2024-05 (Q2)",
      "revenue": 186289000,
      "gross_profit": 72035000,
      "operating_income": -6969000,
      "net_income": null,
      "opex": 79004000,
      "cogs": 114254000,
      "rd": null,
      "sga": 74211000,
      "fcf": -19614000,
      "ocf": -19614000,
      "capex": null,
      "gross_margin": 0.3866841305713166,
      "op_margin": -0.037409616241431326,
      "fcf_margin": -0.10528802022663711,
      "incr_op_margin_yoy": 0.37721557339797,
      "rev_growth_yoy": 0.0367358977783714,
      "rev_growth_yoy_accel": 0.009437259845772969,
      "fcf_margin_change": -0.21352813659487008
    },
    {
      "date": "2024-08-03T00:00:00",
      "quarter_label": "2024-08 (Q3)",
      "revenue": 176552000,
      "gross_profit": 54928000,
      "operating_income": -24895000,
      "net_income": null,
      "opex": 79823000,
      "cogs": 121624000,
      "rd": null,
      "sga": 73780000,
      "fcf": 5618000,
      "ocf": 5618000,
      "capex": null,
      "gross_margin": 0.3111151388825955,
      "op_margin": -0.1410066156146631,
      "fcf_margin": 0.031820653405229056,
      "incr_op_margin_yoy": -5.661107404936624,
      "rev_growth_yoy": 0.017274162508498794,
      "rev_growth_yoy_accel": -0.019461735269872604,
      "fcf_margin_change": 0.13710867363186616
    },
    {
      "date": "2024-11-02T00:00:00",
      "quarter_label": "2024-11 (Q4)",
      "revenue": 179066000,
      "gross_profit": 71233000,
      "operating_income": -8826000,
      "net_income": null,
      "opex": 80059000,
      "cogs": 107833000,
      "rd": null,
      "sga": 74730000,
      "fcf": -18352000,
      "ocf": -18352000,
      "capex": null,
      "gross_margin": 0.39780304468743366,
      "op_margin": -0.049289088939273785,
      "fcf_margin": -0.10248735103258017,
      "rev_growth_yoy": -0.0025289661319073085,
      "rev_growth_yoy_accel": -0.019803128640406103,
      "op_leverage_ratio": 4.8162461474835085,
      "fcf_margin_change": -0.13430800443780921
    },
    {
      "date": "2025-02-01T00:00:00",
      "quarter_label": "2025-02 (Q1)",
      "revenue": 211172000,
      "gross_profit": 83846000,
      "operating_income": 1202000,
      "net_income": null,
      "opex": 82644000,
      "cogs": 127326000,
      "rd": null,
      "sga": 77452000,
      "fcf": 28499000,
      "ocf": 28499000,
      "capex": null,
      "gross_margin": 0.3970507453639687,
      "op_margin": 0.0056920425056352164,
      "fcf_margin": 0.13495633890856742,
      "incr_op_margin_yoy": 0.681058148240579,
      "rev_growth_yoy": -0.01862170564971489,
      "rev_growth_yoy_accel": -0.01609273951780758,
      "op_leverage_ratio": 5.552936186545095,
      "fcf_margin_change": 0.2374436899411476
    },
    {
      "date": "2025-05-03T00:00:00",
      "quarter_label": "2025-05 (Q2)",
      "revenue": 201728000,
      "gross_profit": 79810000,
      "operating_income": 489000,
      "net_income": null,
      "opex": 79321000,
      "cogs": 121918000,
      "rd": null,
      "sga": 74887000,
      "fcf": -10969000,
      "ocf": -10969000,
      "capex": null,
      "gross_margin": 0.39563174175126903,
      "op_margin": 0.002424056154822335,
      "fcf_margin": -0.05437519828680203,
      "incr_op_margin_yoy": 0.4830623745061209,
      "rev_growth_yoy": 0.0828766057040405,
      "rev_growth_yoy_accel": 0.1014983113537554,
      "fcf_margin_change": -0.18933153719536946
    },
    {
      "date": "2025-08-02T00:00:00",
      "quarter_label": "2025-08 (Q3)",
      "revenue": 190750000,
      "gross_profit": 76273000,
      "operating_income": 3517000,
      "net_income": null,
      "opex": 72756000,
      "cogs": 114477000,
      "rd": null,
      "sga": 78905000,
      "fcf": 3855000,
      "ocf": 3855000,
      "capex": null,
      "gross_margin": 0.39985845347313237,
      "op_margin": 0.018437745740498033,
      "fcf_margin": 0.02020969855832241,
      "incr_op_margin_yoy": 2.001126919284406,
      "rev_growth_yoy": 0.08041823372150982,
      "rev_growth_yoy_accel": -0.0024583719825306827,
      "fcf_margin_change": 0.07458489684512444
    },
    {
      "date": "2025-11-01T00:00:00",
      "quarter_label": "2025-11 (Q4)",
      "revenue": 197091000,
      "gross_profit": 76629000,
      "operating_income": -7344000,
      "net_income": null,
      "opex": 83973000,
      "cogs": 120462000,
      "rd": null,
      "sga": 79346000,
      "fcf": 8581000,
      "ocf": 8581000,
      "capex": null,
      "gross_margin": 0.3888000974169292,
      "op_margin": -0.03726197543266816,
      "fcf_margin": 0.04353826405061621,
      "incr_op_margin_yoy": 0.08221914008321775,
      "rev_growth_yoy": 0.10066120871633923,
      "rev_growth_yoy_accel": 0.02024297499482941,
      "op_leverage_ratio": 0.21561814279509983,
      "fcf_margin_change": 0.023328565492293802
    }
  ],
  "signals": [
    {
      "quarter": "2025-08 (Q3)",
      "signal": "FCF TURNED POSITIVE",
      "detail": "FCF margin: -5.4% -> +2.0%",
      "severity": "HIGH"
    },
    {
      "quarter": "2025-08 (Q3)",
      "signal": "OP MARGIN TURNED POSITIVE (YoY)",
      "detail": "Op margin: -14.1% (year-ago) -> +1.8%",
      "severity": "HIGH"
    },
    {
      "quarter": "2025-05 (Q2)",
      "signal": "YoY REVENUE GROWTH ACCELERATION",
      "detail": "YoY growth: +8.3% vs prior quarter YoY: -1.9% (accel: +10.1%)",
      "severity": "MEDIUM"
    },
    {
      "quarter": "2025-05 (Q2)",
      "signal": "OP MARGIN TURNED POSITIVE (YoY)",
      "detail": "Op margin: -3.7% (year-ago) -> +0.2%",
      "severity": "HIGH"
    },
    {
      "quarter": "2025-02 (Q1)",
      "signal": "FCF TURNED POSITIVE",
      "detail": "FCF margin: -10.2% -> +13.5%",
      "severity": "HIGH"
    },
    {
      "quarter": "2025-02 (Q1)",
      "signal": "OPERATING LEVERAGE",
      "detail": "Rev growth +17.9% vs OpEx growth +3.2% (leverage: 5.6x)",
      "severity": "MEDIUM"
    },
    {
      "quarter": "2025-02 (Q1)",
      "signal": "INCREMENTAL MARGIN (YoY)",
      "detail": "YoY Incr OPM: +68.1% vs year-ago OPM: +1.8%",
      "severity": "HIGH"
    },
    {
      "quarter": "2025-02 (Q1)",
      "signal": "OP MARGIN TURNED POSITIVE (QoQ)",
      "detail": "Op margin: -4.9% -> +0.6%",
      "severity": "HIGH"
    },
    {
      "quarter": "2024-11 (Q4)",
      "signal": "OPERATING LEVERAGE",
      "detail": "Rev growth +1.4% vs OpEx growth +0.3% (leverage: 4.8x)",
      "severity": "MEDIUM"
    },
    {
      "quarter": "2024-11 (Q4)",
      "signal": "GROSS MARGIN INFLECTION",
      "detail": "GM: +38.7% -> +31.1% -> +39.8% (reversal +8.7%)",
      "severity": "HIGH"
    },
    {
      "quarter": "2024-08 (Q3)",
      "signal": "FCF TURNED POSITIVE",
      "detail": "FCF margin: -10.5% -> +3.2%",
      "severity": "HIGH"
    },
    {
      "quarter": "2024-02 (Q1)",
      "signal": "FCF TURNED POSITIVE",
      "detail": "FCF margin: -1.6% -> +10.8%",
      "severity": "HIGH"
    },
    {
      "quarter": "2024-02 (Q1)",
      "signal": "OPERATING LEVERAGE",
      "detail": "Rev growth +19.9% vs OpEx growth +7.6% (leverage: 2.6x)",
      "severity": "MEDIUM"
    },
    {
      "quarter": "2024-02 (Q1)",
      "signal": "YoY REVENUE GROWTH ACCELERATION",
      "detail": "YoY growth: +2.7% vs prior quarter YoY: -3.0% (accel: +5.7%)",
      "severity": "MEDIUM"
    },
    {
      "quarter": "2024-02 (Q1)",
      "signal": "OP MARGIN TURNED POSITIVE (QoQ)",
      "detail": "Op margin: -3.3% -> +1.8%",
      "severity": "HIGH"
    },
    {
      "quarter": "2023-10 (Q4)",
      "signal": "FCF MARGIN EXPANSION",
      "detail": "FCF margin: -9.7% -> -1.6% (+8.1%)",
      "severity": "MEDIUM"
    },
    {
      "quarter": "2023-10 (Q4)",
      "signal": "OPERATING LEVERAGE",
      "detail": "Rev growth +3.4% vs OpEx growth +0.4% (leverage: 7.7x)",
      "severity": "MEDIUM"
    },
    {
      "quarter": "2023-07 (Q3)",
      "signal": "YoY REVENUE GROWTH ACCELERATION",
      "detail": "YoY growth: -6.2% vs prior quarter YoY: -13.7% (accel: +7.5%)",
      "severity": "MEDIUM"
    },
    {
      "quarter": "2023-01 (Q1)",
      "signal": "FCF MARGIN EXPANSION",
      "detail": "FCF margin: +8.2% -> +13.8% (+5.6%)",
      "severity": "MEDIUM"
    },
    {
      "quarter": "2023-01 (Q1)",
      "signal": "OPERATING LEVERAGE",
      "detail": "Rev growth +13.2% vs OpEx growth +2.2% (leverage: 6.0x)",
      "severity": "MEDIUM"
    },
    {
      "quarter": "2023-01 (Q1)",
      "signal": "YoY REVENUE GROWTH ACCELERATION",
      "detail": "YoY growth: -13.1% vs prior quarter YoY: -18.8% (accel: +5.8%)",
      "severity": "MEDIUM"
    },
    {
      "quarter": "2023-01 (Q1)",
      "signal": "INCREMENTAL MARGIN (YoY)",
      "detail": "YoY Incr OPM: +16.4% vs year-ago OPM: +5.2%",
      "severity": "MEDIUM"
    },
    {
      "quarter": "2023-01 (Q1)",
      "signal": "OP MARGIN TURNED POSITIVE (QoQ)",
      "detail": "Op margin: -1.8% -> +3.5%",
      "severity": "HIGH"
    },
    {
      "quarter": "2022-10 (Q4)",
      "signal": "FCF TURNED POSITIVE",
      "detail": "FCF margin: -10.4% -> +8.2%",
      "severity": "HIGH"
    },
    {
      "quarter": "2022-07 (Q3)",
      "signal": "YoY REVENUE GROWTH ACCELERATION",
      "detail": "YoY growth: -22.0% vs prior quarter YoY: -27.0% (accel: +5.0%)",
      "severity": "MEDIUM"
    },
    {
      "quarter": "2022-04 (Q2)",
      "signal": "YoY REVENUE GROWTH DECELERATION",
      "detail": "YoY growth: -27.0% vs prior quarter YoY: -4.3% (decel: -22.7%)",
      "severity": "WARNING"
    },
    {
      "quarter": "2022-01 (Q1)",
      "signal": "FCF TURNED POSITIVE",
      "detail": "FCF margin: -0.9% -> +8.1%",
      "severity": "HIGH"
    },
    {
      "quarter": "2022-01 (Q1)",
      "signal": "INCREMENTAL MARGIN (YoY)",
      "detail": "YoY Incr OPM: +101.6% vs year-ago OPM: +9.4%",
      "severity": "HIGH"
    }
  ],
  "data_quality": {
    "n_quarters": 20,
    "coverage": {
      "revenue": [
        20,
        20
      ],
      "gross_profit": [
        20,
        20
      ],
      "op_income": [
        20,
        20
      ],
      "fcf": [
        20,
        20
      ]
    },
    "gaps": [],
    "warnings": []
  },
  "market_cap": null,
  "source": "SEC EDGAR",
  "last_updated": "2026-02-02T22:39:35.172129"
}