{
  "ticker": "CTVA",
  "name": "Corteva, Inc.",
  "quarters": [
    {
      "date": "2020-12-31T00:00:00",
      "quarter_label": "2020-12 (Q4)",
      "revenue": 3207000000,
      "gross_profit": 1095000000,
      "operating_income": null,
      "net_income": 41000000,
      "opex": null,
      "cogs": 2112000000,
      "rd": 305000000,
      "sga": 724000000,
      "fcf": 3301000000,
      "ocf": 3301000000,
      "capex": null,
      "gross_margin": 0.3414405986903648,
      "op_margin": null,
      "fcf_margin": 1.0293108824446524
    },
    {
      "date": "2021-03-31T00:00:00",
      "quarter_label": "2021-03 (Q1)",
      "revenue": 4178000000,
      "gross_profit": 1758000000,
      "operating_income": null,
      "net_income": 600000000,
      "opex": null,
      "cogs": 2420000000,
      "rd": 281000000,
      "sga": 733000000,
      "fcf": -1950000000,
      "ocf": -1950000000,
      "capex": null,
      "gross_margin": 0.42077549066539016,
      "op_margin": null,
      "fcf_margin": -0.46673049305887987,
      "fcf_margin_change": -1.4960413755035322
    },
    {
      "date": "2021-06-30T00:00:00",
      "quarter_label": "2021-06 (Q2)",
      "revenue": 5627000000,
      "gross_profit": 2617000000,
      "operating_income": null,
      "net_income": 970000000,
      "opex": null,
      "cogs": 3010000000,
      "rd": 293000000,
      "sga": 998000000,
      "fcf": 1307000000,
      "ocf": 1307000000,
      "capex": null,
      "gross_margin": 0.4650790829927137,
      "op_margin": null,
      "fcf_margin": 0.23227296961080504,
      "fcf_margin_change": 0.6990034626696849
    },
    {
      "date": "2021-09-30T00:00:00",
      "quarter_label": "2021-09 (Q3)",
      "revenue": 2371000000,
      "gross_profit": 813000000,
      "operating_income": null,
      "net_income": 30000000,
      "opex": null,
      "cogs": 1558000000,
      "rd": 297000000,
      "sga": 672000000,
      "fcf": -176000000,
      "ocf": -176000000,
      "capex": null,
      "gross_margin": 0.34289329396878954,
      "op_margin": null,
      "fcf_margin": -0.07423028258118937,
      "fcf_margin_change": -0.3065032521919944
    },
    {
      "date": "2021-12-31T00:00:00",
      "quarter_label": "2021-12 (Q4)",
      "revenue": 3479000000,
      "gross_profit": 1247000000,
      "operating_income": null,
      "net_income": 159000000,
      "opex": null,
      "cogs": 2232000000,
      "rd": 316000000,
      "sga": 806000000,
      "fcf": 3546000000,
      "ocf": 3546000000,
      "capex": null,
      "gross_margin": 0.35843633227939065,
      "op_margin": null,
      "fcf_margin": 1.0192584075883875,
      "rev_growth_yoy": 0.08481446835048331,
      "fcf_margin_change": 1.0934886901695768
    },
    {
      "date": "2022-03-31T00:00:00",
      "quarter_label": "2022-03 (Q1)",
      "revenue": 4601000000,
      "gross_profit": 1877000000,
      "operating_income": null,
      "net_income": 564000000,
      "opex": null,
      "cogs": 2724000000,
      "rd": 268000000,
      "sga": 735000000,
      "fcf": -2730000000,
      "ocf": -2730000000,
      "capex": null,
      "gross_margin": 0.40795479243642685,
      "op_margin": null,
      "fcf_margin": -0.5933492718974136,
      "rev_growth_yoy": 0.10124461464815701,
      "rev_growth_yoy_accel": 0.016430146297673698,
      "fcf_margin_change": -1.612607679485801
    },
    {
      "date": "2022-06-30T00:00:00",
      "quarter_label": "2022-06 (Q2)",
      "revenue": 6252000000,
      "gross_profit": 2929000000,
      "operating_income": null,
      "net_income": 969000000,
      "opex": null,
      "cogs": 3323000000,
      "rd": 296000000,
      "sga": 1017000000,
      "fcf": 1109000000,
      "ocf": 1109000000,
      "capex": null,
      "gross_margin": 0.46849008317338453,
      "op_margin": null,
      "fcf_margin": 0.17738323736404352,
      "rev_growth_yoy": 0.11107161897991825,
      "rev_growth_yoy_accel": 0.009827004331761244,
      "fcf_margin_change": 0.7707325092614571
    },
    {
      "date": "2022-09-30T00:00:00",
      "quarter_label": "2022-09 (Q3)",
      "revenue": 2777000000,
      "gross_profit": 898000000,
      "operating_income": null,
      "net_income": -331000000,
      "opex": null,
      "cogs": 1879000000,
      "rd": 312000000,
      "sga": 657000000,
      "fcf": -525000000,
      "ocf": -525000000,
      "capex": null,
      "gross_margin": 0.3233705437522506,
      "op_margin": null,
      "fcf_margin": -0.1890529348217501,
      "rev_growth_yoy": 0.1712357654997891,
      "rev_growth_yoy_accel": 0.060164146519870856,
      "fcf_margin_change": -0.3664361721857936
    },
    {
      "date": "2022-12-31T00:00:00",
      "quarter_label": "2022-12 (Q4)",
      "revenue": 3825000000,
      "gross_profit": 1315000000,
      "operating_income": null,
      "net_income": -55000000,
      "opex": null,
      "cogs": 2510000000,
      "rd": 340000000,
      "sga": 764000000,
      "fcf": 3018000000,
      "ocf": 3018000000,
      "capex": null,
      "gross_margin": 0.3437908496732026,
      "op_margin": null,
      "fcf_margin": 0.7890196078431373,
      "rev_growth_yoy": 0.09945386605346364,
      "rev_growth_yoy_accel": -0.07178189944632547,
      "fcf_margin_change": 0.9780725426648874
    },
    {
      "date": "2023-03-31T00:00:00",
      "quarter_label": "2023-03 (Q1)",
      "revenue": 4884000000,
      "gross_profit": 2113000000,
      "operating_income": null,
      "net_income": 595000000,
      "opex": null,
      "cogs": 2771000000,
      "rd": 316000000,
      "sga": 726000000,
      "fcf": -3311000000,
      "ocf": -3311000000,
      "capex": null,
      "gross_margin": 0.43263718263718265,
      "op_margin": null,
      "fcf_margin": -0.6779279279279279,
      "rev_growth_yoy": 0.06150836774614214,
      "rev_growth_yoy_accel": -0.037945498307321496,
      "fcf_margin_change": -1.466947535771065
    },
    {
      "date": "2023-06-30T00:00:00",
      "quarter_label": "2023-06 (Q2)",
      "revenue": 6045000000,
      "gross_profit": 2908000000,
      "operating_income": null,
      "net_income": 714000000,
      "opex": null,
      "cogs": 3137000000,
      "rd": 329000000,
      "sga": 1045000000,
      "fcf": 812000000,
      "ocf": 812000000,
      "capex": null,
      "gross_margin": 0.48105872622001655,
      "op_margin": null,
      "fcf_margin": 0.13432588916459884,
      "rev_growth_yoy": -0.033109404990403074,
      "rev_growth_yoy_accel": -0.09461777273654522,
      "fcf_margin_change": 0.8122538170925268
    },
    {
      "date": "2023-09-30T00:00:00",
      "quarter_label": "2023-09 (Q3)",
      "revenue": 2590000000,
      "gross_profit": 944000000,
      "operating_income": null,
      "net_income": -321000000,
      "opex": null,
      "cogs": 1646000000,
      "rd": 335000000,
      "sga": 670000000,
      "fcf": -105000000,
      "ocf": -105000000,
      "capex": null,
      "gross_margin": 0.3644787644787645,
      "op_margin": null,
      "fcf_margin": -0.04054054054054054,
      "rev_growth_yoy": -0.06733885487936622,
      "rev_growth_yoy_accel": -0.03422944988896315,
      "fcf_margin_change": -0.17486642970513938
    },
    {
      "date": "2023-12-31T00:00:00",
      "quarter_label": "2023-12 (Q4)",
      "revenue": 3707000000,
      "gross_profit": 1341000000,
      "operating_income": null,
      "net_income": -253000000,
      "opex": null,
      "cogs": 2366000000,
      "rd": 357000000,
      "sga": 735000000,
      "fcf": 4373000000,
      "ocf": 4373000000,
      "capex": null,
      "gross_margin": 0.36174804424062584,
      "op_margin": null,
      "fcf_margin": 1.1796601025087672,
      "rev_growth_yoy": -0.030849673202614378,
      "rev_growth_yoy_accel": 0.036489181676751845,
      "fcf_margin_change": 1.2202006430493078
    },
    {
      "date": "2024-03-31T00:00:00",
      "quarter_label": "2024-03 (Q1)",
      "revenue": 4492000000,
      "gross_profit": 1942000000,
      "operating_income": null,
      "net_income": 419000000,
      "opex": null,
      "cogs": 2550000000,
      "rd": 332000000,
      "sga": 736000000,
      "fcf": -2609000000,
      "ocf": -2609000000,
      "capex": null,
      "gross_margin": 0.43232413178984863,
      "op_margin": null,
      "fcf_margin": -0.5808103294746215,
      "rev_growth_yoy": -0.08026208026208026,
      "rev_growth_yoy_accel": -0.04941240705946588,
      "fcf_margin_change": -1.7604704319833888
    },
    {
      "date": "2024-06-30T00:00:00",
      "quarter_label": "2024-06 (Q2)",
      "revenue": 6112000000,
      "gross_profit": 3194000000,
      "operating_income": null,
      "net_income": 1053000000,
      "opex": null,
      "cogs": 2918000000,
      "rd": 357000000,
      "sga": 1054000000,
      "fcf": 451000000,
      "ocf": 451000000,
      "capex": null,
      "gross_margin": 0.5225785340314136,
      "op_margin": null,
      "fcf_margin": 0.0737892670157068,
      "rev_growth_yoy": 0.011083540115798181,
      "rev_growth_yoy_accel": 0.09134562037787844,
      "fcf_margin_change": 0.6545995964903283
    },
    {
      "date": "2024-09-30T00:00:00",
      "quarter_label": "2024-09 (Q3)",
      "revenue": 2326000000,
      "gross_profit": 761000000,
      "operating_income": null,
      "net_income": -524000000,
      "opex": null,
      "cogs": 1565000000,
      "rd": 348000000,
      "sga": 671000000,
      "fcf": 130000000,
      "ocf": 130000000,
      "capex": null,
      "gross_margin": 0.3271711092003439,
      "op_margin": null,
      "fcf_margin": 0.05588993981083405,
      "rev_growth_yoy": -0.10193050193050193,
      "rev_growth_yoy_accel": -0.11301404204630011,
      "fcf_margin_change": -0.01789932720487275
    },
    {
      "date": "2024-12-31T00:00:00",
      "quarter_label": "2024-12 (Q4)",
      "revenue": 3978000000,
      "gross_profit": 1482000000,
      "operating_income": null,
      "net_income": -41000000,
      "opex": null,
      "cogs": 2496000000,
      "rd": 365000000,
      "sga": 735000000,
      "fcf": 4173000000,
      "ocf": 4173000000,
      "capex": null,
      "gross_margin": 0.37254901960784315,
      "op_margin": null,
      "fcf_margin": 1.0490196078431373,
      "rev_growth_yoy": 0.07310493660642028,
      "rev_growth_yoy_accel": 0.17503543853692222,
      "fcf_margin_change": 0.9931296680323033
    },
    {
      "date": "2025-03-31T00:00:00",
      "quarter_label": "2025-03 (Q1)",
      "revenue": 4417000000,
      "gross_profit": 2075000000,
      "operating_income": null,
      "net_income": 652000000,
      "opex": null,
      "cogs": 2342000000,
      "rd": 335000000,
      "sga": 751000000,
      "fcf": -2109000000,
      "ocf": -2109000000,
      "capex": null,
      "gross_margin": 0.46977586597237947,
      "op_margin": null,
      "fcf_margin": -0.4774733982340955,
      "rev_growth_yoy": -0.016696349065004452,
      "rev_growth_yoy_accel": -0.08980128567142473,
      "fcf_margin_change": -1.5264930060772328
    },
    {
      "date": "2025-06-30T00:00:00",
      "quarter_label": "2025-06 (Q2)",
      "revenue": 6456000000,
      "gross_profit": 3524000000,
      "operating_income": null,
      "net_income": 1314000000,
      "opex": null,
      "cogs": 2932000000,
      "rd": 375000000,
      "sga": 1156000000,
      "fcf": 947000000,
      "ocf": 947000000,
      "capex": null,
      "gross_margin": 0.5458488228004956,
      "op_margin": null,
      "fcf_margin": 0.14668525402726146,
      "rev_growth_yoy": 0.056282722513089,
      "rev_growth_yoy_accel": 0.07297907157809345,
      "fcf_margin_change": 0.6241586522613569
    },
    {
      "date": "2025-09-30T00:00:00",
      "quarter_label": "2025-09 (Q3)",
      "revenue": 2618000000,
      "gross_profit": 974000000,
      "operating_income": null,
      "net_income": -320000000,
      "opex": null,
      "cogs": 1644000000,
      "rd": 351000000,
      "sga": 725000000,
      "fcf": 193000000,
      "ocf": 193000000,
      "capex": null,
      "gross_margin": 0.37203972498090143,
      "op_margin": null,
      "fcf_margin": 0.07372039724980901,
      "rev_growth_yoy": 0.12553740326741186,
      "rev_growth_yoy_accel": 0.06925468075432287,
      "fcf_margin_change": -0.07296485677745244
    }
  ],
  "signals": [
    {
      "quarter": "2025-09 (Q3)",
      "signal": "YoY REVENUE GROWTH ACCELERATION",
      "detail": "YoY growth: +12.6% vs prior quarter YoY: +5.6% (accel: +6.9%)",
      "severity": "MEDIUM"
    },
    {
      "quarter": "2025-06 (Q2)",
      "signal": "FCF TURNED POSITIVE",
      "detail": "FCF margin: -47.7% -> +14.7%",
      "severity": "HIGH"
    },
    {
      "quarter": "2025-06 (Q2)",
      "signal": "YoY REVENUE GROWTH ACCELERATION",
      "detail": "YoY growth: +5.6% vs prior quarter YoY: -1.7% (accel: +7.3%)",
      "severity": "MEDIUM"
    },
    {
      "quarter": "2025-03 (Q1)",
      "signal": "YoY REVENUE GROWTH DECELERATION",
      "detail": "YoY growth: -1.7% vs prior quarter YoY: +7.3% (decel: -9.0%)",
      "severity": "WARNING"
    },
    {
      "quarter": "2024-12 (Q4)",
      "signal": "FCF MARGIN EXPANSION",
      "detail": "FCF margin: +5.6% -> +104.9% (+99.3%)",
      "severity": "MEDIUM"
    },
    {
      "quarter": "2024-12 (Q4)",
      "signal": "GROSS MARGIN INFLECTION",
      "detail": "GM: +52.3% -> +32.7% -> +37.3% (reversal +4.5%)",
      "severity": "MEDIUM"
    },
    {
      "quarter": "2024-12 (Q4)",
      "signal": "YoY REVENUE GROWTH ACCELERATION",
      "detail": "YoY growth: +7.3% vs prior quarter YoY: -10.2% (accel: +17.5%)",
      "severity": "HIGH"
    },
    {
      "quarter": "2024-09 (Q3)",
      "signal": "YoY REVENUE GROWTH DECELERATION",
      "detail": "YoY growth: -10.2% vs prior quarter YoY: +1.1% (decel: -11.3%)",
      "severity": "WARNING"
    },
    {
      "quarter": "2024-06 (Q2)",
      "signal": "FCF TURNED POSITIVE",
      "detail": "FCF margin: -58.1% -> +7.4%",
      "severity": "HIGH"
    },
    {
      "quarter": "2024-06 (Q2)",
      "signal": "YoY REVENUE GROWTH ACCELERATION",
      "detail": "YoY growth: +1.1% vs prior quarter YoY: -8.0% (accel: +9.1%)",
      "severity": "MEDIUM"
    },
    {
      "quarter": "2024-03 (Q1)",
      "signal": "GROSS MARGIN INFLECTION",
      "detail": "GM: +36.4% -> +36.2% -> +43.2% (reversal +7.1%)",
      "severity": "HIGH"
    },
    {
      "quarter": "2023-12 (Q4)",
      "signal": "FCF TURNED POSITIVE",
      "detail": "FCF margin: -4.1% -> +118.0%",
      "severity": "HIGH"
    },
    {
      "quarter": "2023-06 (Q2)",
      "signal": "FCF TURNED POSITIVE",
      "detail": "FCF margin: -67.8% -> +13.4%",
      "severity": "HIGH"
    },
    {
      "quarter": "2023-06 (Q2)",
      "signal": "YoY REVENUE GROWTH DECELERATION",
      "detail": "YoY growth: -3.3% vs prior quarter YoY: +6.2% (decel: -9.5%)",
      "severity": "WARNING"
    },
    {
      "quarter": "2022-12 (Q4)",
      "signal": "FCF TURNED POSITIVE",
      "detail": "FCF margin: -18.9% -> +78.9%",
      "severity": "HIGH"
    },
    {
      "quarter": "2022-12 (Q4)",
      "signal": "GROSS MARGIN INFLECTION",
      "detail": "GM: +46.8% -> +32.3% -> +34.4% (reversal +2.0%)",
      "severity": "MEDIUM"
    },
    {
      "quarter": "2022-12 (Q4)",
      "signal": "YoY REVENUE GROWTH DECELERATION",
      "detail": "YoY growth: +9.9% vs prior quarter YoY: +17.1% (decel: -7.2%)",
      "severity": "WARNING"
    },
    {
      "quarter": "2022-09 (Q3)",
      "signal": "YoY REVENUE GROWTH ACCELERATION",
      "detail": "YoY growth: +17.1% vs prior quarter YoY: +11.1% (accel: +6.0%)",
      "severity": "MEDIUM"
    },
    {
      "quarter": "2022-06 (Q2)",
      "signal": "FCF TURNED POSITIVE",
      "detail": "FCF margin: -59.3% -> +17.7%",
      "severity": "HIGH"
    },
    {
      "quarter": "2021-12 (Q4)",
      "signal": "FCF TURNED POSITIVE",
      "detail": "FCF margin: -7.4% -> +101.9%",
      "severity": "HIGH"
    },
    {
      "quarter": "2021-06 (Q2)",
      "signal": "FCF TURNED POSITIVE",
      "detail": "FCF margin: -46.7% -> +23.2%",
      "severity": "HIGH"
    }
  ],
  "data_quality": {
    "n_quarters": 20,
    "coverage": {
      "revenue": [
        20,
        20
      ],
      "gross_profit": [
        20,
        20
      ],
      "op_income": [
        0,
        20
      ],
      "fcf": [
        20,
        20
      ]
    },
    "gaps": [],
    "warnings": [
      "op_income: no data"
    ]
  },
  "market_cap": null,
  "source": "SEC EDGAR",
  "last_updated": "2026-02-02T20:00:03.165548",
  "sector": "Basic Materials",
  "industry": "Agricultural Inputs"
}