{
  "ticker": "CUBE",
  "name": "CUBESMART",
  "quarters": [
    {
      "date": "2020-12-31T00:00:00",
      "quarter_label": "2020-12 (Q4)",
      "revenue": 178787000,
      "gross_profit": 123339000,
      "operating_income": null,
      "net_income": null,
      "opex": 104528000,
      "cogs": 55448000,
      "rd": null,
      "sga": null,
      "fcf": 83202000,
      "ocf": 83202000,
      "capex": null,
      "gross_margin": 0.6898655942546158,
      "op_margin": null,
      "fcf_margin": 0.4653694060530128
    },
    {
      "date": "2021-03-31T00:00:00",
      "quarter_label": "2021-03 (Q1)",
      "revenue": 188841000,
      "gross_profit": 127613000,
      "operating_income": null,
      "net_income": null,
      "opex": 125954000,
      "cogs": 61228000,
      "rd": null,
      "sga": null,
      "fcf": 98182000,
      "ocf": 98182000,
      "capex": null,
      "gross_margin": 0.6757695627538511,
      "op_margin": null,
      "fcf_margin": 0.5199188735497058,
      "op_leverage_ratio": 0.27434337942303727,
      "fcf_margin_change": 0.05454946749669298
    },
    {
      "date": "2021-06-30T00:00:00",
      "quarter_label": "2021-06 (Q2)",
      "revenue": 199247000,
      "gross_profit": 135496000,
      "operating_income": null,
      "net_income": null,
      "opex": 129450000,
      "cogs": 63751000,
      "rd": null,
      "sga": null,
      "fcf": 119176000,
      "ocf": 119176000,
      "capex": null,
      "gross_margin": 0.6800403519249976,
      "op_margin": null,
      "fcf_margin": 0.5981319668552099,
      "op_leverage_ratio": 1.9853088120323323,
      "fcf_margin_change": 0.07821309330550408
    },
    {
      "date": "2021-09-30T00:00:00",
      "quarter_label": "2021-09 (Q3)",
      "revenue": 212564000,
      "gross_profit": 148499000,
      "operating_income": null,
      "net_income": null,
      "opex": 132031000,
      "cogs": 64065000,
      "rd": null,
      "sga": null,
      "fcf": 125582000,
      "ocf": 125582000,
      "capex": null,
      "gross_margin": 0.6986084191114206,
      "op_margin": null,
      "fcf_margin": 0.5907961837376038,
      "op_leverage_ratio": 3.3521902524025817,
      "fcf_margin_change": -0.007335783117606076
    },
    {
      "date": "2021-12-31T00:00:00",
      "quarter_label": "2021-12 (Q4)",
      "revenue": 221912000,
      "gross_profit": 158852000,
      "operating_income": null,
      "net_income": null,
      "opex": 144527000,
      "cogs": 63060000,
      "rd": null,
      "sga": null,
      "fcf": 106245000,
      "ocf": 106245000,
      "capex": null,
      "gross_margin": 0.7158333032913948,
      "op_margin": null,
      "fcf_margin": 0.47877086412632036,
      "rev_growth_yoy": 0.24120881272128286,
      "op_leverage_ratio": 0.4646584997186115,
      "fcf_margin_change": -0.11202531961128342
    },
    {
      "date": "2022-03-31T00:00:00",
      "quarter_label": "2022-03 (Q1)",
      "revenue": 238565000,
      "gross_profit": 167998000,
      "operating_income": null,
      "net_income": null,
      "opex": 167649000,
      "cogs": 70567000,
      "rd": null,
      "sga": null,
      "fcf": 130735000,
      "ocf": 130735000,
      "capex": null,
      "gross_margin": 0.704202209041561,
      "op_margin": null,
      "fcf_margin": 0.5480057845870099,
      "rev_growth_yoy": 0.2633114630826992,
      "rev_growth_yoy_accel": 0.022102650361416343,
      "op_leverage_ratio": 0.4690674377044921,
      "fcf_margin_change": 0.06923492046068952
    },
    {
      "date": "2022-06-30T00:00:00",
      "quarter_label": "2022-06 (Q2)",
      "revenue": 248664000,
      "gross_profit": 175192000,
      "operating_income": null,
      "net_income": null,
      "opex": 166243000,
      "cogs": 73472000,
      "rd": null,
      "sga": null,
      "fcf": 153569000,
      "ocf": 153569000,
      "capex": null,
      "gross_margin": 0.7045330244828363,
      "op_margin": null,
      "fcf_margin": 0.6175763278962777,
      "rev_growth_yoy": 0.24801879074716307,
      "rev_growth_yoy_accel": -0.015292672335536134,
      "op_leverage_ratio": Infinity,
      "fcf_margin_change": 0.06957054330926782
    },
    {
      "date": "2022-09-30T00:00:00",
      "quarter_label": "2022-09 (Q3)",
      "revenue": 261408000,
      "gross_profit": 184680000,
      "operating_income": null,
      "net_income": null,
      "opex": 169692000,
      "cogs": 76728000,
      "rd": null,
      "sga": null,
      "fcf": 162192000,
      "ocf": 162192000,
      "capex": null,
      "gross_margin": 0.706481821520382,
      "op_margin": null,
      "fcf_margin": 0.620455380095483,
      "rev_growth_yoy": 0.22978491183831692,
      "rev_growth_yoy_accel": -0.018233878908846146,
      "op_leverage_ratio": 2.470262016137696,
      "fcf_margin_change": 0.0028790521992052565
    },
    {
      "date": "2022-12-31T00:00:00",
      "quarter_label": "2022-12 (Q4)",
      "revenue": 260987000,
      "gross_profit": 188494000,
      "operating_income": null,
      "net_income": null,
      "opex": 154909000,
      "cogs": 72493000,
      "rd": null,
      "sga": null,
      "fcf": 144970000,
      "ocf": 144970000,
      "capex": null,
      "gross_margin": 0.7222352071175959,
      "op_margin": null,
      "fcf_margin": 0.5554682800292735,
      "rev_growth_yoy": 0.17608331230397636,
      "rev_growth_yoy_accel": -0.05370159953434056,
      "fcf_margin_change": -0.06498710006620945
    },
    {
      "date": "2023-03-31T00:00:00",
      "quarter_label": "2023-03 (Q1)",
      "revenue": 256528000,
      "gross_profit": 185401000,
      "operating_income": null,
      "net_income": null,
      "opex": 136130000,
      "cogs": 71127000,
      "rd": null,
      "sga": null,
      "fcf": 136706000,
      "ocf": 136706000,
      "capex": null,
      "gross_margin": 0.7227320214557476,
      "op_margin": null,
      "fcf_margin": 0.5329086883303187,
      "rev_growth_yoy": 0.07529604091128204,
      "rev_growth_yoy_accel": -0.10078727139269432,
      "fcf_margin_change": -0.02255959169895483
    },
    {
      "date": "2023-06-30T00:00:00",
      "quarter_label": "2023-06 (Q2)",
      "revenue": 260805000,
      "gross_profit": 185984000,
      "operating_income": null,
      "net_income": null,
      "opex": 139504000,
      "cogs": 74821000,
      "rd": null,
      "sga": null,
      "fcf": 162376000,
      "ocf": 162376000,
      "capex": null,
      "gross_margin": 0.7131151626694273,
      "op_margin": null,
      "fcf_margin": 0.6225954257011944,
      "rev_growth_yoy": 0.048824920374481225,
      "rev_growth_yoy_accel": -0.02647112053680082,
      "op_leverage_ratio": 0.67268731982506,
      "fcf_margin_change": 0.08968673737087574
    },
    {
      "date": "2023-09-30T00:00:00",
      "quarter_label": "2023-09 (Q3)",
      "revenue": 267876000,
      "gross_profit": 190330000,
      "operating_income": null,
      "net_income": null,
      "opex": 141591000,
      "cogs": 77546000,
      "rd": null,
      "sga": null,
      "fcf": 169758000,
      "ocf": 169758000,
      "capex": null,
      "gross_margin": 0.7105153130552943,
      "op_margin": null,
      "fcf_margin": 0.6337185862115307,
      "rev_growth_yoy": 0.02474293059125964,
      "rev_growth_yoy_accel": -0.024081989783221583,
      "op_leverage_ratio": 1.8122960142745537,
      "fcf_margin_change": 0.011123160510336239
    },
    {
      "date": "2023-12-31T00:00:00",
      "quarter_label": "2023-12 (Q4)",
      "revenue": 265125000,
      "gross_profit": 193839000,
      "operating_income": null,
      "net_income": null,
      "opex": 135834000,
      "cogs": 71286000,
      "rd": null,
      "sga": null,
      "fcf": 142296000,
      "ocf": 142296000,
      "capex": null,
      "gross_margin": 0.7311230551626591,
      "op_margin": null,
      "fcf_margin": 0.5367128712871287,
      "rev_growth_yoy": 0.01585519585266699,
      "rev_growth_yoy_accel": -0.00888773473859265,
      "fcf_margin_change": -0.09700571492440191
    },
    {
      "date": "2024-03-31T00:00:00",
      "quarter_label": "2024-03 (Q1)",
      "revenue": 261406000,
      "gross_profit": 184369000,
      "operating_income": null,
      "net_income": null,
      "opex": 143379000,
      "cogs": 77037000,
      "rd": null,
      "sga": null,
      "fcf": 150150000,
      "ocf": 150150000,
      "capex": null,
      "gross_margin": 0.7052975065606757,
      "op_margin": null,
      "fcf_margin": 0.5743938547699746,
      "rev_growth_yoy": 0.019015468097049834,
      "rev_growth_yoy_accel": 0.0031602722443828425,
      "fcf_margin_change": 0.037680983482845876
    },
    {
      "date": "2024-06-30T00:00:00",
      "quarter_label": "2024-06 (Q2)",
      "revenue": 266209000,
      "gross_profit": 183112000,
      "operating_income": null,
      "net_income": null,
      "opex": 148754000,
      "cogs": 83097000,
      "rd": null,
      "sga": null,
      "fcf": 170862000,
      "ocf": 170862000,
      "capex": null,
      "gross_margin": 0.6878505234608897,
      "op_margin": null,
      "fcf_margin": 0.6418340476843383,
      "rev_growth_yoy": 0.02072046164759111,
      "rev_growth_yoy_accel": 0.0017049935505412776,
      "op_leverage_ratio": 0.4901219057088243,
      "fcf_margin_change": 0.06744019291436365
    },
    {
      "date": "2024-09-30T00:00:00",
      "quarter_label": "2024-09 (Q3)",
      "revenue": 270890000,
      "gross_profit": 189022000,
      "operating_income": null,
      "net_income": null,
      "opex": 147343000,
      "cogs": 81868000,
      "rd": null,
      "sga": null,
      "fcf": 145396000,
      "ocf": 145396000,
      "capex": null,
      "gross_margin": 0.6977813872789693,
      "op_margin": null,
      "fcf_margin": 0.5367344678651851,
      "rev_growth_yoy": 0.011251474562857442,
      "rev_growth_yoy_accel": -0.00946898708473367,
      "op_leverage_ratio": Infinity,
      "fcf_margin_change": -0.10509957981915319
    },
    {
      "date": "2024-12-31T00:00:00",
      "quarter_label": "2024-12 (Q4)",
      "revenue": 267726000,
      "gross_profit": 191978000,
      "operating_income": null,
      "net_income": null,
      "opex": 143640000,
      "cogs": 75748000,
      "rd": null,
      "sga": null,
      "fcf": 164666000,
      "ocf": 164666000,
      "capex": null,
      "gross_margin": 0.7170689436214638,
      "op_margin": null,
      "fcf_margin": 0.6150541972016166,
      "rev_growth_yoy": 0.009810466760961811,
      "rev_growth_yoy_accel": -0.0014410078018956309,
      "fcf_margin_change": 0.0783197293364315
    },
    {
      "date": "2025-03-31T00:00:00",
      "quarter_label": "2025-03 (Q1)",
      "revenue": 273036000,
      "gross_profit": 190102000,
      "operating_income": null,
      "net_income": null,
      "opex": 158158000,
      "cogs": 82934000,
      "rd": null,
      "sga": null,
      "fcf": 146321000,
      "ocf": 146321000,
      "capex": null,
      "gross_margin": 0.6962525088266749,
      "op_margin": null,
      "fcf_margin": 0.5359036903558505,
      "rev_growth_yoy": 0.04449018002647223,
      "rev_growth_yoy_accel": 0.03467971326551042,
      "op_leverage_ratio": 0.19623324069338985,
      "fcf_margin_change": -0.07915050684576608
    },
    {
      "date": "2025-06-30T00:00:00",
      "quarter_label": "2025-06 (Q2)",
      "revenue": 282303000,
      "gross_profit": 193275000,
      "operating_income": null,
      "net_income": null,
      "opex": 170413000,
      "cogs": 89028000,
      "rd": null,
      "sga": null,
      "fcf": 157479000,
      "ocf": 157479000,
      "capex": null,
      "gross_margin": 0.6846367201198712,
      "op_margin": null,
      "fcf_margin": 0.5578367923826527,
      "rev_growth_yoy": 0.06045625805288326,
      "rev_growth_yoy_accel": 0.015966078026411028,
      "op_leverage_ratio": 0.43802318525327333,
      "fcf_margin_change": 0.02193310202680221
    },
    {
      "date": "2025-09-30T00:00:00",
      "quarter_label": "2025-09 (Q3)",
      "revenue": 285080000,
      "gross_profit": 194232000,
      "operating_income": null,
      "net_income": null,
      "opex": 174042000,
      "cogs": 90848000,
      "rd": null,
      "sga": null,
      "fcf": 168221000,
      "ocf": 168221000,
      "capex": null,
      "gross_margin": 0.6813245404798653,
      "op_margin": null,
      "fcf_margin": 0.5900834853374491,
      "rev_growth_yoy": 0.052382886042304996,
      "rev_growth_yoy_accel": -0.008073372010578263,
      "fcf_margin_change": 0.03224669295479643
    }
  ],
  "signals": [
    {
      "quarter": "2024-12 (Q4)",
      "signal": "FCF MARGIN EXPANSION",
      "detail": "FCF margin: +53.7% -> +61.5% (+7.8%)",
      "severity": "MEDIUM"
    },
    {
      "quarter": "2024-06 (Q2)",
      "signal": "FCF MARGIN EXPANSION",
      "detail": "FCF margin: +57.4% -> +64.2% (+6.7%)",
      "severity": "MEDIUM"
    },
    {
      "quarter": "2023-12 (Q4)",
      "signal": "GROSS MARGIN INFLECTION",
      "detail": "GM: +71.3% -> +71.1% -> +73.1% (reversal +2.1%)",
      "severity": "MEDIUM"
    },
    {
      "quarter": "2023-09 (Q3)",
      "signal": "OPERATING LEVERAGE",
      "detail": "Rev growth +2.7% vs OpEx growth +1.5% (leverage: 1.8x)",
      "severity": "MEDIUM"
    },
    {
      "quarter": "2023-06 (Q2)",
      "signal": "FCF MARGIN EXPANSION",
      "detail": "FCF margin: +53.3% -> +62.3% (+9.0%)",
      "severity": "MEDIUM"
    },
    {
      "quarter": "2023-03 (Q1)",
      "signal": "YoY REVENUE GROWTH DECELERATION",
      "detail": "YoY growth: +7.5% vs prior quarter YoY: +17.6% (decel: -10.1%)",
      "severity": "WARNING"
    },
    {
      "quarter": "2022-12 (Q4)",
      "signal": "YoY REVENUE GROWTH DECELERATION",
      "detail": "YoY growth: +17.6% vs prior quarter YoY: +23.0% (decel: -5.4%)",
      "severity": "WARNING"
    },
    {
      "quarter": "2022-09 (Q3)",
      "signal": "OPERATING LEVERAGE",
      "detail": "Rev growth +5.1% vs OpEx growth +2.1% (leverage: 2.5x)",
      "severity": "MEDIUM"
    },
    {
      "quarter": "2022-06 (Q2)",
      "signal": "FCF MARGIN EXPANSION",
      "detail": "FCF margin: +54.8% -> +61.8% (+7.0%)",
      "severity": "MEDIUM"
    },
    {
      "quarter": "2022-03 (Q1)",
      "signal": "FCF MARGIN EXPANSION",
      "detail": "FCF margin: +47.9% -> +54.8% (+6.9%)",
      "severity": "MEDIUM"
    },
    {
      "quarter": "2021-09 (Q3)",
      "signal": "OPERATING LEVERAGE",
      "detail": "Rev growth +6.7% vs OpEx growth +2.0% (leverage: 3.4x)",
      "severity": "MEDIUM"
    },
    {
      "quarter": "2021-06 (Q2)",
      "signal": "FCF MARGIN EXPANSION",
      "detail": "FCF margin: +52.0% -> +59.8% (+7.8%)",
      "severity": "MEDIUM"
    },
    {
      "quarter": "2021-06 (Q2)",
      "signal": "OPERATING LEVERAGE",
      "detail": "Rev growth +5.5% vs OpEx growth +2.8% (leverage: 2.0x)",
      "severity": "MEDIUM"
    },
    {
      "quarter": "2021-03 (Q1)",
      "signal": "FCF MARGIN EXPANSION",
      "detail": "FCF margin: +46.5% -> +52.0% (+5.5%)",
      "severity": "MEDIUM"
    }
  ],
  "data_quality": {
    "n_quarters": 20,
    "coverage": {
      "revenue": [
        20,
        20
      ],
      "gross_profit": [
        20,
        20
      ],
      "op_income": [
        0,
        20
      ],
      "fcf": [
        20,
        20
      ]
    },
    "gaps": [],
    "warnings": [
      "op_income: no data"
    ]
  },
  "market_cap": null,
  "source": "SEC EDGAR",
  "last_updated": "2026-02-02T20:43:41.771067",
  "sector": "Real Estate",
  "industry": "REIT - Industrial"
}