{
  "ticker": "CUBI",
  "name": "Customers Bancorp, Inc.",
  "quarters": [
    {
      "date": "2018-03-31T00:00:00",
      "quarter_label": "2018-03 (Q1)",
      "revenue": 12949000,
      "gross_profit": null,
      "operating_income": null,
      "net_income": null,
      "opex": null,
      "cogs": null,
      "rd": null,
      "sga": null,
      "fcf": null,
      "ocf": null,
      "capex": null,
      "gross_margin": null,
      "op_margin": null,
      "fcf_margin": null
    },
    {
      "date": "2018-06-30T00:00:00",
      "quarter_label": "2018-06 (Q2)",
      "revenue": 9106000,
      "gross_profit": null,
      "operating_income": null,
      "net_income": null,
      "opex": null,
      "cogs": null,
      "rd": null,
      "sga": null,
      "fcf": null,
      "ocf": null,
      "capex": null,
      "gross_margin": null,
      "op_margin": null,
      "fcf_margin": null
    },
    {
      "date": "2018-09-30T00:00:00",
      "quarter_label": "2018-09 (Q3)",
      "revenue": 10297000,
      "gross_profit": null,
      "operating_income": null,
      "net_income": null,
      "opex": null,
      "cogs": null,
      "rd": null,
      "sga": null,
      "fcf": null,
      "ocf": null,
      "capex": null,
      "gross_margin": null,
      "op_margin": null,
      "fcf_margin": null
    },
    {
      "date": "2018-12-31T00:00:00",
      "quarter_label": "2018-12 (Q4)",
      "revenue": 10887000,
      "gross_profit": null,
      "operating_income": null,
      "net_income": null,
      "opex": null,
      "cogs": null,
      "rd": null,
      "sga": null,
      "fcf": null,
      "ocf": null,
      "capex": null,
      "gross_margin": null,
      "op_margin": null,
      "fcf_margin": null
    },
    {
      "date": "2019-03-31T00:00:00",
      "quarter_label": "2019-03 (Q1)",
      "revenue": 12349000,
      "gross_profit": null,
      "operating_income": null,
      "net_income": null,
      "opex": null,
      "cogs": null,
      "rd": null,
      "sga": null,
      "fcf": null,
      "ocf": null,
      "capex": null,
      "gross_margin": null,
      "op_margin": null,
      "fcf_margin": null,
      "rev_growth_yoy": -0.04633562437253842
    },
    {
      "date": "2019-06-30T00:00:00",
      "quarter_label": "2019-06 (Q2)",
      "revenue": 11243000,
      "gross_profit": null,
      "operating_income": null,
      "net_income": null,
      "opex": null,
      "cogs": null,
      "rd": null,
      "sga": null,
      "fcf": null,
      "ocf": null,
      "capex": null,
      "gross_margin": null,
      "op_margin": null,
      "fcf_margin": null,
      "rev_growth_yoy": 0.23468043048539425,
      "rev_growth_yoy_accel": 0.2810160548579327
    },
    {
      "date": "2019-09-30T00:00:00",
      "quarter_label": "2019-09 (Q3)",
      "revenue": 11779000,
      "gross_profit": null,
      "operating_income": null,
      "net_income": null,
      "opex": null,
      "cogs": null,
      "rd": null,
      "sga": null,
      "fcf": null,
      "ocf": null,
      "capex": null,
      "gross_margin": null,
      "op_margin": null,
      "fcf_margin": null,
      "rev_growth_yoy": 0.14392541516946683,
      "rev_growth_yoy_accel": -0.09075501531592742
    },
    {
      "date": "2019-12-31T00:00:00",
      "quarter_label": "2019-12 (Q4)",
      "revenue": 11350000,
      "gross_profit": null,
      "operating_income": null,
      "net_income": null,
      "opex": null,
      "cogs": null,
      "rd": null,
      "sga": null,
      "fcf": 43597000,
      "ocf": 43597000,
      "capex": null,
      "gross_margin": null,
      "op_margin": null,
      "fcf_margin": 3.841145374449339,
      "rev_growth_yoy": 0.04252778543216681,
      "rev_growth_yoy_accel": -0.10139762973730002
    },
    {
      "date": "2020-03-31T00:00:00",
      "quarter_label": "2020-03 (Q1)",
      "revenue": 11553000,
      "gross_profit": null,
      "operating_income": null,
      "net_income": null,
      "opex": null,
      "cogs": null,
      "rd": null,
      "sga": null,
      "fcf": -35141000,
      "ocf": -35141000,
      "capex": null,
      "gross_margin": null,
      "op_margin": null,
      "fcf_margin": -3.04172076516922,
      "rev_growth_yoy": -0.06445866062029314,
      "rev_growth_yoy_accel": -0.10698644605245994,
      "fcf_margin_change": -6.882866139618559
    },
    {
      "date": "2020-06-30T00:00:00",
      "quarter_label": "2020-06 (Q2)",
      "revenue": 11195000,
      "gross_profit": null,
      "operating_income": null,
      "net_income": null,
      "opex": null,
      "cogs": null,
      "rd": null,
      "sga": null,
      "fcf": 74718000,
      "ocf": 74718000,
      "capex": null,
      "gross_margin": null,
      "op_margin": null,
      "fcf_margin": 6.6742295667708795,
      "rev_growth_yoy": -0.004269323134394734,
      "rev_growth_yoy_accel": 0.0601893374858984,
      "fcf_margin_change": 9.7159503319401
    },
    {
      "date": "2020-09-30T00:00:00",
      "quarter_label": "2020-09 (Q3)",
      "revenue": 8869000,
      "gross_profit": null,
      "operating_income": null,
      "net_income": null,
      "opex": null,
      "cogs": null,
      "rd": null,
      "sga": null,
      "fcf": 33891000,
      "ocf": 33891000,
      "capex": null,
      "gross_margin": null,
      "op_margin": null,
      "fcf_margin": 3.8212876310745294,
      "rev_growth_yoy": -0.24704983445114187,
      "rev_growth_yoy_accel": -0.24278051131674713,
      "fcf_margin_change": -2.85294193569635
    },
    {
      "date": "2020-12-31T00:00:00",
      "quarter_label": "2020-12 (Q4)",
      "revenue": 8577000,
      "gross_profit": null,
      "operating_income": null,
      "net_income": 56245000,
      "opex": null,
      "cogs": null,
      "rd": null,
      "sga": null,
      "fcf": 59071000,
      "ocf": 59557000,
      "capex": -486000,
      "gross_margin": null,
      "op_margin": null,
      "fcf_margin": 6.887140025649995,
      "rev_growth_yoy": -0.2443171806167401,
      "rev_growth_yoy_accel": 0.0027326538344017715,
      "fcf_margin_change": 3.065852394575465
    }
  ],
  "signals": [
    {
      "quarter": "2020-12 (Q4)",
      "signal": "FCF MARGIN EXPANSION",
      "detail": "FCF margin: +382.1% -> +688.7% (+306.6%)",
      "severity": "MEDIUM"
    },
    {
      "quarter": "2020-09 (Q3)",
      "signal": "YoY REVENUE GROWTH DECELERATION",
      "detail": "YoY growth: -24.7% vs prior quarter YoY: -0.4% (decel: -24.3%)",
      "severity": "WARNING"
    },
    {
      "quarter": "2020-06 (Q2)",
      "signal": "FCF TURNED POSITIVE",
      "detail": "FCF margin: -304.2% -> +667.4%",
      "severity": "HIGH"
    },
    {
      "quarter": "2020-06 (Q2)",
      "signal": "YoY REVENUE GROWTH ACCELERATION",
      "detail": "YoY growth: -0.4% vs prior quarter YoY: -6.4% (accel: +6.0%)",
      "severity": "MEDIUM"
    },
    {
      "quarter": "2020-03 (Q1)",
      "signal": "YoY REVENUE GROWTH DECELERATION",
      "detail": "YoY growth: -6.4% vs prior quarter YoY: +4.3% (decel: -10.7%)",
      "severity": "WARNING"
    },
    {
      "quarter": "2019-12 (Q4)",
      "signal": "YoY REVENUE GROWTH DECELERATION",
      "detail": "YoY growth: +4.3% vs prior quarter YoY: +14.4% (decel: -10.1%)",
      "severity": "WARNING"
    },
    {
      "quarter": "2019-09 (Q3)",
      "signal": "YoY REVENUE GROWTH DECELERATION",
      "detail": "YoY growth: +14.4% vs prior quarter YoY: +23.5% (decel: -9.1%)",
      "severity": "WARNING"
    },
    {
      "quarter": "2019-06 (Q2)",
      "signal": "YoY REVENUE GROWTH ACCELERATION",
      "detail": "YoY growth: +23.5% vs prior quarter YoY: -4.6% (accel: +28.1%)",
      "severity": "HIGH"
    }
  ],
  "data_quality": {
    "n_quarters": 12,
    "coverage": {
      "revenue": [
        12,
        12
      ],
      "gross_profit": [
        0,
        12
      ],
      "op_income": [
        0,
        12
      ],
      "fcf": [
        5,
        12
      ]
    },
    "gaps": [],
    "warnings": [
      "gross_profit: no data",
      "op_income: no data",
      "fcf: 5/12Q"
    ]
  },
  "market_cap": null,
  "source": "SEC EDGAR",
  "last_updated": "2026-02-02T21:28:11.130573"
}