{
  "ticker": "CULP",
  "name": "Culp, Inc.",
  "quarters": [
    {
      "date": "2021-01-31T00:00:00",
      "quarter_label": "2021-01 (Q1)",
      "revenue": 79341000,
      "gross_profit": 13872000,
      "operating_income": 4037000,
      "net_income": null,
      "opex": 9835000,
      "cogs": 65469000,
      "rd": null,
      "sga": 9835000,
      "fcf": -1052000,
      "ocf": -1052000,
      "capex": null,
      "gross_margin": 0.17484024653079744,
      "op_margin": 0.05088163748881411,
      "fcf_margin": -0.013259222848212147
    },
    {
      "date": "2021-05-02T00:00:00",
      "quarter_label": "2021-05 (Q2)",
      "revenue": 79064000,
      "gross_profit": 11797000,
      "operating_income": 1638000,
      "net_income": null,
      "opex": 10159000,
      "cogs": 67267000,
      "rd": null,
      "sga": 10159000,
      "fcf": -173000,
      "ocf": -173000,
      "capex": null,
      "gross_margin": 0.14920823636547606,
      "op_margin": 0.02071739350399676,
      "fcf_margin": -0.002188100779115653,
      "fcf_margin_change": 0.011071122069096495
    },
    {
      "date": "2021-08-01T00:00:00",
      "quarter_label": "2021-08 (Q3)",
      "revenue": 83047000,
      "gross_profit": 12499000,
      "operating_income": 3318000,
      "net_income": null,
      "opex": 9181000,
      "cogs": 70548000,
      "rd": null,
      "sga": 9181000,
      "fcf": 1571000,
      "ocf": 1571000,
      "capex": null,
      "gross_margin": 0.15050513564607992,
      "op_margin": 0.03995327946825292,
      "fcf_margin": 0.018916998807903956,
      "op_leverage_ratio": Infinity,
      "fcf_margin_change": 0.02110509958701961
    },
    {
      "date": "2021-10-31T00:00:00",
      "quarter_label": "2021-10 (Q4)",
      "revenue": 74561000,
      "gross_profit": 10727000,
      "operating_income": 1640000,
      "net_income": null,
      "opex": 9087000,
      "cogs": 63834000,
      "rd": null,
      "sga": 9087000,
      "fcf": -2899000,
      "ocf": -2899000,
      "capex": null,
      "gross_margin": 0.14386877858397823,
      "op_margin": 0.021995413151647644,
      "fcf_margin": -0.03888091629672349,
      "fcf_margin_change": -0.057797915104627444
    },
    {
      "date": "2022-01-30T00:00:00",
      "quarter_label": "2022-01 (Q1)",
      "revenue": 80291000,
      "gross_profit": 9110000,
      "operating_income": 1103000,
      "net_income": null,
      "opex": 8007000,
      "cogs": 71181000,
      "rd": null,
      "sga": 8007000,
      "fcf": -11041000,
      "ocf": -11041000,
      "capex": null,
      "gross_margin": 0.11346228095303335,
      "op_margin": 0.013737529735586803,
      "fcf_margin": -0.1375122990123426,
      "rev_growth_yoy": 0.011973632800191578,
      "op_leverage_ratio": Infinity,
      "fcf_margin_change": -0.09863138271561911
    },
    {
      "date": "2022-05-01T00:00:00",
      "quarter_label": "2022-05 (Q2)",
      "revenue": 56940000,
      "gross_profit": 3757000,
      "operating_income": -5383000,
      "net_income": null,
      "opex": 9140000,
      "cogs": 53183000,
      "rd": null,
      "sga": 9140000,
      "fcf": -5072000,
      "ocf": -5072000,
      "capex": null,
      "gross_margin": 0.06598173515981735,
      "op_margin": -0.09453811029153494,
      "fcf_margin": -0.0890762205830699,
      "incr_op_margin_yoy": 0.3173476767311517,
      "rev_growth_yoy": -0.2798239400991602,
      "rev_growth_yoy_accel": -0.29179757289935176,
      "fcf_margin_change": 0.04843607842927271
    },
    {
      "date": "2022-07-31T00:00:00",
      "quarter_label": "2022-07 (Q3)",
      "revenue": 62604000,
      "gross_profit": 4128000,
      "operating_income": -4738000,
      "net_income": null,
      "opex": 8866000,
      "cogs": 58476000,
      "rd": null,
      "sga": 8866000,
      "fcf": 5309000,
      "ocf": 5309000,
      "capex": null,
      "gross_margin": 0.06593827870423614,
      "op_margin": -0.07568206504376718,
      "fcf_margin": 0.08480288799437735,
      "incr_op_margin_yoy": 0.39407132025632247,
      "rev_growth_yoy": -0.24616181198598383,
      "rev_growth_yoy_accel": 0.03366212811317634,
      "op_leverage_ratio": Infinity,
      "fcf_margin_change": 0.17387910857744726
    },
    {
      "date": "2022-10-30T00:00:00",
      "quarter_label": "2022-10 (Q4)",
      "revenue": 58381000,
      "gross_profit": -2213000,
      "operating_income": -11931000,
      "net_income": null,
      "opex": 9718000,
      "cogs": 60594000,
      "rd": null,
      "sga": 9103000,
      "fcf": 858000,
      "ocf": 858000,
      "capex": null,
      "gross_margin": -0.03790616810263613,
      "op_margin": -0.20436443363423032,
      "fcf_margin": 0.014696562237714325,
      "incr_op_margin_yoy": 0.8387515451174289,
      "rev_growth_yoy": -0.21700352731320663,
      "rev_growth_yoy_accel": 0.0291582846727772,
      "fcf_margin_change": -0.07010632575666302
    },
    {
      "date": "2023-01-29T00:00:00",
      "quarter_label": "2023-01 (Q1)",
      "revenue": 52523000,
      "gross_profit": 2093000,
      "operating_income": -7783000,
      "net_income": null,
      "opex": 9876000,
      "cogs": 50430000,
      "rd": null,
      "sga": 9165000,
      "fcf": -1584000,
      "ocf": -1584000,
      "capex": null,
      "gross_margin": 0.03984920891799783,
      "op_margin": -0.1481827009119814,
      "fcf_margin": -0.030158216400434097,
      "incr_op_margin_yoy": 0.3200086430423509,
      "rev_growth_yoy": -0.34584199972599666,
      "rev_growth_yoy_accel": -0.12883847241279003,
      "fcf_margin_change": -0.04485477863814842
    },
    {
      "date": "2023-04-30T00:00:00",
      "quarter_label": "2023-04 (Q2)",
      "revenue": 61426000,
      "gross_profit": 6888000,
      "operating_income": -4027000,
      "net_income": null,
      "opex": 10915000,
      "cogs": 54538000,
      "rd": null,
      "sga": 10845000,
      "fcf": 3221000,
      "ocf": 3221000,
      "capex": null,
      "gross_margin": 0.11213492657832189,
      "op_margin": -0.0655585582652297,
      "fcf_margin": 0.05243707876143652,
      "incr_op_margin_yoy": 0.30227374052608114,
      "rev_growth_yoy": 0.0787846856340007,
      "rev_growth_yoy_accel": 0.42462668535999737,
      "op_leverage_ratio": 1.6112108693130947,
      "fcf_margin_change": 0.08259529516187061
    },
    {
      "date": "2023-07-30T00:00:00",
      "quarter_label": "2023-07 (Q3)",
      "revenue": 56662000,
      "gross_profit": 7085000,
      "operating_income": -3082000,
      "net_income": null,
      "opex": 10167000,
      "cogs": 49577000,
      "rd": null,
      "sga": 9829000,
      "fcf": -4435000,
      "ocf": -4435000,
      "capex": null,
      "gross_margin": 0.12503970915251844,
      "op_margin": -0.05439271469415128,
      "fcf_margin": -0.07827115174190816,
      "incr_op_margin_yoy": -0.278694042409963,
      "rev_growth_yoy": -0.09491406299916938,
      "rev_growth_yoy_accel": -0.17369874863317009,
      "fcf_margin_change": -0.13070823050334468
    },
    {
      "date": "2023-10-29T00:00:00",
      "quarter_label": "2023-10 (Q4)",
      "revenue": 58725000,
      "gross_profit": 7950000,
      "operating_income": -2239000,
      "net_income": null,
      "opex": 10189000,
      "cogs": 50775000,
      "rd": null,
      "sga": 10045000,
      "fcf": -41000,
      "ocf": -41000,
      "capex": null,
      "gross_margin": 0.13537675606641125,
      "op_margin": -0.03812686249467859,
      "fcf_margin": -0.0006981694338016177,
      "rev_growth_yoy": 0.005892327983419263,
      "rev_growth_yoy_accel": 0.10080639098258865,
      "op_leverage_ratio": 16.825867745258165,
      "fcf_margin_change": 0.07757298230810654
    },
    {
      "date": "2024-01-28T00:00:00",
      "quarter_label": "2024-01 (Q1)",
      "revenue": 60418000,
      "gross_profit": 7703000,
      "operating_income": -1740000,
      "net_income": null,
      "opex": 9443000,
      "cogs": 52715000,
      "rd": null,
      "sga": 9493000,
      "fcf": -1494000,
      "ocf": -1494000,
      "capex": null,
      "gross_margin": 0.12749511734913435,
      "op_margin": -0.028799364427819524,
      "fcf_margin": -0.02472773014664504,
      "incr_op_margin_yoy": 0.7654211526282457,
      "rev_growth_yoy": 0.15031510005140605,
      "rev_growth_yoy_accel": 0.1444227720679868,
      "op_leverage_ratio": Infinity,
      "fcf_margin_change": -0.02402956071284342
    },
    {
      "date": "2024-04-28T00:00:00",
      "quarter_label": "2024-04 (Q2)",
      "revenue": 49529000,
      "gross_profit": 5202000,
      "operating_income": -4247000,
      "net_income": null,
      "opex": 9449000,
      "cogs": 44327000,
      "rd": null,
      "sga": 9245000,
      "fcf": -2254000,
      "ocf": -2254000,
      "capex": null,
      "gross_margin": 0.10502937672878515,
      "op_margin": -0.08574774374608815,
      "fcf_margin": -0.045508691877485914,
      "incr_op_margin_yoy": 0.018492056821047324,
      "rev_growth_yoy": -0.19368020056653534,
      "rev_growth_yoy_accel": -0.34399530061794137,
      "fcf_margin_change": -0.020780961730840875
    },
    {
      "date": "2024-07-28T00:00:00",
      "quarter_label": "2024-07 (Q3)",
      "revenue": 56537000,
      "gross_profit": 5076000,
      "operating_income": -6851000,
      "net_income": null,
      "opex": 11927000,
      "cogs": 51461000,
      "rd": null,
      "sga": 9296000,
      "fcf": -206000,
      "ocf": -206000,
      "capex": null,
      "gross_margin": 0.08978191272971682,
      "op_margin": -0.12117728213382387,
      "fcf_margin": -0.0036436316040822825,
      "rev_growth_yoy": -0.002206064028802372,
      "rev_growth_yoy_accel": 0.19147413653773296,
      "op_leverage_ratio": 0.5395343261855982,
      "fcf_margin_change": 0.04186506027340363
    },
    {
      "date": "2024-10-27T00:00:00",
      "quarter_label": "2024-10 (Q4)",
      "revenue": 55674000,
      "gross_profit": 5990000,
      "operating_income": -5400000,
      "net_income": null,
      "opex": 11390000,
      "cogs": 49684000,
      "rd": null,
      "sga": 9359000,
      "fcf": -2427000,
      "ocf": -2427000,
      "capex": null,
      "gross_margin": 0.1075906168049718,
      "op_margin": -0.09699321047526673,
      "fcf_margin": -0.04359305959693933,
      "incr_op_margin_yoy": 1.0360537528679121,
      "rev_growth_yoy": -0.051954022988505745,
      "rev_growth_yoy_accel": -0.049747958959703374,
      "fcf_margin_change": -0.03994942799285704
    },
    {
      "date": "2025-01-26T00:00:00",
      "quarter_label": "2025-01 (Q1)",
      "revenue": 52253000,
      "gross_profit": 6347000,
      "operating_income": -3887000,
      "net_income": null,
      "opex": 10234000,
      "cogs": 45906000,
      "rd": null,
      "sga": 8579000,
      "fcf": -6792000,
      "ocf": -6792000,
      "capex": null,
      "gross_margin": 0.12146671004535625,
      "op_margin": -0.07438807341205289,
      "fcf_margin": -0.12998296748512048,
      "incr_op_margin_yoy": 0.2629516227801592,
      "rev_growth_yoy": -0.13514184514548644,
      "rev_growth_yoy_accel": -0.0831878221569807,
      "fcf_margin_change": -0.08638990788818116
    },
    {
      "date": "2025-04-27T00:00:00",
      "quarter_label": "2025-04 (Q2)",
      "revenue": 48773000,
      "gross_profit": 7653000,
      "operating_income": -2239000,
      "net_income": null,
      "opex": 9892000,
      "cogs": 41120000,
      "rd": null,
      "sga": 8470000,
      "fcf": -8225000,
      "ocf": -8225000,
      "capex": null,
      "gross_margin": 0.15691058577491646,
      "op_margin": -0.04590654665491153,
      "fcf_margin": -0.1686383859922498,
      "rev_growth_yoy": -0.015263784853318259,
      "rev_growth_yoy_accel": 0.11987806029216819,
      "fcf_margin_change": -0.038655418507129335
    },
    {
      "date": "2025-08-03T00:00:00",
      "quarter_label": "2025-08 (Q3)",
      "revenue": 50691000,
      "gross_profit": 7228000,
      "operating_income": 1617000,
      "net_income": null,
      "opex": 5611000,
      "cogs": 43463000,
      "rd": null,
      "sga": 9119000,
      "fcf": -695000,
      "ocf": -695000,
      "capex": null,
      "gross_margin": 0.14258941429445068,
      "op_margin": 0.031899153695922354,
      "fcf_margin": -0.013710520605235643,
      "incr_op_margin_yoy": -1.4485118029421826,
      "rev_growth_yoy": -0.10340131241487875,
      "rev_growth_yoy_accel": -0.08813752756156049,
      "op_leverage_ratio": Infinity,
      "fcf_margin_change": 0.15492786538701417
    },
    {
      "date": "2025-11-02T00:00:00",
      "quarter_label": "2025-11 (Q4)",
      "revenue": 53202000,
      "gross_profit": 5782000,
      "operating_income": -3455000,
      "net_income": null,
      "opex": 9237000,
      "cogs": 47420000,
      "rd": null,
      "sga": 8738000,
      "fcf": -471000,
      "ocf": -471000,
      "capex": null,
      "gross_margin": 0.10868012480733807,
      "op_margin": -0.06494116762527724,
      "fcf_margin": -0.00885305063719409,
      "incr_op_margin_yoy": -0.7868122977346278,
      "rev_growth_yoy": -0.04440133635089988,
      "rev_growth_yoy_accel": 0.05899997606397887,
      "op_leverage_ratio": 0.07665285283036531,
      "fcf_margin_change": 0.004857469968041553
    }
  ],
  "signals": [
    {
      "quarter": "2025-11 (Q4)",
      "signal": "YoY REVENUE GROWTH ACCELERATION",
      "detail": "YoY growth: -4.4% vs prior quarter YoY: -10.3% (accel: +5.9%)",
      "severity": "MEDIUM"
    },
    {
      "quarter": "2025-08 (Q3)",
      "signal": "FCF MARGIN EXPANSION",
      "detail": "FCF margin: -16.9% -> -1.4% (+15.5%)",
      "severity": "MEDIUM"
    },
    {
      "quarter": "2025-08 (Q3)",
      "signal": "YoY REVENUE GROWTH DECELERATION",
      "detail": "YoY growth: -10.3% vs prior quarter YoY: -1.5% (decel: -8.8%)",
      "severity": "WARNING"
    },
    {
      "quarter": "2025-08 (Q3)",
      "signal": "OP MARGIN TURNED POSITIVE (YoY)",
      "detail": "Op margin: -12.1% (year-ago) -> +3.2%",
      "severity": "HIGH"
    },
    {
      "quarter": "2025-08 (Q3)",
      "signal": "OP MARGIN TURNED POSITIVE (QoQ)",
      "detail": "Op margin: -4.6% -> +3.2%",
      "severity": "HIGH"
    },
    {
      "quarter": "2025-04 (Q2)",
      "signal": "YoY REVENUE GROWTH ACCELERATION",
      "detail": "YoY growth: -1.5% vs prior quarter YoY: -13.5% (accel: +12.0%)",
      "severity": "MEDIUM"
    },
    {
      "quarter": "2025-01 (Q1)",
      "signal": "YoY REVENUE GROWTH DECELERATION",
      "detail": "YoY growth: -13.5% vs prior quarter YoY: -5.2% (decel: -8.3%)",
      "severity": "WARNING"
    },
    {
      "quarter": "2024-07 (Q3)",
      "signal": "YoY REVENUE GROWTH ACCELERATION",
      "detail": "YoY growth: -0.2% vs prior quarter YoY: -19.4% (accel: +19.1%)",
      "severity": "HIGH"
    },
    {
      "quarter": "2024-04 (Q2)",
      "signal": "YoY REVENUE GROWTH DECELERATION",
      "detail": "YoY growth: -19.4% vs prior quarter YoY: +15.0% (decel: -34.4%)",
      "severity": "WARNING"
    },
    {
      "quarter": "2024-01 (Q1)",
      "signal": "YoY REVENUE GROWTH ACCELERATION",
      "detail": "YoY growth: +15.0% vs prior quarter YoY: +0.6% (accel: +14.4%)",
      "severity": "MEDIUM"
    },
    {
      "quarter": "2023-10 (Q4)",
      "signal": "FCF MARGIN EXPANSION",
      "detail": "FCF margin: -7.8% -> -0.1% (+7.8%)",
      "severity": "MEDIUM"
    },
    {
      "quarter": "2023-10 (Q4)",
      "signal": "OPERATING LEVERAGE",
      "detail": "Rev growth +3.6% vs OpEx growth +0.2% (leverage: 16.8x)",
      "severity": "MEDIUM"
    },
    {
      "quarter": "2023-10 (Q4)",
      "signal": "YoY REVENUE GROWTH ACCELERATION",
      "detail": "YoY growth: +0.6% vs prior quarter YoY: -9.5% (accel: +10.1%)",
      "severity": "MEDIUM"
    },
    {
      "quarter": "2023-07 (Q3)",
      "signal": "YoY REVENUE GROWTH DECELERATION",
      "detail": "YoY growth: -9.5% vs prior quarter YoY: +7.9% (decel: -17.4%)",
      "severity": "WARNING"
    },
    {
      "quarter": "2023-04 (Q2)",
      "signal": "FCF TURNED POSITIVE",
      "detail": "FCF margin: -3.0% -> +5.2%",
      "severity": "HIGH"
    },
    {
      "quarter": "2023-04 (Q2)",
      "signal": "OPERATING LEVERAGE",
      "detail": "Rev growth +17.0% vs OpEx growth +10.5% (leverage: 1.6x)",
      "severity": "MEDIUM"
    },
    {
      "quarter": "2023-04 (Q2)",
      "signal": "YoY REVENUE GROWTH ACCELERATION",
      "detail": "YoY growth: +7.9% vs prior quarter YoY: -34.6% (accel: +42.5%)",
      "severity": "HIGH"
    },
    {
      "quarter": "2023-01 (Q1)",
      "signal": "GROSS MARGIN INFLECTION",
      "detail": "GM: +6.6% -> -3.8% -> +4.0% (reversal +7.8%)",
      "severity": "HIGH"
    },
    {
      "quarter": "2023-01 (Q1)",
      "signal": "YoY REVENUE GROWTH DECELERATION",
      "detail": "YoY growth: -34.6% vs prior quarter YoY: -21.7% (decel: -12.9%)",
      "severity": "WARNING"
    },
    {
      "quarter": "2022-07 (Q3)",
      "signal": "FCF TURNED POSITIVE",
      "detail": "FCF margin: -8.9% -> +8.5%",
      "severity": "HIGH"
    },
    {
      "quarter": "2022-05 (Q2)",
      "signal": "YoY REVENUE GROWTH DECELERATION",
      "detail": "YoY growth: -28.0% vs prior quarter YoY: +1.2% (decel: -29.2%)",
      "severity": "WARNING"
    },
    {
      "quarter": "2021-08 (Q3)",
      "signal": "FCF TURNED POSITIVE",
      "detail": "FCF margin: -0.2% -> +1.9%",
      "severity": "HIGH"
    }
  ],
  "data_quality": {
    "n_quarters": 20,
    "coverage": {
      "revenue": [
        20,
        20
      ],
      "gross_profit": [
        20,
        20
      ],
      "op_income": [
        20,
        20
      ],
      "fcf": [
        20,
        20
      ]
    },
    "gaps": [],
    "warnings": []
  },
  "market_cap": null,
  "source": "SEC EDGAR",
  "last_updated": "2026-02-02T23:40:23.773438"
}