{
  "ticker": "CURB",
  "name": "Curbline Properties Corp.",
  "quarters": [
    {
      "date": "2023-09-30T00:00:00",
      "quarter_label": "2023-09 (Q3)",
      "revenue": 24235000,
      "gross_profit": null,
      "operating_income": null,
      "net_income": 8779000,
      "opex": 15066000,
      "cogs": null,
      "rd": null,
      "sga": null,
      "fcf": null,
      "ocf": null,
      "capex": null,
      "gross_margin": null,
      "op_margin": null,
      "fcf_margin": null
    },
    {
      "date": "2023-12-31T00:00:00",
      "quarter_label": "2023-12 (Q4)",
      "revenue": 25470000,
      "gross_profit": null,
      "operating_income": null,
      "net_income": 7628000,
      "opex": 16166000,
      "cogs": null,
      "rd": null,
      "sga": null,
      "fcf": 10266000,
      "ocf": 10266000,
      "capex": null,
      "gross_margin": null,
      "op_margin": null,
      "fcf_margin": 0.40306242638398115,
      "op_leverage_ratio": 0.697957874599096
    },
    {
      "date": "2024-03-31T00:00:00",
      "quarter_label": "2024-03 (Q1)",
      "revenue": 28039000,
      "gross_profit": null,
      "operating_income": null,
      "net_income": 7975000,
      "opex": 16712000,
      "cogs": null,
      "rd": null,
      "sga": null,
      "fcf": 15464000,
      "ocf": 15464000,
      "capex": null,
      "gross_margin": null,
      "op_margin": null,
      "fcf_margin": 0.5515175291558186,
      "op_leverage_ratio": 2.9863801556381064,
      "fcf_margin_change": 0.1484551027718375
    },
    {
      "date": "2024-06-30T00:00:00",
      "quarter_label": "2024-06 (Q2)",
      "revenue": 28156000,
      "gross_profit": null,
      "operating_income": null,
      "net_income": 6236000,
      "opex": 17611000,
      "cogs": null,
      "rd": null,
      "sga": null,
      "fcf": 16867000,
      "ocf": 16867000,
      "capex": null,
      "gross_margin": null,
      "op_margin": null,
      "fcf_margin": 0.5990552635317516,
      "fcf_margin_change": 0.047537734375933005
    },
    {
      "date": "2024-09-30T00:00:00",
      "quarter_label": "2024-09 (Q3)",
      "revenue": 29762000,
      "gross_profit": null,
      "operating_income": null,
      "net_income": -15410000,
      "opex": 21538000,
      "cogs": null,
      "rd": null,
      "sga": null,
      "fcf": -7075000,
      "ocf": -7075000,
      "capex": null,
      "gross_margin": null,
      "op_margin": null,
      "fcf_margin": -0.23771923929843425,
      "rev_growth_yoy": 0.22805859294408912,
      "op_leverage_ratio": 0.25579832728659013,
      "fcf_margin_change": -0.8367745028301858
    },
    {
      "date": "2024-12-31T00:00:00",
      "quarter_label": "2024-12 (Q4)",
      "revenue": 34923000,
      "gross_profit": null,
      "operating_income": null,
      "net_income": 11461000,
      "opex": 31091000,
      "cogs": null,
      "rd": null,
      "sga": null,
      "fcf": 29004000,
      "ocf": 29004000,
      "capex": null,
      "gross_margin": null,
      "op_margin": null,
      "fcf_margin": 0.8305128425393008,
      "rev_growth_yoy": 0.37114252061248526,
      "rev_growth_yoy_accel": 0.14308392766839614,
      "op_leverage_ratio": 0.390964515144055,
      "fcf_margin_change": 1.068232081837735
    },
    {
      "date": "2025-03-31T00:00:00",
      "quarter_label": "2025-03 (Q1)",
      "revenue": 38695000,
      "gross_profit": null,
      "operating_income": null,
      "net_income": 10562000,
      "opex": 33614000,
      "cogs": null,
      "rd": null,
      "sga": null,
      "fcf": 25371000,
      "ocf": 25371000,
      "capex": null,
      "gross_margin": null,
      "op_margin": null,
      "fcf_margin": 0.655666106732136,
      "rev_growth_yoy": 0.38004208423980884,
      "rev_growth_yoy_accel": 0.008899563627323581,
      "op_leverage_ratio": 1.3309985438890195,
      "fcf_margin_change": -0.1748467358071648
    },
    {
      "date": "2025-06-30T00:00:00",
      "quarter_label": "2025-06 (Q2)",
      "revenue": 41402000,
      "gross_profit": null,
      "operating_income": null,
      "net_income": 10406000,
      "opex": 34832000,
      "cogs": null,
      "rd": null,
      "sga": null,
      "fcf": 34172000,
      "ocf": 34172000,
      "capex": null,
      "gross_margin": null,
      "op_margin": null,
      "fcf_margin": 0.8253707550359886,
      "rev_growth_yoy": 0.4704503480608041,
      "rev_growth_yoy_accel": 0.09040826382099526,
      "op_leverage_ratio": 1.9306622822456196,
      "fcf_margin_change": 0.16970464830385257
    },
    {
      "date": "2025-09-30T00:00:00",
      "quarter_label": "2025-09 (Q3)",
      "revenue": 48647000,
      "gross_profit": null,
      "operating_income": null,
      "net_income": 9358000,
      "opex": 39682000,
      "cogs": null,
      "rd": null,
      "sga": null,
      "fcf": 39189000,
      "ocf": 39189000,
      "capex": null,
      "gross_margin": null,
      "op_margin": null,
      "fcf_margin": 0.8055789668427652,
      "rev_growth_yoy": 0.6345339694912976,
      "rev_growth_yoy_accel": 0.1640836214304935,
      "op_leverage_ratio": 1.2567640290299238,
      "fcf_margin_change": -0.01979178819322336
    }
  ],
  "signals": [
    {
      "quarter": "2025-09 (Q3)",
      "signal": "YoY REVENUE GROWTH ACCELERATION",
      "detail": "YoY growth: +63.5% vs prior quarter YoY: +47.0% (accel: +16.4%)",
      "severity": "HIGH"
    },
    {
      "quarter": "2025-06 (Q2)",
      "signal": "FCF MARGIN EXPANSION",
      "detail": "FCF margin: +65.6% -> +82.5% (+17.0%)",
      "severity": "MEDIUM"
    },
    {
      "quarter": "2025-06 (Q2)",
      "signal": "OPERATING LEVERAGE",
      "detail": "Rev growth +7.0% vs OpEx growth +3.6% (leverage: 1.9x)",
      "severity": "MEDIUM"
    },
    {
      "quarter": "2025-06 (Q2)",
      "signal": "YoY REVENUE GROWTH ACCELERATION",
      "detail": "YoY growth: +47.0% vs prior quarter YoY: +38.0% (accel: +9.0%)",
      "severity": "MEDIUM"
    },
    {
      "quarter": "2024-12 (Q4)",
      "signal": "FCF TURNED POSITIVE",
      "detail": "FCF margin: -23.8% -> +83.1%",
      "severity": "HIGH"
    },
    {
      "quarter": "2024-12 (Q4)",
      "signal": "YoY REVENUE GROWTH ACCELERATION",
      "detail": "YoY growth: +37.1% vs prior quarter YoY: +22.8% (accel: +14.3%)",
      "severity": "MEDIUM"
    },
    {
      "quarter": "2024-03 (Q1)",
      "signal": "FCF MARGIN EXPANSION",
      "detail": "FCF margin: +40.3% -> +55.2% (+14.8%)",
      "severity": "MEDIUM"
    },
    {
      "quarter": "2024-03 (Q1)",
      "signal": "OPERATING LEVERAGE",
      "detail": "Rev growth +10.1% vs OpEx growth +3.4% (leverage: 3.0x)",
      "severity": "MEDIUM"
    }
  ],
  "data_quality": {
    "n_quarters": 9,
    "coverage": {
      "revenue": [
        9,
        9
      ],
      "gross_profit": [
        0,
        9
      ],
      "op_income": [
        0,
        9
      ],
      "fcf": [
        8,
        9
      ]
    },
    "gaps": [],
    "warnings": [
      "gross_profit: no data",
      "op_income: no data"
    ]
  },
  "market_cap": null,
  "source": "SEC EDGAR",
  "last_updated": "2026-02-02T21:29:13.173066"
}