{
  "ticker": "CURI",
  "name": "CURIOSITYSTREAM INC.",
  "quarters": [
    {
      "date": "2020-12-31T00:00:00",
      "quarter_label": "2020-12 (Q4)",
      "revenue": 11361000,
      "gross_profit": null,
      "operating_income": -15744000,
      "net_income": -15824000,
      "opex": 27105000,
      "cogs": null,
      "rd": null,
      "sga": null,
      "fcf": -18078000,
      "ocf": -18010000,
      "capex": -68000,
      "gross_margin": null,
      "op_margin": -1.3857935040929497,
      "fcf_margin": -1.591233166094534
    },
    {
      "date": "2021-03-31T00:00:00",
      "quarter_label": "2021-03 (Q1)",
      "revenue": 9936000,
      "gross_profit": null,
      "operating_income": -15203000,
      "net_income": -18755000,
      "opex": 25139000,
      "cogs": null,
      "rd": null,
      "sga": null,
      "fcf": -12590000,
      "ocf": -12590000,
      "capex": null,
      "gross_margin": null,
      "op_margin": -1.5300925925925926,
      "fcf_margin": -1.267109500805153,
      "fcf_margin_change": 0.3241236652893811
    },
    {
      "date": "2021-06-30T00:00:00",
      "quarter_label": "2021-06 (Q2)",
      "revenue": 15344000,
      "gross_profit": null,
      "operating_income": -11051000,
      "net_income": -8304000,
      "opex": 26395000,
      "cogs": null,
      "rd": null,
      "sga": null,
      "fcf": -10766000,
      "ocf": -10766000,
      "capex": null,
      "gross_margin": null,
      "op_margin": -0.7202163712200208,
      "fcf_margin": -0.7016423357664233,
      "op_leverage_ratio": 10.893901863647086,
      "fcf_margin_change": 0.5654671650387296
    },
    {
      "date": "2021-09-30T00:00:00",
      "quarter_label": "2021-09 (Q3)",
      "revenue": 18705000,
      "gross_profit": 18412000,
      "operating_income": -8226000,
      "net_income": 830000,
      "opex": 26931000,
      "cogs": 293000,
      "rd": null,
      "sga": null,
      "fcf": -18557000,
      "ocf": -18441000,
      "capex": -116000,
      "gross_margin": 0.9843357391071906,
      "op_margin": -0.439775461106656,
      "fcf_margin": -0.9920876770916867,
      "op_leverage_ratio": 10.78665526804196,
      "fcf_margin_change": -0.29044534132526334
    },
    {
      "date": "2021-12-31T00:00:00",
      "quarter_label": "2021-12 (Q4)",
      "revenue": 27276000,
      "gross_profit": 26367000,
      "operating_income": -17999000,
      "net_income": -11406000,
      "opex": 45275000,
      "cogs": 909000,
      "rd": null,
      "sga": null,
      "fcf": -31505000,
      "ocf": -31445000,
      "capex": -60000,
      "gross_margin": 0.9666739991201055,
      "op_margin": -0.659884147235665,
      "fcf_margin": -1.1550447279659775,
      "incr_op_margin_yoy": -0.14169022934338674,
      "rev_growth_yoy": 1.400844996039081,
      "op_leverage_ratio": 0.6727167181173762,
      "fcf_margin_change": -0.1629570508742908
    },
    {
      "date": "2022-03-31T00:00:00",
      "quarter_label": "2022-03 (Q1)",
      "revenue": 17627000,
      "gross_profit": 16627000,
      "operating_income": -19494000,
      "net_income": -15892000,
      "opex": 37121000,
      "cogs": 1000000,
      "rd": null,
      "sga": null,
      "fcf": -12309000,
      "ocf": -12287000,
      "capex": -22000,
      "gross_margin": 0.9432688489249447,
      "op_margin": -1.1059170590571283,
      "fcf_margin": -0.6983037385828559,
      "incr_op_margin_yoy": -0.5579248472240281,
      "rev_growth_yoy": 0.7740539452495975,
      "rev_growth_yoy_accel": -0.6267910507894835,
      "fcf_margin_change": 0.4567409893831216
    },
    {
      "date": "2022-06-30T00:00:00",
      "quarter_label": "2022-06 (Q2)",
      "revenue": 22348000,
      "gross_profit": null,
      "operating_income": -16054000,
      "net_income": -15977000,
      "opex": 38402000,
      "cogs": null,
      "rd": null,
      "sga": null,
      "fcf": -5960000,
      "ocf": -5862000,
      "capex": -98000,
      "gross_margin": null,
      "op_margin": -0.7183640594236621,
      "fcf_margin": -0.2666905315911938,
      "incr_op_margin_yoy": -0.7143061107938321,
      "rev_growth_yoy": 0.4564650677789364,
      "rev_growth_yoy_accel": -0.31758887747066106,
      "op_leverage_ratio": 7.761151003753866,
      "fcf_margin_change": 0.43161320699166206
    },
    {
      "date": "2022-09-30T00:00:00",
      "quarter_label": "2022-09 (Q3)",
      "revenue": 23569000,
      "gross_profit": null,
      "operating_income": -4380000,
      "net_income": -4502000,
      "opex": 27949000,
      "cogs": null,
      "rd": null,
      "sga": null,
      "fcf": -12605000,
      "ocf": -12595000,
      "capex": -10000,
      "gross_margin": null,
      "op_margin": -0.18583732869447156,
      "fcf_margin": -0.5348126776698205,
      "incr_op_margin_yoy": 0.7907072368421053,
      "rev_growth_yoy": 0.26003742314889067,
      "rev_growth_yoy_accel": -0.19642764463004575,
      "op_leverage_ratio": Infinity,
      "fcf_margin_change": -0.2681221460786267
    },
    {
      "date": "2022-12-31T00:00:00",
      "quarter_label": "2022-12 (Q4)",
      "revenue": 14499000,
      "gross_profit": null,
      "operating_income": -15356000,
      "net_income": -14546000,
      "opex": 29855000,
      "cogs": null,
      "rd": null,
      "sga": null,
      "fcf": -8779000,
      "ocf": -8779000,
      "capex": null,
      "gross_margin": null,
      "op_margin": -1.0591075246568729,
      "fcf_margin": -0.6054900337954342,
      "incr_op_margin_yoy": -0.2068560694998826,
      "rev_growth_yoy": -0.46843378794544654,
      "rev_growth_yoy_accel": -0.7284712110943372,
      "fcf_margin_change": -0.07067735612561366
    },
    {
      "date": "2023-03-31T00:00:00",
      "quarter_label": "2023-03 (Q1)",
      "revenue": 12387000,
      "gross_profit": null,
      "operating_income": -7788000,
      "net_income": -7751000,
      "opex": 20175000,
      "cogs": null,
      "rd": null,
      "sga": null,
      "fcf": -6313000,
      "ocf": -6308000,
      "capex": -5000,
      "gross_margin": null,
      "op_margin": -0.6287236619036086,
      "fcf_margin": -0.5096472107855009,
      "incr_op_margin_yoy": -2.233969465648855,
      "rev_growth_yoy": -0.29727123163328983,
      "rev_growth_yoy_accel": 0.1711625563121567,
      "fcf_margin_change": 0.0958428230099333
    },
    {
      "date": "2023-06-30T00:00:00",
      "quarter_label": "2023-06 (Q2)",
      "revenue": 14097000,
      "gross_profit": null,
      "operating_income": -8019000,
      "net_income": -9921000,
      "opex": 22116000,
      "cogs": null,
      "rd": null,
      "sga": null,
      "fcf": -4300000,
      "ocf": -4300000,
      "capex": null,
      "gross_margin": null,
      "op_margin": -0.5688444349861673,
      "fcf_margin": -0.3050294388877066,
      "incr_op_margin_yoy": -0.9738213549872743,
      "rev_growth_yoy": -0.36920529801324503,
      "rev_growth_yoy_accel": -0.0719340663799552,
      "op_leverage_ratio": 1.434887924706425,
      "fcf_margin_change": 0.2046177718977943
    },
    {
      "date": "2023-09-30T00:00:00",
      "quarter_label": "2023-09 (Q3)",
      "revenue": 15630000,
      "gross_profit": null,
      "operating_income": -23899000,
      "net_income": -26565000,
      "opex": 39529000,
      "cogs": null,
      "rd": null,
      "sga": null,
      "fcf": -3022000,
      "ocf": -3022000,
      "capex": null,
      "gross_margin": null,
      "op_margin": -1.5290467050543826,
      "fcf_margin": -0.19334612923864364,
      "incr_op_margin_yoy": 2.458621992694294,
      "rev_growth_yoy": -0.336840765412194,
      "rev_growth_yoy_accel": 0.032364532601051044,
      "op_leverage_ratio": 0.13811741335977684,
      "fcf_margin_change": 0.11168330964906298
    },
    {
      "date": "2023-12-31T00:00:00",
      "quarter_label": "2023-12 (Q4)",
      "revenue": 14775000,
      "gross_profit": null,
      "operating_income": -4765000,
      "net_income": -4659000,
      "opex": 19540000,
      "cogs": null,
      "rd": null,
      "sga": null,
      "fcf": -2542000,
      "ocf": -2542000,
      "capex": null,
      "gross_margin": null,
      "op_margin": -0.3225042301184433,
      "fcf_margin": -0.17204737732656514,
      "rev_growth_yoy": 0.01903579557210842,
      "rev_growth_yoy_accel": 0.3558765609843024,
      "fcf_margin_change": 0.0212987519120785
    },
    {
      "date": "2024-03-31T00:00:00",
      "quarter_label": "2024-03 (Q1)",
      "revenue": 12001000,
      "gross_profit": null,
      "operating_income": -3654000,
      "net_income": -5035000,
      "opex": 15655000,
      "cogs": null,
      "rd": null,
      "sga": null,
      "fcf": 666000,
      "ocf": 666000,
      "capex": null,
      "gross_margin": null,
      "op_margin": -0.30447462711440715,
      "fcf_margin": 0.05549537538538455,
      "rev_growth_yoy": -0.031161701784128523,
      "rev_growth_yoy_accel": -0.05019749735623694,
      "fcf_margin_change": 0.22754275271194968
    },
    {
      "date": "2024-06-30T00:00:00",
      "quarter_label": "2024-06 (Q2)",
      "revenue": 12395000,
      "gross_profit": null,
      "operating_income": -2549000,
      "net_income": -2031000,
      "opex": 14944000,
      "cogs": null,
      "rd": null,
      "sga": null,
      "fcf": 2190000,
      "ocf": 2190000,
      "capex": null,
      "gross_margin": null,
      "op_margin": -0.20564743848325936,
      "fcf_margin": 0.17668414683340056,
      "incr_op_margin_yoy": -3.2138660399529964,
      "rev_growth_yoy": -0.12073490813648294,
      "rev_growth_yoy_accel": -0.08957320635235441,
      "op_leverage_ratio": Infinity,
      "fcf_margin_change": 0.12118877144801601
    },
    {
      "date": "2024-09-30T00:00:00",
      "quarter_label": "2024-09 (Q3)",
      "revenue": 12604000,
      "gross_profit": null,
      "operating_income": -3252000,
      "net_income": -3062000,
      "opex": 15856000,
      "cogs": null,
      "rd": null,
      "sga": null,
      "fcf": 2260000,
      "ocf": 2260000,
      "capex": null,
      "gross_margin": null,
      "op_margin": -0.2580133291018724,
      "fcf_margin": 0.17930815614090764,
      "incr_op_margin_yoy": -6.8231989424983475,
      "rev_growth_yoy": -0.19360204734484965,
      "rev_growth_yoy_accel": -0.07286713920836671,
      "op_leverage_ratio": 0.2762942046524136,
      "fcf_margin_change": 0.002624009307507086
    },
    {
      "date": "2024-12-31T00:00:00",
      "quarter_label": "2024-12 (Q4)",
      "revenue": 14134000,
      "gross_profit": null,
      "operating_income": -3878000,
      "net_income": -2813000,
      "opex": 18012000,
      "cogs": null,
      "rd": null,
      "sga": null,
      "fcf": 3035000,
      "ocf": 3035000,
      "capex": null,
      "gross_margin": null,
      "op_margin": -0.27437385029008066,
      "fcf_margin": 0.21473043724352625,
      "rev_growth_yoy": -0.04338409475465313,
      "rev_growth_yoy_accel": 0.15021795259019652,
      "op_leverage_ratio": 0.8927460081288798,
      "fcf_margin_change": 0.03542228110261861
    },
    {
      "date": "2025-03-31T00:00:00",
      "quarter_label": "2025-03 (Q1)",
      "revenue": 15090000,
      "gross_profit": null,
      "operating_income": 79000,
      "net_income": 319000,
      "opex": 15011000,
      "cogs": null,
      "rd": null,
      "sga": null,
      "fcf": 1845000,
      "ocf": 1922000,
      "capex": -77000,
      "gross_margin": null,
      "op_margin": 0.005235255135851558,
      "fcf_margin": 0.12226640159045726,
      "incr_op_margin_yoy": 1.2084817092910327,
      "rev_growth_yoy": 0.25739521706524454,
      "rev_growth_yoy_accel": 0.3007793118198977,
      "op_leverage_ratio": Infinity,
      "fcf_margin_change": -0.09246403565306899
    },
    {
      "date": "2025-06-30T00:00:00",
      "quarter_label": "2025-06 (Q2)",
      "revenue": 19012000,
      "gross_profit": null,
      "operating_income": 480000,
      "net_income": 784000,
      "opex": 18532000,
      "cogs": null,
      "rd": null,
      "sga": null,
      "fcf": 2789000,
      "ocf": 2789000,
      "capex": null,
      "gross_margin": null,
      "op_margin": 0.025247212286976645,
      "fcf_margin": 0.14669682305912055,
      "incr_op_margin_yoy": 0.4577603143418468,
      "rev_growth_yoy": 0.5338442920532472,
      "rev_growth_yoy_accel": 0.2764490749880027,
      "op_leverage_ratio": 1.1080566115754586,
      "fcf_margin_change": 0.024430421468663283
    },
    {
      "date": "2025-09-30T00:00:00",
      "quarter_label": "2025-09 (Q3)",
      "revenue": 18359000,
      "gross_profit": null,
      "operating_income": -4491000,
      "net_income": -3744000,
      "opex": 22850000,
      "cogs": null,
      "rd": null,
      "sga": null,
      "fcf": 4377000,
      "ocf": 4377000,
      "capex": null,
      "gross_margin": null,
      "op_margin": -0.24462116673021406,
      "fcf_margin": 0.23841167819598016,
      "incr_op_margin_yoy": -0.2152910512597741,
      "rev_growth_yoy": 0.45660107902253255,
      "rev_growth_yoy_accel": -0.07724321303071469,
      "fcf_margin_change": 0.09171485513685962
    }
  ],
  "signals": [
    {
      "quarter": "2025-09 (Q3)",
      "signal": "FCF MARGIN EXPANSION",
      "detail": "FCF margin: +14.7% -> +23.8% (+9.2%)",
      "severity": "MEDIUM"
    },
    {
      "quarter": "2025-09 (Q3)",
      "signal": "YoY REVENUE GROWTH DECELERATION",
      "detail": "YoY growth: +45.7% vs prior quarter YoY: +53.4% (decel: -7.7%)",
      "severity": "WARNING"
    },
    {
      "quarter": "2025-06 (Q2)",
      "signal": "YoY REVENUE GROWTH ACCELERATION",
      "detail": "YoY growth: +53.4% vs prior quarter YoY: +25.7% (accel: +27.6%)",
      "severity": "HIGH"
    },
    {
      "quarter": "2025-06 (Q2)",
      "signal": "OP MARGIN TURNED POSITIVE (YoY)",
      "detail": "Op margin: -20.6% (year-ago) -> +2.5%",
      "severity": "HIGH"
    },
    {
      "quarter": "2025-03 (Q1)",
      "signal": "YoY REVENUE GROWTH ACCELERATION",
      "detail": "YoY growth: +25.7% vs prior quarter YoY: -4.3% (accel: +30.1%)",
      "severity": "HIGH"
    },
    {
      "quarter": "2025-03 (Q1)",
      "signal": "OP MARGIN TURNED POSITIVE (YoY)",
      "detail": "Op margin: -30.4% (year-ago) -> +0.5%",
      "severity": "HIGH"
    },
    {
      "quarter": "2025-03 (Q1)",
      "signal": "OP MARGIN TURNED POSITIVE (QoQ)",
      "detail": "Op margin: -27.4% -> +0.5%",
      "severity": "HIGH"
    },
    {
      "quarter": "2024-12 (Q4)",
      "signal": "YoY REVENUE GROWTH ACCELERATION",
      "detail": "YoY growth: -4.3% vs prior quarter YoY: -19.4% (accel: +15.0%)",
      "severity": "HIGH"
    },
    {
      "quarter": "2024-09 (Q3)",
      "signal": "YoY REVENUE GROWTH DECELERATION",
      "detail": "YoY growth: -19.4% vs prior quarter YoY: -12.1% (decel: -7.3%)",
      "severity": "WARNING"
    },
    {
      "quarter": "2024-06 (Q2)",
      "signal": "FCF MARGIN EXPANSION",
      "detail": "FCF margin: +5.5% -> +17.7% (+12.1%)",
      "severity": "MEDIUM"
    },
    {
      "quarter": "2024-06 (Q2)",
      "signal": "YoY REVENUE GROWTH DECELERATION",
      "detail": "YoY growth: -12.1% vs prior quarter YoY: -3.1% (decel: -9.0%)",
      "severity": "WARNING"
    },
    {
      "quarter": "2024-03 (Q1)",
      "signal": "FCF TURNED POSITIVE",
      "detail": "FCF margin: -17.2% -> +5.5%",
      "severity": "HIGH"
    },
    {
      "quarter": "2024-03 (Q1)",
      "signal": "YoY REVENUE GROWTH DECELERATION",
      "detail": "YoY growth: -3.1% vs prior quarter YoY: +1.9% (decel: -5.0%)",
      "severity": "WARNING"
    },
    {
      "quarter": "2023-12 (Q4)",
      "signal": "YoY REVENUE GROWTH ACCELERATION",
      "detail": "YoY growth: +1.9% vs prior quarter YoY: -33.7% (accel: +35.6%)",
      "severity": "HIGH"
    },
    {
      "quarter": "2023-09 (Q3)",
      "signal": "FCF MARGIN EXPANSION",
      "detail": "FCF margin: -30.5% -> -19.3% (+11.2%)",
      "severity": "MEDIUM"
    },
    {
      "quarter": "2023-06 (Q2)",
      "signal": "FCF MARGIN EXPANSION",
      "detail": "FCF margin: -51.0% -> -30.5% (+20.5%)",
      "severity": "MEDIUM"
    },
    {
      "quarter": "2023-06 (Q2)",
      "signal": "YoY REVENUE GROWTH DECELERATION",
      "detail": "YoY growth: -36.9% vs prior quarter YoY: -29.7% (decel: -7.2%)",
      "severity": "WARNING"
    },
    {
      "quarter": "2023-03 (Q1)",
      "signal": "FCF MARGIN EXPANSION",
      "detail": "FCF margin: -60.5% -> -51.0% (+9.6%)",
      "severity": "MEDIUM"
    },
    {
      "quarter": "2023-03 (Q1)",
      "signal": "YoY REVENUE GROWTH ACCELERATION",
      "detail": "YoY growth: -29.7% vs prior quarter YoY: -46.8% (accel: +17.1%)",
      "severity": "HIGH"
    },
    {
      "quarter": "2022-12 (Q4)",
      "signal": "YoY REVENUE GROWTH DECELERATION",
      "detail": "YoY growth: -46.8% vs prior quarter YoY: +26.0% (decel: -72.8%)",
      "severity": "WARNING"
    },
    {
      "quarter": "2022-09 (Q3)",
      "signal": "YoY REVENUE GROWTH DECELERATION",
      "detail": "YoY growth: +26.0% vs prior quarter YoY: +45.6% (decel: -19.6%)",
      "severity": "WARNING"
    },
    {
      "quarter": "2022-06 (Q2)",
      "signal": "FCF MARGIN EXPANSION",
      "detail": "FCF margin: -69.8% -> -26.7% (+43.2%)",
      "severity": "MEDIUM"
    },
    {
      "quarter": "2022-06 (Q2)",
      "signal": "OPERATING LEVERAGE",
      "detail": "Rev growth +26.8% vs OpEx growth +3.5% (leverage: 7.8x)",
      "severity": "MEDIUM"
    },
    {
      "quarter": "2022-06 (Q2)",
      "signal": "YoY REVENUE GROWTH DECELERATION",
      "detail": "YoY growth: +45.6% vs prior quarter YoY: +77.4% (decel: -31.8%)",
      "severity": "WARNING"
    },
    {
      "quarter": "2022-03 (Q1)",
      "signal": "FCF MARGIN EXPANSION",
      "detail": "FCF margin: -115.5% -> -69.8% (+45.7%)",
      "severity": "MEDIUM"
    },
    {
      "quarter": "2022-03 (Q1)",
      "signal": "YoY REVENUE GROWTH DECELERATION",
      "detail": "YoY growth: +77.4% vs prior quarter YoY: +140.1% (decel: -62.7%)",
      "severity": "WARNING"
    },
    {
      "quarter": "2021-09 (Q3)",
      "signal": "OPERATING LEVERAGE",
      "detail": "Rev growth +21.9% vs OpEx growth +2.0% (leverage: 10.8x)",
      "severity": "MEDIUM"
    },
    {
      "quarter": "2021-06 (Q2)",
      "signal": "FCF MARGIN EXPANSION",
      "detail": "FCF margin: -126.7% -> -70.2% (+56.5%)",
      "severity": "MEDIUM"
    },
    {
      "quarter": "2021-06 (Q2)",
      "signal": "OPERATING LEVERAGE",
      "detail": "Rev growth +54.4% vs OpEx growth +5.0% (leverage: 10.9x)",
      "severity": "MEDIUM"
    },
    {
      "quarter": "2021-03 (Q1)",
      "signal": "FCF MARGIN EXPANSION",
      "detail": "FCF margin: -159.1% -> -126.7% (+32.4%)",
      "severity": "MEDIUM"
    }
  ],
  "data_quality": {
    "n_quarters": 20,
    "coverage": {
      "revenue": [
        20,
        20
      ],
      "gross_profit": [
        3,
        20
      ],
      "op_income": [
        20,
        20
      ],
      "fcf": [
        20,
        20
      ]
    },
    "gaps": [],
    "warnings": [
      "gross_profit: 3/20Q"
    ]
  },
  "market_cap": null,
  "source": "SEC EDGAR",
  "last_updated": "2026-02-02T22:57:43.041399",
  "sector": "Communication Services",
  "industry": "Broadcasting"
}