{
  "ticker": "CUZ",
  "name": "COUSINS PROPERTIES INC",
  "quarters": [
    {
      "date": "2020-12-31T00:00:00",
      "quarter_label": "2020-12 (Q4)",
      "revenue": 183147000,
      "gross_profit": 121300000,
      "operating_income": 121104000,
      "net_income": 11119000,
      "opex": 172789000,
      "cogs": 61847000,
      "rd": null,
      "sga": null,
      "fcf": 92081000,
      "ocf": 92081000,
      "capex": null,
      "gross_margin": 0.6623095109393001,
      "op_margin": 0.6612393323395961,
      "fcf_margin": 0.502770998159948
    },
    {
      "date": "2021-03-31T00:00:00",
      "quarter_label": "2021-03 (Q1)",
      "revenue": 189550000,
      "gross_profit": 123155000,
      "operating_income": 123124000,
      "net_income": 29110000,
      "opex": 162164000,
      "cogs": 66395000,
      "rd": null,
      "sga": null,
      "fcf": 35777000,
      "ocf": 35777000,
      "capex": null,
      "gross_margin": 0.6497230282247428,
      "op_margin": 0.6495594829860195,
      "fcf_margin": 0.1887470324452651,
      "op_leverage_ratio": Infinity,
      "fcf_margin_change": -0.31402396571468283
    },
    {
      "date": "2021-06-30T00:00:00",
      "quarter_label": "2021-06 (Q2)",
      "revenue": 186637000,
      "gross_profit": 122921000,
      "operating_income": 122705000,
      "net_income": 28153000,
      "opex": 160363000,
      "cogs": 63716000,
      "rd": null,
      "sga": null,
      "fcf": 131913000,
      "ocf": 131913000,
      "capex": null,
      "gross_margin": 0.6586100290939095,
      "op_margin": 0.6574527023044734,
      "fcf_margin": 0.7067891146985861,
      "fcf_margin_change": 0.5180420822533209
    },
    {
      "date": "2021-09-30T00:00:00",
      "quarter_label": "2021-09 (Q3)",
      "revenue": 188732000,
      "gross_profit": 123378000,
      "operating_income": 124148000,
      "net_income": 54018000,
      "opex": 162908000,
      "cogs": 65354000,
      "rd": null,
      "sga": null,
      "fcf": 130897000,
      "ocf": 130897000,
      "capex": null,
      "gross_margin": 0.6537206197147277,
      "op_margin": 0.6578004789860755,
      "fcf_margin": 0.6935601805735117,
      "op_leverage_ratio": 0.7072983873289517,
      "fcf_margin_change": -0.01322893412507442
    },
    {
      "date": "2021-12-31T00:00:00",
      "quarter_label": "2021-12 (Q4)",
      "revenue": 190154000,
      "gross_profit": 126158000,
      "operating_income": 123743000,
      "net_income": 167305000,
      "opex": 163073000,
      "cogs": 63996000,
      "rd": null,
      "sga": null,
      "fcf": 90891000,
      "ocf": 90891000,
      "capex": null,
      "gross_margin": 0.6634517285989251,
      "op_margin": 0.6507514961557475,
      "fcf_margin": 0.4779862637651588,
      "incr_op_margin_yoy": 0.37662337662337664,
      "rev_growth_yoy": 0.03825888493942025,
      "fcf_margin_change": -0.21557391680835286
    },
    {
      "date": "2022-03-31T00:00:00",
      "quarter_label": "2022-03 (Q1)",
      "revenue": 186898000,
      "gross_profit": 122021000,
      "operating_income": 119607000,
      "net_income": 27984000,
      "opex": 159790000,
      "cogs": 64877000,
      "rd": null,
      "sga": null,
      "fcf": 24125000,
      "ocf": 24125000,
      "capex": null,
      "gross_margin": 0.6528748301212426,
      "op_margin": 0.6399586940470203,
      "fcf_margin": 0.12908110306156298,
      "incr_op_margin_yoy": 1.3261689291101055,
      "rev_growth_yoy": -0.01399103139013453,
      "rev_growth_yoy_accel": -0.05224991632955478,
      "fcf_margin_change": -0.3489051607035958
    },
    {
      "date": "2022-06-30T00:00:00",
      "quarter_label": "2022-06 (Q2)",
      "revenue": 185680000,
      "gross_profit": 123464000,
      "operating_income": 123051000,
      "net_income": 34052000,
      "opex": 156724000,
      "cogs": 62216000,
      "rd": null,
      "sga": null,
      "fcf": 133564000,
      "ocf": 133564000,
      "capex": null,
      "gross_margin": 0.6649289099526067,
      "op_margin": 0.6627046531667384,
      "fcf_margin": 0.7193235674278329,
      "rev_growth_yoy": -0.005127600636529734,
      "rev_growth_yoy_accel": 0.008863430753604795,
      "fcf_margin_change": 0.5902424643662699
    },
    {
      "date": "2022-09-30T00:00:00",
      "quarter_label": "2022-09 (Q3)",
      "revenue": 195170000,
      "gross_profit": 128538000,
      "operating_income": 129400000,
      "net_income": 80639000,
      "opex": 171275000,
      "cogs": 66632000,
      "rd": null,
      "sga": null,
      "fcf": 114659000,
      "ocf": 114659000,
      "capex": null,
      "gross_margin": 0.6585950709637751,
      "op_margin": 0.6630117333606599,
      "fcf_margin": 0.5874827073833069,
      "incr_op_margin_yoy": 0.8157812985399192,
      "rev_growth_yoy": 0.034111862323294405,
      "rev_growth_yoy_accel": 0.03923946295982414,
      "op_leverage_ratio": 0.5504827972724025,
      "fcf_margin_change": -0.131840860044526
    },
    {
      "date": "2022-12-31T00:00:00",
      "quarter_label": "2022-12 (Q4)",
      "revenue": 194542000,
      "gross_profit": 129896000,
      "operating_income": 130142000,
      "net_income": 24118000,
      "opex": 171183000,
      "cogs": 64646000,
      "rd": null,
      "sga": null,
      "fcf": 92818000,
      "ocf": 92818000,
      "capex": null,
      "gross_margin": 0.6677015760092936,
      "op_margin": 0.6689660844444901,
      "fcf_margin": 0.4771103412116664,
      "incr_op_margin_yoy": 1.458295350957156,
      "rev_growth_yoy": 0.023076033110005573,
      "rev_growth_yoy_accel": -0.011035829213288832,
      "fcf_margin_change": -0.11037236617164048
    },
    {
      "date": "2023-03-31T00:00:00",
      "quarter_label": "2023-03 (Q1)",
      "revenue": 202728000,
      "gross_profit": 131515000,
      "operating_income": 130136000,
      "net_income": 22196000,
      "opex": 181043000,
      "cogs": 71213000,
      "rd": null,
      "sga": null,
      "fcf": 26494000,
      "ocf": 26494000,
      "capex": null,
      "gross_margin": 0.6487263722820725,
      "op_margin": 0.6419241545321811,
      "fcf_margin": 0.1306874235428752,
      "incr_op_margin_yoy": 0.665129500947568,
      "rev_growth_yoy": 0.08469860565656133,
      "rev_growth_yoy_accel": 0.06162257254655576,
      "op_leverage_ratio": 0.7305367734980518,
      "fcf_margin_change": -0.3464229176687912
    },
    {
      "date": "2023-06-30T00:00:00",
      "quarter_label": "2023-06 (Q2)",
      "revenue": 204320000,
      "gross_profit": 137221000,
      "operating_income": 131844000,
      "net_income": 22621000,
      "opex": 181996000,
      "cogs": 67099000,
      "rd": null,
      "sga": null,
      "fcf": 134577000,
      "ocf": 134577000,
      "capex": null,
      "gross_margin": 0.6715984729835552,
      "op_margin": 0.6452819107282693,
      "fcf_margin": 0.6586579874706343,
      "incr_op_margin_yoy": 0.4717274678111588,
      "rev_growth_yoy": 0.1003877638948729,
      "rev_growth_yoy_accel": 0.015689158238311574,
      "fcf_margin_change": 0.5279705639277591
    },
    {
      "date": "2023-09-30T00:00:00",
      "quarter_label": "2023-09 (Q3)",
      "revenue": 198848000,
      "gross_profit": 134010000,
      "operating_income": 134884000,
      "net_income": 19361000,
      "opex": 180446000,
      "cogs": 64838000,
      "rd": null,
      "sga": null,
      "fcf": 116447000,
      "ocf": 116447000,
      "capex": null,
      "gross_margin": 0.6739318474412617,
      "op_margin": 0.6783271644673319,
      "fcf_margin": 0.5856081026713872,
      "incr_op_margin_yoy": 1.4910277324632952,
      "rev_growth_yoy": 0.018845109391812265,
      "rev_growth_yoy_accel": -0.08154265450306064,
      "fcf_margin_change": -0.07304988479924712
    },
    {
      "date": "2023-12-31T00:00:00",
      "quarter_label": "2023-12 (Q4)",
      "revenue": 196978000,
      "gross_profit": 133694000,
      "operating_income": 134230000,
      "net_income": 18785000,
      "opex": 178376000,
      "cogs": 63284000,
      "rd": null,
      "sga": null,
      "fcf": 90844000,
      "ocf": 90844000,
      "capex": null,
      "gross_margin": 0.6787255429540354,
      "op_margin": 0.6814466590177584,
      "fcf_margin": 0.4611885591284306,
      "incr_op_margin_yoy": 1.6781609195402298,
      "rev_growth_yoy": 0.01252171767536059,
      "rev_growth_yoy_accel": -0.006323391716451675,
      "fcf_margin_change": -0.12441954354295659
    },
    {
      "date": "2024-03-31T00:00:00",
      "quarter_label": "2024-03 (Q1)",
      "revenue": 209241000,
      "gross_profit": 138166000,
      "operating_income": 138625000,
      "net_income": 13288000,
      "opex": 196239000,
      "cogs": 71075000,
      "rd": null,
      "sga": null,
      "fcf": 28292000,
      "ocf": 28292000,
      "capex": null,
      "gross_margin": 0.6603199181804713,
      "op_margin": 0.6625135609177933,
      "fcf_margin": 0.13521250615319177,
      "incr_op_margin_yoy": 1.3033932135728543,
      "rev_growth_yoy": 0.03212679057653605,
      "rev_growth_yoy_accel": 0.019605072901175462,
      "op_leverage_ratio": 0.6216715992746576,
      "fcf_margin_change": -0.3259760529752388
    },
    {
      "date": "2024-06-30T00:00:00",
      "quarter_label": "2024-06 (Q2)",
      "revenue": 212978000,
      "gross_profit": 142344000,
      "operating_income": 141315000,
      "net_income": 7840000,
      "opex": 205453000,
      "cogs": 70634000,
      "rd": null,
      "sga": null,
      "fcf": 125515000,
      "ocf": 125515000,
      "capex": null,
      "gross_margin": 0.6683507216707829,
      "op_margin": 0.6635192367286762,
      "fcf_margin": 0.5893331705622177,
      "incr_op_margin_yoy": 1.093901593901594,
      "rev_growth_yoy": 0.04237470634299138,
      "rev_growth_yoy_accel": 0.010247915766455333,
      "op_leverage_ratio": 0.3803762785181826,
      "fcf_margin_change": 0.4541206644090259
    },
    {
      "date": "2024-09-30T00:00:00",
      "quarter_label": "2024-09 (Q3)",
      "revenue": 209212000,
      "gross_profit": 143207000,
      "operating_income": 142076000,
      "net_income": 11198000,
      "opex": 196281000,
      "cogs": 66005000,
      "rd": null,
      "sga": null,
      "fcf": 117388000,
      "ocf": 117388000,
      "capex": null,
      "gross_margin": 0.6845066248589947,
      "op_margin": 0.6791006252031432,
      "fcf_margin": 0.5610959218400474,
      "incr_op_margin_yoy": 0.6939405634890004,
      "rev_growth_yoy": 0.05212021242355971,
      "rev_growth_yoy_accel": 0.009745506080568324,
      "fcf_margin_change": -0.02823724872217026
    },
    {
      "date": "2024-12-31T00:00:00",
      "quarter_label": "2024-12 (Q4)",
      "revenue": 225327000,
      "gross_profit": 152380000,
      "operating_income": 148308000,
      "net_income": 13636000,
      "opex": 209506000,
      "cogs": 72947000,
      "rd": null,
      "sga": null,
      "fcf": 129038000,
      "ocf": 129038000,
      "capex": null,
      "gross_margin": 0.6762616109032651,
      "op_margin": 0.658190097058941,
      "fcf_margin": 0.5726699419066512,
      "incr_op_margin_yoy": 0.49659599985890157,
      "rev_growth_yoy": 0.14391962554193868,
      "rev_growth_yoy_accel": 0.09179941311837897,
      "op_leverage_ratio": 1.1432107506330262,
      "fcf_margin_change": 0.011574020066603796
    },
    {
      "date": "2025-03-31T00:00:00",
      "quarter_label": "2025-03 (Q1)",
      "revenue": 250328000,
      "gross_profit": 173172000,
      "operating_income": 165228000,
      "net_income": 20897000,
      "opex": 227352000,
      "cogs": 77156000,
      "rd": null,
      "sga": null,
      "fcf": 44758000,
      "ocf": 44758000,
      "capex": null,
      "gross_margin": 0.6917803841360135,
      "op_margin": 0.6600460196222556,
      "fcf_margin": 0.17879741778786232,
      "incr_op_margin_yoy": 0.6474797381166792,
      "rev_growth_yoy": 0.19636208964782237,
      "rev_growth_yoy_accel": 0.052442464105883685,
      "op_leverage_ratio": 1.302565952512172,
      "fcf_margin_change": -0.3938725241187889
    },
    {
      "date": "2025-06-30T00:00:00",
      "quarter_label": "2025-06 (Q2)",
      "revenue": 240128000,
      "gross_profit": 165949000,
      "operating_income": 166701000,
      "net_income": 14483000,
      "opex": 223883000,
      "cogs": 74179000,
      "rd": null,
      "sga": null,
      "fcf": 122554000,
      "ocf": 122554000,
      "capex": null,
      "gross_margin": 0.6910855876865671,
      "op_margin": 0.6942172507995735,
      "fcf_margin": 0.5103694696162047,
      "incr_op_margin_yoy": 0.9350276243093922,
      "rev_growth_yoy": 0.12747795546957902,
      "rev_growth_yoy_accel": -0.06888413417824335,
      "fcf_margin_change": 0.3315720518283424
    },
    {
      "date": "2025-09-30T00:00:00",
      "quarter_label": "2025-09 (Q3)",
      "revenue": 248326000,
      "gross_profit": 168303000,
      "operating_income": 169182000,
      "net_income": 8590000,
      "opex": 236866000,
      "cogs": 80023000,
      "rd": null,
      "sga": null,
      "fcf": 120491000,
      "ocf": 120491000,
      "capex": null,
      "gross_margin": 0.6777502154426037,
      "op_margin": 0.6812899172861481,
      "fcf_margin": 0.48521298615529584,
      "incr_op_margin_yoy": 0.6929999488674132,
      "rev_growth_yoy": 0.18695868305833319,
      "rev_growth_yoy_accel": 0.05948072758875417,
      "op_leverage_ratio": 0.5887232276858436,
      "fcf_margin_change": -0.02515648346090882
    }
  ],
  "signals": [
    {
      "quarter": "2025-09 (Q3)",
      "signal": "YoY REVENUE GROWTH ACCELERATION",
      "detail": "YoY growth: +18.7% vs prior quarter YoY: +12.7% (accel: +5.9%)",
      "severity": "MEDIUM"
    },
    {
      "quarter": "2025-06 (Q2)",
      "signal": "FCF MARGIN EXPANSION",
      "detail": "FCF margin: +17.9% -> +51.0% (+33.2%)",
      "severity": "MEDIUM"
    },
    {
      "quarter": "2025-06 (Q2)",
      "signal": "YoY REVENUE GROWTH DECELERATION",
      "detail": "YoY growth: +12.7% vs prior quarter YoY: +19.6% (decel: -6.9%)",
      "severity": "WARNING"
    },
    {
      "quarter": "2025-06 (Q2)",
      "signal": "INCREMENTAL MARGIN (YoY)",
      "detail": "YoY Incr OPM: +93.5% vs year-ago OPM: +66.4%",
      "severity": "HIGH"
    },
    {
      "quarter": "2025-03 (Q1)",
      "signal": "YoY REVENUE GROWTH ACCELERATION",
      "detail": "YoY growth: +19.6% vs prior quarter YoY: +14.4% (accel: +5.2%)",
      "severity": "MEDIUM"
    },
    {
      "quarter": "2024-12 (Q4)",
      "signal": "YoY REVENUE GROWTH ACCELERATION",
      "detail": "YoY growth: +14.4% vs prior quarter YoY: +5.2% (accel: +9.2%)",
      "severity": "MEDIUM"
    },
    {
      "quarter": "2024-06 (Q2)",
      "signal": "FCF MARGIN EXPANSION",
      "detail": "FCF margin: +13.5% -> +58.9% (+45.4%)",
      "severity": "MEDIUM"
    },
    {
      "quarter": "2024-06 (Q2)",
      "signal": "INCREMENTAL MARGIN (YoY)",
      "detail": "YoY Incr OPM: +109.4% vs year-ago OPM: +64.5%",
      "severity": "HIGH"
    },
    {
      "quarter": "2024-03 (Q1)",
      "signal": "INCREMENTAL MARGIN (YoY)",
      "detail": "YoY Incr OPM: +130.3% vs year-ago OPM: +64.2%",
      "severity": "HIGH"
    },
    {
      "quarter": "2023-12 (Q4)",
      "signal": "INCREMENTAL MARGIN (YoY)",
      "detail": "YoY Incr OPM: +167.8% vs year-ago OPM: +66.9%",
      "severity": "HIGH"
    },
    {
      "quarter": "2023-09 (Q3)",
      "signal": "YoY REVENUE GROWTH DECELERATION",
      "detail": "YoY growth: +1.9% vs prior quarter YoY: +10.0% (decel: -8.2%)",
      "severity": "WARNING"
    },
    {
      "quarter": "2023-09 (Q3)",
      "signal": "INCREMENTAL MARGIN (YoY)",
      "detail": "YoY Incr OPM: +149.1% vs year-ago OPM: +66.3%",
      "severity": "HIGH"
    },
    {
      "quarter": "2023-06 (Q2)",
      "signal": "FCF MARGIN EXPANSION",
      "detail": "FCF margin: +13.1% -> +65.9% (+52.8%)",
      "severity": "MEDIUM"
    },
    {
      "quarter": "2023-06 (Q2)",
      "signal": "GROSS MARGIN INFLECTION",
      "detail": "GM: +66.8% -> +64.9% -> +67.2% (reversal +2.3%)",
      "severity": "MEDIUM"
    },
    {
      "quarter": "2023-03 (Q1)",
      "signal": "YoY REVENUE GROWTH ACCELERATION",
      "detail": "YoY growth: +8.5% vs prior quarter YoY: +2.3% (accel: +6.2%)",
      "severity": "MEDIUM"
    },
    {
      "quarter": "2022-12 (Q4)",
      "signal": "INCREMENTAL MARGIN (YoY)",
      "detail": "YoY Incr OPM: +145.8% vs year-ago OPM: +65.1%",
      "severity": "HIGH"
    },
    {
      "quarter": "2022-09 (Q3)",
      "signal": "INCREMENTAL MARGIN (YoY)",
      "detail": "YoY Incr OPM: +81.6% vs year-ago OPM: +65.8%",
      "severity": "MEDIUM"
    },
    {
      "quarter": "2022-06 (Q2)",
      "signal": "FCF MARGIN EXPANSION",
      "detail": "FCF margin: +12.9% -> +71.9% (+59.0%)",
      "severity": "MEDIUM"
    },
    {
      "quarter": "2022-03 (Q1)",
      "signal": "YoY REVENUE GROWTH DECELERATION",
      "detail": "YoY growth: -1.4% vs prior quarter YoY: +3.8% (decel: -5.2%)",
      "severity": "WARNING"
    },
    {
      "quarter": "2022-03 (Q1)",
      "signal": "INCREMENTAL MARGIN (YoY)",
      "detail": "YoY Incr OPM: +132.6% vs year-ago OPM: +65.0%",
      "severity": "HIGH"
    },
    {
      "quarter": "2021-06 (Q2)",
      "signal": "FCF MARGIN EXPANSION",
      "detail": "FCF margin: +18.9% -> +70.7% (+51.8%)",
      "severity": "MEDIUM"
    }
  ],
  "data_quality": {
    "n_quarters": 20,
    "coverage": {
      "revenue": [
        20,
        20
      ],
      "gross_profit": [
        20,
        20
      ],
      "op_income": [
        20,
        20
      ],
      "fcf": [
        20,
        20
      ]
    },
    "gaps": [],
    "warnings": []
  },
  "market_cap": null,
  "source": "SEC EDGAR",
  "last_updated": "2026-02-02T21:10:43.574872",
  "sector": "Real Estate",
  "industry": "REIT - Office"
}