{
  "ticker": "CVLG",
  "name": "COVENANT LOGISTICS GROUP, INC.",
  "quarters": [
    {
      "date": "2020-12-31T00:00:00",
      "quarter_label": "2020-12 (Q4)",
      "revenue": 225229000,
      "gross_profit": null,
      "operating_income": 9566000,
      "net_income": null,
      "opex": 215661000,
      "cogs": null,
      "rd": null,
      "sga": null,
      "fcf": 7648000,
      "ocf": 38083000,
      "capex": -30435000,
      "gross_margin": null,
      "op_margin": 0.04247232816377997,
      "fcf_margin": 0.033956550888207114
    },
    {
      "date": "2021-03-31T00:00:00",
      "quarter_label": "2021-03 (Q1)",
      "revenue": 220889000,
      "gross_profit": null,
      "operating_income": 10509000,
      "net_income": 11140000,
      "opex": 210380000,
      "cogs": null,
      "rd": null,
      "sga": null,
      "fcf": 5709000,
      "ocf": 9616000,
      "capex": -3907000,
      "gross_margin": null,
      "op_margin": 0.047575931802851204,
      "fcf_margin": 0.025845560439858934,
      "fcf_margin_change": -0.00811099044834818
    },
    {
      "date": "2021-06-30T00:00:00",
      "quarter_label": "2021-06 (Q2)",
      "revenue": 256324000,
      "gross_profit": null,
      "operating_income": 18332000,
      "net_income": 15417000,
      "opex": 237992000,
      "cogs": null,
      "rd": null,
      "sga": null,
      "fcf": 14443000,
      "ocf": 24507000,
      "capex": -10064000,
      "gross_margin": null,
      "op_margin": 0.0715188589441488,
      "fcf_margin": 0.05634665501474696,
      "op_leverage_ratio": 1.2222637569377794,
      "fcf_margin_change": 0.03050109457488803
    },
    {
      "date": "2021-09-30T00:00:00",
      "quarter_label": "2021-09 (Q3)",
      "revenue": 274561000,
      "gross_profit": null,
      "operating_income": 20083000,
      "net_income": 16442000,
      "opex": 254478000,
      "cogs": null,
      "rd": null,
      "sga": null,
      "fcf": 26285000,
      "ocf": 34115000,
      "capex": -7830000,
      "gross_margin": null,
      "op_margin": 0.07314585829742754,
      "fcf_margin": 0.09573464548861638,
      "op_leverage_ratio": 1.0270963586943804,
      "fcf_margin_change": 0.039387990473869414
    },
    {
      "date": "2021-12-31T00:00:00",
      "quarter_label": "2021-12 (Q4)",
      "revenue": 294228000,
      "gross_profit": null,
      "operating_income": 18237000,
      "net_income": 17732000,
      "opex": 275991000,
      "cogs": null,
      "rd": null,
      "sga": null,
      "fcf": -8504000,
      "ocf": 4980000,
      "capex": -13484000,
      "gross_margin": null,
      "op_margin": 0.06198254414943513,
      "fcf_margin": -0.028902755686066588,
      "incr_op_margin_yoy": 0.1256684879491007,
      "rev_growth_yoy": 0.3063504255668675,
      "op_leverage_ratio": 0.8473221031406356,
      "fcf_margin_change": -0.12463740117468297
    },
    {
      "date": "2022-03-31T00:00:00",
      "quarter_label": "2022-03 (Q1)",
      "revenue": 291585000,
      "gross_profit": null,
      "operating_income": 23847000,
      "net_income": 22167000,
      "opex": 267738000,
      "cogs": null,
      "rd": null,
      "sga": null,
      "fcf": 30726000,
      "ocf": 39416000,
      "capex": -8690000,
      "gross_margin": null,
      "op_margin": 0.08178404238901178,
      "fcf_margin": 0.10537579093574773,
      "incr_op_margin_yoy": 0.1886669684281996,
      "rev_growth_yoy": 0.3200521528912712,
      "rev_growth_yoy_accel": 0.013701727324403723,
      "fcf_margin_change": 0.13427854662181432
    },
    {
      "date": "2022-06-30T00:00:00",
      "quarter_label": "2022-06 (Q2)",
      "revenue": 317377000,
      "gross_profit": null,
      "operating_income": 26873000,
      "net_income": 24526000,
      "opex": 290504000,
      "cogs": null,
      "rd": null,
      "sga": null,
      "fcf": 18617000,
      "ocf": 37487000,
      "capex": -18870000,
      "gross_margin": null,
      "op_margin": 0.08467217221159694,
      "fcf_margin": 0.05865894504012578,
      "incr_op_margin_yoy": 0.13989484546213946,
      "rev_growth_yoy": 0.23818682604828265,
      "rev_growth_yoy_accel": -0.08186532684298856,
      "op_leverage_ratio": 1.040262935021638,
      "fcf_margin_change": -0.046716845895621945
    },
    {
      "date": "2022-09-30T00:00:00",
      "quarter_label": "2022-09 (Q3)",
      "revenue": 311839000,
      "gross_profit": null,
      "operating_income": 59059000,
      "net_income": 50486000,
      "opex": 252780000,
      "cogs": null,
      "rd": null,
      "sga": null,
      "fcf": 10318000,
      "ocf": 44166000,
      "capex": -33848000,
      "gross_margin": null,
      "op_margin": 0.18938939645137395,
      "fcf_margin": 0.03308758686373417,
      "incr_op_margin_yoy": 1.0455496539513922,
      "rev_growth_yoy": 0.13577310688699415,
      "rev_growth_yoy_accel": -0.1024137191612885,
      "fcf_margin_change": -0.025571358176391612
    },
    {
      "date": "2022-12-31T00:00:00",
      "quarter_label": "2022-12 (Q4)",
      "revenue": 296057000,
      "gross_profit": null,
      "operating_income": 10903000,
      "net_income": 11503000,
      "opex": 285154000,
      "cogs": null,
      "rd": null,
      "sga": null,
      "fcf": -899000,
      "ocf": 38161000,
      "capex": -39060000,
      "gross_margin": null,
      "op_margin": 0.03682736770284101,
      "fcf_margin": -0.003036577415835464,
      "incr_op_margin_yoy": -4.0098414434117,
      "rev_growth_yoy": 0.006216267656375328,
      "rev_growth_yoy_accel": -0.1295568392306188,
      "fcf_margin_change": -0.03612416427956963
    },
    {
      "date": "2023-03-31T00:00:00",
      "quarter_label": "2023-03 (Q1)",
      "revenue": 266851000,
      "gross_profit": null,
      "operating_income": 17632000,
      "net_income": 16635000,
      "opex": 249219000,
      "cogs": null,
      "rd": null,
      "sga": null,
      "fcf": -8973000,
      "ocf": 7248000,
      "capex": -16221000,
      "gross_margin": null,
      "op_margin": 0.06607432612206812,
      "fcf_margin": -0.03362550636872262,
      "incr_op_margin_yoy": 0.25127355057815154,
      "rev_growth_yoy": -0.08482603700464701,
      "rev_growth_yoy_accel": -0.09104230466102234,
      "fcf_margin_change": -0.030588928952887156
    },
    {
      "date": "2023-06-30T00:00:00",
      "quarter_label": "2023-06 (Q2)",
      "revenue": 274016000,
      "gross_profit": null,
      "operating_income": 11783000,
      "net_income": 12293000,
      "opex": 262233000,
      "cogs": null,
      "rd": null,
      "sga": null,
      "fcf": -37726000,
      "ocf": 5120000,
      "capex": -42846000,
      "gross_margin": null,
      "op_margin": 0.04300113861964265,
      "fcf_margin": -0.13767809179026042,
      "incr_op_margin_yoy": 0.34800857913793504,
      "rev_growth_yoy": -0.13662300670811053,
      "rev_growth_yoy_accel": -0.05179696970346352,
      "op_leverage_ratio": 0.5141829916501753,
      "fcf_margin_change": -0.1040525854215378
    },
    {
      "date": "2023-09-30T00:00:00",
      "quarter_label": "2023-09 (Q3)",
      "revenue": 288721000,
      "gross_profit": null,
      "operating_income": 15141000,
      "net_income": 13506000,
      "opex": 273580000,
      "cogs": null,
      "rd": null,
      "sga": null,
      "fcf": -12375000,
      "ocf": 40605000,
      "capex": -52980000,
      "gross_margin": null,
      "op_margin": 0.052441630501418326,
      "fcf_margin": -0.042861447556637726,
      "incr_op_margin_yoy": 1.899731810710269,
      "rev_growth_yoy": -0.07413440910213283,
      "rev_growth_yoy_accel": 0.062488597605977705,
      "op_leverage_ratio": 1.2402104747156213,
      "fcf_margin_change": 0.09481664423362268
    },
    {
      "date": "2023-12-31T00:00:00",
      "quarter_label": "2023-12 (Q4)",
      "revenue": 273985000,
      "gross_profit": null,
      "operating_income": 14267000,
      "net_income": 12795000,
      "opex": 259718000,
      "cogs": null,
      "rd": null,
      "sga": null,
      "fcf": -73692000,
      "ocf": 31868000,
      "capex": -105560000,
      "gross_margin": null,
      "op_margin": 0.052072193733233574,
      "fcf_margin": -0.26896362939576984,
      "incr_op_margin_yoy": -0.15241029358463212,
      "rev_growth_yoy": -0.0745532110370638,
      "rev_growth_yoy_accel": -0.0004188019349309763,
      "fcf_margin_change": -0.2261021818391321
    },
    {
      "date": "2024-03-31T00:00:00",
      "quarter_label": "2024-03 (Q1)",
      "revenue": 278763000,
      "gross_profit": null,
      "operating_income": 4335000,
      "net_income": 3974000,
      "opex": 274428000,
      "cogs": null,
      "rd": null,
      "sga": null,
      "fcf": -26661000,
      "ocf": 21701000,
      "capex": -48362000,
      "gross_margin": null,
      "op_margin": 0.015550844265558916,
      "fcf_margin": -0.09564038269067272,
      "incr_op_margin_yoy": -1.1162693082605775,
      "rev_growth_yoy": 0.044639143192268346,
      "rev_growth_yoy_accel": 0.11919235422933215,
      "op_leverage_ratio": 0.30789932415653365,
      "fcf_margin_change": 0.17332324670509713
    },
    {
      "date": "2024-06-30T00:00:00",
      "quarter_label": "2024-06 (Q2)",
      "revenue": 287497000,
      "gross_profit": null,
      "operating_income": 15577000,
      "net_income": 12194000,
      "opex": 271920000,
      "cogs": null,
      "rd": null,
      "sga": null,
      "fcf": -28134000,
      "ocf": 22400000,
      "capex": -50534000,
      "gross_margin": null,
      "op_margin": 0.05418143493671238,
      "fcf_margin": -0.09785841243560803,
      "incr_op_margin_yoy": 0.28143312810622356,
      "rev_growth_yoy": 0.04919785705944178,
      "rev_growth_yoy_accel": 0.004558713867173436,
      "op_leverage_ratio": Infinity,
      "fcf_margin_change": -0.0022180297449353042
    },
    {
      "date": "2024-09-30T00:00:00",
      "quarter_label": "2024-09 (Q3)",
      "revenue": 287885000,
      "gross_profit": null,
      "operating_income": 16235000,
      "net_income": 13033000,
      "opex": 271650000,
      "cogs": null,
      "rd": null,
      "sga": null,
      "fcf": 24262000,
      "ocf": 56860000,
      "capex": -32598000,
      "gross_margin": null,
      "op_margin": 0.05639404623373917,
      "fcf_margin": 0.08427670771314935,
      "rev_growth_yoy": -0.002895528901603971,
      "rev_growth_yoy_accel": -0.052093385961045756,
      "fcf_margin_change": 0.18213512014875738
    },
    {
      "date": "2024-12-31T00:00:00",
      "quarter_label": "2024-12 (Q4)",
      "revenue": 277331000,
      "gross_profit": null,
      "operating_income": 8613000,
      "net_income": 6719000,
      "opex": 268718000,
      "cogs": null,
      "rd": null,
      "sga": null,
      "fcf": 464000,
      "ocf": 21932000,
      "capex": -21468000,
      "gross_margin": null,
      "op_margin": 0.03105675167940115,
      "fcf_margin": 0.0016730909995636982,
      "incr_op_margin_yoy": -1.6897788404064555,
      "rev_growth_yoy": 0.012212347391280545,
      "rev_growth_yoy_accel": 0.015107876292884515,
      "fcf_margin_change": -0.08260361671358565
    },
    {
      "date": "2025-03-31T00:00:00",
      "quarter_label": "2025-03 (Q1)",
      "revenue": 269355000,
      "gross_profit": null,
      "operating_income": 7627000,
      "net_income": 6563000,
      "opex": 261728000,
      "cogs": null,
      "rd": null,
      "sga": null,
      "fcf": -8595000,
      "ocf": 24830000,
      "capex": -33425000,
      "gross_margin": null,
      "op_margin": 0.028315791427669802,
      "fcf_margin": -0.03190956173080136,
      "incr_op_margin_yoy": -0.34991496598639454,
      "rev_growth_yoy": -0.03374909869674239,
      "rev_growth_yoy_accel": -0.04596144608802294,
      "fcf_margin_change": -0.03358265273036506
    },
    {
      "date": "2025-06-30T00:00:00",
      "quarter_label": "2025-06 (Q2)",
      "revenue": 302854000,
      "gross_profit": null,
      "operating_income": 11563000,
      "net_income": 9840000,
      "opex": 291291000,
      "cogs": null,
      "rd": null,
      "sga": null,
      "fcf": -14532000,
      "ocf": 21907000,
      "capex": -36439000,
      "gross_margin": null,
      "op_margin": 0.038180113189853856,
      "fcf_margin": -0.047983516810080104,
      "incr_op_margin_yoy": -0.2613791756202383,
      "rev_growth_yoy": 0.05341620956044759,
      "rev_growth_yoy_accel": 0.08716530825718999,
      "op_leverage_ratio": 1.1010536583893547,
      "fcf_margin_change": -0.016073955079278744
    },
    {
      "date": "2025-09-30T00:00:00",
      "quarter_label": "2025-09 (Q3)",
      "revenue": 296889000,
      "gross_profit": null,
      "operating_income": 7926000,
      "net_income": 9093000,
      "opex": 288963000,
      "cogs": null,
      "rd": null,
      "sga": null,
      "fcf": -7816000,
      "ocf": 41364000,
      "capex": -49180000,
      "gross_margin": null,
      "op_margin": 0.026696846296090457,
      "fcf_margin": -0.026326337452718018,
      "incr_op_margin_yoy": -0.9228120835184362,
      "rev_growth_yoy": 0.03127637772027025,
      "rev_growth_yoy_accel": -0.022139831840177343,
      "fcf_margin_change": 0.021657179357362086
    }
  ],
  "signals": [
    {
      "quarter": "2025-06 (Q2)",
      "signal": "YoY REVENUE GROWTH ACCELERATION",
      "detail": "YoY growth: +5.3% vs prior quarter YoY: -3.4% (accel: +8.7%)",
      "severity": "MEDIUM"
    },
    {
      "quarter": "2024-09 (Q3)",
      "signal": "FCF TURNED POSITIVE",
      "detail": "FCF margin: -9.8% -> +8.4%",
      "severity": "HIGH"
    },
    {
      "quarter": "2024-09 (Q3)",
      "signal": "YoY REVENUE GROWTH DECELERATION",
      "detail": "YoY growth: -0.3% vs prior quarter YoY: +4.9% (decel: -5.2%)",
      "severity": "WARNING"
    },
    {
      "quarter": "2024-06 (Q2)",
      "signal": "INCREMENTAL MARGIN (YoY)",
      "detail": "YoY Incr OPM: +28.1% vs year-ago OPM: +4.3%",
      "severity": "HIGH"
    },
    {
      "quarter": "2024-03 (Q1)",
      "signal": "FCF MARGIN EXPANSION",
      "detail": "FCF margin: -26.9% -> -9.6% (+17.3%)",
      "severity": "MEDIUM"
    },
    {
      "quarter": "2024-03 (Q1)",
      "signal": "YoY REVENUE GROWTH ACCELERATION",
      "detail": "YoY growth: +4.5% vs prior quarter YoY: -7.5% (accel: +11.9%)",
      "severity": "MEDIUM"
    },
    {
      "quarter": "2023-09 (Q3)",
      "signal": "FCF MARGIN EXPANSION",
      "detail": "FCF margin: -13.8% -> -4.3% (+9.5%)",
      "severity": "MEDIUM"
    },
    {
      "quarter": "2023-09 (Q3)",
      "signal": "YoY REVENUE GROWTH ACCELERATION",
      "detail": "YoY growth: -7.4% vs prior quarter YoY: -13.7% (accel: +6.2%)",
      "severity": "MEDIUM"
    },
    {
      "quarter": "2023-09 (Q3)",
      "signal": "INCREMENTAL MARGIN (YoY)",
      "detail": "YoY Incr OPM: +190.0% vs year-ago OPM: +18.9%",
      "severity": "HIGH"
    },
    {
      "quarter": "2023-06 (Q2)",
      "signal": "YoY REVENUE GROWTH DECELERATION",
      "detail": "YoY growth: -13.7% vs prior quarter YoY: -8.5% (decel: -5.2%)",
      "severity": "WARNING"
    },
    {
      "quarter": "2023-06 (Q2)",
      "signal": "INCREMENTAL MARGIN (YoY)",
      "detail": "YoY Incr OPM: +34.8% vs year-ago OPM: +8.5%",
      "severity": "HIGH"
    },
    {
      "quarter": "2023-03 (Q1)",
      "signal": "YoY REVENUE GROWTH DECELERATION",
      "detail": "YoY growth: -8.5% vs prior quarter YoY: +0.6% (decel: -9.1%)",
      "severity": "WARNING"
    },
    {
      "quarter": "2023-03 (Q1)",
      "signal": "INCREMENTAL MARGIN (YoY)",
      "detail": "YoY Incr OPM: +25.1% vs year-ago OPM: +8.2%",
      "severity": "MEDIUM"
    },
    {
      "quarter": "2022-12 (Q4)",
      "signal": "YoY REVENUE GROWTH DECELERATION",
      "detail": "YoY growth: +0.6% vs prior quarter YoY: +13.6% (decel: -13.0%)",
      "severity": "WARNING"
    },
    {
      "quarter": "2022-09 (Q3)",
      "signal": "YoY REVENUE GROWTH DECELERATION",
      "detail": "YoY growth: +13.6% vs prior quarter YoY: +23.8% (decel: -10.2%)",
      "severity": "WARNING"
    },
    {
      "quarter": "2022-09 (Q3)",
      "signal": "INCREMENTAL MARGIN (YoY)",
      "detail": "YoY Incr OPM: +104.6% vs year-ago OPM: +7.3%",
      "severity": "HIGH"
    },
    {
      "quarter": "2022-06 (Q2)",
      "signal": "YoY REVENUE GROWTH DECELERATION",
      "detail": "YoY growth: +23.8% vs prior quarter YoY: +32.0% (decel: -8.2%)",
      "severity": "WARNING"
    },
    {
      "quarter": "2022-03 (Q1)",
      "signal": "FCF TURNED POSITIVE",
      "detail": "FCF margin: -2.9% -> +10.5%",
      "severity": "HIGH"
    },
    {
      "quarter": "2022-03 (Q1)",
      "signal": "INCREMENTAL MARGIN (YoY)",
      "detail": "YoY Incr OPM: +18.9% vs year-ago OPM: +4.8%",
      "severity": "MEDIUM"
    }
  ],
  "data_quality": {
    "n_quarters": 20,
    "coverage": {
      "revenue": [
        20,
        20
      ],
      "gross_profit": [
        0,
        20
      ],
      "op_income": [
        20,
        20
      ],
      "fcf": [
        20,
        20
      ]
    },
    "gaps": [],
    "warnings": [
      "gross_profit: no data"
    ]
  },
  "market_cap": null,
  "source": "SEC EDGAR",
  "last_updated": "2026-02-02T22:16:18.828443"
}