{
  "ticker": "CVS",
  "name": "CVS HEALTH CORPORATION",
  "sector": "Healthcare",
  "industry": "Healthcare Plans",
  "quarters": [
    {
      "date": "2021-03-31T00:00:00",
      "quarter_label": "2021-03 (Q1)",
      "revenue": 69097000000,
      "gross_profit": 28203000000,
      "operating_income": 3577000000,
      "net_income": 2223000000,
      "opex": 8922000000,
      "cogs": 40894000000,
      "rd": null,
      "sga": null,
      "fcf": 2063000000,
      "ocf": 2892000000,
      "capex": -829000000,
      "gross_margin": 0.4081653327930301,
      "op_margin": 0.05176780468037686,
      "fcf_margin": 0.02985657843321707
    },
    {
      "date": "2021-06-30T00:00:00",
      "quarter_label": "2021-06 (Q2)",
      "revenue": 72616000000,
      "gross_profit": 29096000000,
      "operating_income": 4326000000,
      "net_income": 2783000000,
      "opex": 8869000000,
      "cogs": 43520000000,
      "rd": null,
      "sga": null,
      "fcf": 5361000000,
      "ocf": 5847000000,
      "capex": -486000000,
      "gross_margin": 0.4006830450589402,
      "op_margin": 0.05957364768095186,
      "fcf_margin": 0.0738267048584334,
      "op_leverage_ratio": null,
      "fcf_margin_change": 0.04397012642521633
    },
    {
      "date": "2021-09-30T00:00:00",
      "quarter_label": "2021-09 (Q3)",
      "revenue": 73794000000,
      "gross_profit": 28783000000,
      "operating_income": 3061000000,
      "net_income": 1598000000,
      "opex": 70733000000,
      "cogs": 45011000000,
      "rd": null,
      "sga": null,
      "fcf": 4913000000,
      "ocf": 5521000000,
      "capex": -608000000,
      "gross_margin": 0.3900452611323414,
      "op_margin": 0.041480337154782235,
      "fcf_margin": 0.06657722850096214,
      "op_leverage_ratio": 0.0023256782201091994,
      "fcf_margin_change": -0.007249476357471266
    },
    {
      "date": "2021-12-31T00:00:00",
      "quarter_label": "2021-12 (Q4)",
      "revenue": 76604000000,
      "gross_profit": 30226000000,
      "operating_income": 2229000000,
      "net_income": 1306000000,
      "opex": 74375000000,
      "cogs": 46378000000,
      "rd": null,
      "sga": null,
      "fcf": 3408000000,
      "ocf": 4005000000,
      "capex": -597000000,
      "gross_margin": 0.39457469583833743,
      "op_margin": 0.029097697248185474,
      "fcf_margin": 0.0444885384575218,
      "op_leverage_ratio": 0.7395497673242893,
      "fcf_margin_change": -0.022088690043440336
    },
    {
      "date": "2022-03-31T00:00:00",
      "quarter_label": "2022-03 (Q1)",
      "revenue": 76826000000,
      "gross_profit": 31317000000,
      "operating_income": 3490000000,
      "net_income": 2312000000,
      "opex": 9876000000,
      "cogs": 45509000000,
      "rd": null,
      "sga": null,
      "fcf": 2512000000,
      "ocf": 3563000000,
      "capex": -1051000000,
      "gross_margin": 0.4076354359201312,
      "op_margin": 0.04542732928956343,
      "fcf_margin": 0.03269726394710124,
      "incr_op_margin_yoy": -0.011256307413636951,
      "rev_growth_yoy": 0.11185724416400133,
      "fcf_margin_change": -0.011791274510420557
    },
    {
      "date": "2022-06-30T00:00:00",
      "quarter_label": "2022-06 (Q2)",
      "revenue": 80636000000,
      "gross_profit": 31346000000,
      "operating_income": 4569000000,
      "net_income": 2951000000,
      "opex": 9171000000,
      "cogs": 49290000000,
      "rd": null,
      "sga": null,
      "fcf": 5035000000,
      "ocf": 5443000000,
      "capex": -408000000,
      "gross_margin": 0.38873456024604397,
      "op_margin": 0.05666203680738132,
      "fcf_margin": 0.06244109330819981,
      "incr_op_margin_yoy": 0.03029925187032419,
      "rev_growth_yoy": 0.11044397928831112,
      "rev_growth_yoy_accel": -0.0014132648756902122,
      "op_leverage_ratio": null,
      "fcf_margin_change": 0.029743829361098567
    },
    {
      "date": "2022-09-30T00:00:00",
      "quarter_label": "2022-09 (Q3)",
      "revenue": 81159000000,
      "gross_profit": 30794000000,
      "operating_income": -3931000000,
      "net_income": -3416000000,
      "opex": 85090000000,
      "cogs": 50365000000,
      "rd": null,
      "sga": null,
      "fcf": 8543000000,
      "ocf": 9123000000,
      "capex": -580000000,
      "gross_margin": 0.37942803632375954,
      "op_margin": -0.048435786542466025,
      "fcf_margin": 0.10526250939513794,
      "incr_op_margin_yoy": -0.9493550577053632,
      "rev_growth_yoy": 0.09980486218391739,
      "rev_growth_yoy_accel": -0.010639117104393733,
      "fcf_margin_change": 0.04282141608693813
    },
    {
      "date": "2022-12-31T00:00:00",
      "quarter_label": "2022-12 (Q4)",
      "revenue": 83846000000,
      "gross_profit": 32118000000,
      "operating_income": 3618000000,
      "net_income": 2302000000,
      "opex": 80228000000,
      "cogs": 51728000000,
      "rd": null,
      "sga": null,
      "fcf": -2640000000,
      "ocf": -1952000000,
      "capex": -688000000,
      "gross_margin": 0.38305941845764857,
      "op_margin": 0.043150537890895214,
      "fcf_margin": -0.031486296305130834,
      "incr_op_margin_yoy": 0.19179784589892296,
      "rev_growth_yoy": 0.09453814422223382,
      "rev_growth_yoy_accel": -0.00526671796168357,
      "op_leverage_ratio": null,
      "fcf_margin_change": -0.13674880570026876
    },
    {
      "date": "2023-03-31T00:00:00",
      "quarter_label": "2023-03 (Q1)",
      "revenue": 85278000000,
      "gross_profit": 33823000000,
      "operating_income": 3446000000,
      "net_income": 2136000000,
      "opex": 81832000000,
      "cogs": 51455000000,
      "rd": null,
      "sga": null,
      "fcf": 6454000000,
      "ocf": 7438000000,
      "capex": -984000000,
      "gross_margin": 0.39662046483266494,
      "op_margin": 0.04040901522080724,
      "fcf_margin": 0.07568188747390886,
      "incr_op_margin_yoy": -0.005205868433506862,
      "rev_growth_yoy": 0.1100148387264728,
      "rev_growth_yoy_accel": 0.015476694504238983,
      "op_leverage_ratio": 0.8542446569452855,
      "fcf_margin_change": 0.1071681837790397
    },
    {
      "date": "2023-06-30T00:00:00",
      "quarter_label": "2023-06 (Q2)",
      "revenue": 88921000000,
      "gross_profit": 35385000000,
      "operating_income": 3234000000,
      "net_income": 1901000000,
      "opex": 85687000000,
      "cogs": 53536000000,
      "rd": null,
      "sga": null,
      "fcf": 5317000000,
      "ocf": 5908000000,
      "capex": -591000000,
      "gross_margin": 0.3979374950799024,
      "op_margin": 0.03636936156813351,
      "fcf_margin": 0.05979464918298265,
      "incr_op_margin_yoy": -0.16113458056729027,
      "rev_growth_yoy": 0.10274567190832878,
      "rev_growth_yoy_accel": -0.007269166818144018,
      "op_leverage_ratio": 0.9068197036447729,
      "fcf_margin_change": -0.01588723829092621
    },
    {
      "date": "2023-09-30T00:00:00",
      "quarter_label": "2023-09 (Q3)",
      "revenue": 89764000000,
      "gross_profit": 35076000000,
      "operating_income": 3690000000,
      "net_income": 2261000000,
      "opex": 86074000000,
      "cogs": 54688000000,
      "rd": null,
      "sga": null,
      "fcf": 2171000000,
      "ocf": 2716000000,
      "capex": -545000000,
      "gross_margin": 0.39075798761196023,
      "op_margin": 0.04110779377033109,
      "fcf_margin": 0.024185642351053874,
      "incr_op_margin_yoy": 0.8856478791400348,
      "rev_growth_yoy": 0.10602644192264567,
      "rev_growth_yoy_accel": 0.0032807700143168833,
      "fcf_margin_change": -0.035609006831928774
    },
    {
      "date": "2023-12-31T00:00:00",
      "quarter_label": "2023-12 (Q4)",
      "revenue": 93813000000,
      "gross_profit": 36394000000,
      "operating_income": 3373000000,
      "net_income": 2046000000,
      "opex": 90440000000,
      "cogs": 57419000000,
      "rd": null,
      "sga": null,
      "fcf": -3547000000,
      "ocf": -2636000000,
      "capex": -911000000,
      "gross_margin": 0.3879419696630531,
      "op_margin": 0.03595450523914596,
      "fcf_margin": -0.03780925884472301,
      "incr_op_margin_yoy": -0.024581117688371627,
      "rev_growth_yoy": 0.1188726951792572,
      "rev_growth_yoy_accel": 0.01284625325661154,
      "op_leverage_ratio": 0.889270394645884,
      "fcf_margin_change": -0.061994901195776886
    },
    {
      "date": "2024-03-31T00:00:00",
      "quarter_label": "2024-03 (Q1)",
      "revenue": 88437000000,
      "gross_profit": 40364000000,
      "operating_income": 2271000000,
      "net_income": 1113000000,
      "opex": 86166000000,
      "cogs": 48073000000,
      "rd": null,
      "sga": null,
      "fcf": 4198000000,
      "ocf": 4903000000,
      "capex": -705000000,
      "gross_margin": 0.45641530128792246,
      "op_margin": 0.025679297126768207,
      "fcf_margin": 0.047468819611700984,
      "incr_op_margin_yoy": -0.3719531497309275,
      "rev_growth_yoy": 0.03704355167804123,
      "rev_growth_yoy_accel": -0.08182914350121598,
      "fcf_margin_change": 0.08527807845642399
    },
    {
      "date": "2024-06-30T00:00:00",
      "quarter_label": "2024-06 (Q2)",
      "revenue": 91234000000,
      "gross_profit": 41236000000,
      "operating_income": 3045000000,
      "net_income": 1770000000,
      "opex": 88189000000,
      "cogs": 49998000000,
      "rd": null,
      "sga": null,
      "fcf": 2451000000,
      "ocf": 3089000000,
      "capex": -638000000,
      "gross_margin": 0.45198062125961813,
      "op_margin": 0.03337571519389701,
      "fcf_margin": 0.02686498454523533,
      "incr_op_margin_yoy": -0.08171206225680934,
      "rev_growth_yoy": 0.02601185321802499,
      "rev_growth_yoy_accel": -0.01103169846001624,
      "op_leverage_ratio": 1.3470959001168705,
      "fcf_margin_change": -0.020603835066465653
    },
    {
      "date": "2024-09-30T00:00:00",
      "quarter_label": "2024-09 (Q3)",
      "revenue": 95428000000,
      "gross_profit": 42480000000,
      "operating_income": 832000000,
      "net_income": 87000000,
      "opex": 94596000000,
      "cogs": 52948000000,
      "rd": null,
      "sga": null,
      "fcf": -1415000000,
      "ocf": -745000000,
      "capex": -670000000,
      "gross_margin": 0.4451523661818334,
      "op_margin": 0.008718615081527435,
      "fcf_margin": -0.014827933101395817,
      "incr_op_margin_yoy": -0.504590395480226,
      "rev_growth_yoy": 0.06309879238893097,
      "rev_growth_yoy_accel": 0.03708693917090598,
      "op_leverage_ratio": 0.6327489075194,
      "fcf_margin_change": -0.04169291764663115
    },
    {
      "date": "2024-12-31T00:00:00",
      "quarter_label": "2024-12 (Q4)",
      "revenue": 97710000000,
      "gross_profit": 42442000000,
      "operating_income": 2368000000,
      "net_income": 1644000000,
      "opex": 95342000000,
      "cogs": 55268000000,
      "rd": null,
      "sga": null,
      "fcf": 1092000000,
      "ocf": 1860000000,
      "capex": -768000000,
      "gross_margin": 0.4343670044007778,
      "op_margin": 0.02423498106642104,
      "fcf_margin": 0.01117592876880565,
      "incr_op_margin_yoy": -0.25789068514241725,
      "rev_growth_yoy": 0.041540085062837774,
      "rev_growth_yoy_accel": -0.021558707326093197,
      "op_leverage_ratio": 3.0323111533296974,
      "fcf_margin_change": 0.026003861870201466
    },
    {
      "date": "2025-03-31T00:00:00",
      "quarter_label": "2025-03 (Q1)",
      "revenue": 94588000000,
      "gross_profit": 43531000000,
      "operating_income": 3374000000,
      "net_income": 1779000000,
      "opex": 91214000000,
      "cogs": 51057000000,
      "rd": null,
      "sga": null,
      "fcf": 3813000000,
      "ocf": 4556000000,
      "capex": -743000000,
      "gross_margin": 0.4602169408381613,
      "op_margin": 0.03567048674250434,
      "fcf_margin": 0.04031166744195881,
      "incr_op_margin_yoy": 0.17932043570151196,
      "rev_growth_yoy": 0.06955233669165621,
      "rev_growth_yoy_accel": 0.028012251628818437,
      "fcf_margin_change": 0.029135738673153163
    },
    {
      "date": "2025-06-30T00:00:00",
      "quarter_label": "2025-06 (Q2)",
      "revenue": 98915000000,
      "gross_profit": 44910000000,
      "operating_income": 2381000000,
      "net_income": 1021000000,
      "opex": 96534000000,
      "cogs": 54005000000,
      "rd": null,
      "sga": null,
      "fcf": 1290000000,
      "ocf": 1897000000,
      "capex": -607000000,
      "gross_margin": 0.45402618409745743,
      "op_margin": 0.0240711722185715,
      "fcf_margin": 0.013041500278016479,
      "incr_op_margin_yoy": -0.08644707720348913,
      "rev_growth_yoy": 0.08419010456628012,
      "rev_growth_yoy_accel": 0.014637767874623911,
      "op_leverage_ratio": 0.7843334217791698,
      "fcf_margin_change": -0.027270167163942333
    },
    {
      "date": "2025-09-30T00:00:00",
      "quarter_label": "2025-09 (Q3)",
      "revenue": 102871000000,
      "gross_profit": 45826000000,
      "operating_income": -3207000000,
      "net_income": -3975000000,
      "opex": 106078000000,
      "cogs": 57045000000,
      "rd": null,
      "sga": null,
      "fcf": 98000000,
      "ocf": 796000000,
      "capex": -698000000,
      "gross_margin": 0.4454705407743679,
      "op_margin": -0.031174966705874347,
      "fcf_margin": 0.0009526494347289324,
      "incr_op_margin_yoy": -0.5426575305656322,
      "rev_growth_yoy": 0.07799597602380852,
      "rev_growth_yoy_accel": -0.0061941285424716025,
      "op_leverage_ratio": 0.40452372618433896,
      "fcf_margin_change": -0.012088850843287546
    },
    {
      "date": "2025-12-31T00:00:00",
      "quarter_label": "2025-12 (Q4)",
      "revenue": 105693000000,
      "gross_profit": 46633000000,
      "operating_income": 2112000000,
      "net_income": 2943000000,
      "opex": 103581000000,
      "cogs": 59060000000,
      "rd": null,
      "sga": null,
      "fcf": 2606000000,
      "ocf": 3390000000,
      "capex": -784000000,
      "gross_margin": 0.44121181156746425,
      "op_margin": 0.019982401861996537,
      "fcf_margin": 0.024656315933883986,
      "incr_op_margin_yoy": -0.0320681448077164,
      "rev_growth_yoy": 0.0817009517961314,
      "rev_growth_yoy_accel": 0.0037049757723228854,
      "op_leverage_ratio": null,
      "fcf_margin_change": 0.023703666499155052
    }
  ],
  "signals": [
    {
      "quarter": "2025-12 (Q4)",
      "signal": "OP MARGIN TURNED POSITIVE (QoQ)",
      "detail": "Op margin: -3.1% -> +2.0%",
      "severity": "HIGH"
    },
    {
      "quarter": "2025-03 (Q1)",
      "signal": "GROSS MARGIN INFLECTION",
      "detail": "GM: +44.5% -> +43.4% -> +46.0% (reversal +2.6%)",
      "severity": "MEDIUM"
    },
    {
      "quarter": "2025-03 (Q1)",
      "signal": "INCREMENTAL MARGIN (YoY)",
      "detail": "YoY Incr OPM: +17.9% vs year-ago OPM: +2.6%",
      "severity": "MEDIUM"
    },
    {
      "quarter": "2024-12 (Q4)",
      "signal": "FCF TURNED POSITIVE",
      "detail": "FCF margin: -1.5% -> +1.1%",
      "severity": "HIGH"
    },
    {
      "quarter": "2024-12 (Q4)",
      "signal": "OPERATING LEVERAGE",
      "detail": "Rev growth +2.4% vs OpEx growth +0.8% (leverage: 3.0x)",
      "severity": "MEDIUM"
    },
    {
      "quarter": "2024-03 (Q1)",
      "signal": "FCF TURNED POSITIVE",
      "detail": "FCF margin: -3.8% -> +4.7%",
      "severity": "HIGH"
    },
    {
      "quarter": "2024-03 (Q1)",
      "signal": "GROSS MARGIN INFLECTION",
      "detail": "GM: +39.1% -> +38.8% -> +45.6% (reversal +6.8%)",
      "severity": "HIGH"
    },
    {
      "quarter": "2024-03 (Q1)",
      "signal": "YoY REVENUE GROWTH DECELERATION",
      "detail": "YoY growth: +3.7% vs prior quarter YoY: +11.9% (decel: -8.2%)",
      "severity": "WARNING"
    },
    {
      "quarter": "2023-09 (Q3)",
      "signal": "OP MARGIN TURNED POSITIVE (YoY)",
      "detail": "Op margin: -4.8% (year-ago) -> +4.1%",
      "severity": "HIGH"
    },
    {
      "quarter": "2023-03 (Q1)",
      "signal": "FCF TURNED POSITIVE",
      "detail": "FCF margin: -3.1% -> +7.6%",
      "severity": "HIGH"
    },
    {
      "quarter": "2022-12 (Q4)",
      "signal": "INCREMENTAL MARGIN (YoY)",
      "detail": "YoY Incr OPM: +19.2% vs year-ago OPM: +2.9%",
      "severity": "MEDIUM"
    },
    {
      "quarter": "2022-12 (Q4)",
      "signal": "OP MARGIN TURNED POSITIVE (QoQ)",
      "detail": "Op margin: -4.8% -> +4.3%",
      "severity": "HIGH"
    }
  ],
  "data_quality": {
    "n_quarters": 20,
    "coverage": {
      "revenue": [
        20,
        20
      ],
      "gross_profit": [
        20,
        20
      ],
      "op_income": [
        20,
        20
      ],
      "fcf": [
        20,
        20
      ]
    },
    "gaps": [],
    "warnings": []
  },
  "market_cap": null,
  "source": "SEC EDGAR",
  "last_updated": "2026-02-24T11:04:55.034053"
}