{
  "ticker": "CVX",
  "name": "Chevron Corporation",
  "quarters": [
    {
      "date": "2020-12-31T00:00:00",
      "quarter_label": "2020-12 (Q4)",
      "revenue": 25246000000,
      "gross_profit": 11859000000,
      "operating_income": null,
      "net_income": -665000000,
      "opex": 26203000000,
      "cogs": 13387000000,
      "rd": null,
      "sga": 1129000000,
      "fcf": 2238000000,
      "ocf": 2238000000,
      "capex": null,
      "gross_margin": 0.46973778024241464,
      "op_margin": null,
      "fcf_margin": 0.08864770656737701
    },
    {
      "date": "2021-03-31T00:00:00",
      "quarter_label": "2021-03 (Q1)",
      "revenue": 32029000000,
      "gross_profit": 14461000000,
      "operating_income": null,
      "net_income": 1377000000,
      "opex": 29852000000,
      "cogs": 17568000000,
      "rd": null,
      "sga": 990000000,
      "fcf": 4196000000,
      "ocf": 4196000000,
      "capex": null,
      "gross_margin": 0.4514970807705517,
      "op_margin": null,
      "fcf_margin": 0.13100627556277125,
      "op_leverage_ratio": 1.9293294459362842,
      "fcf_margin_change": 0.04235856899539424
    },
    {
      "date": "2021-06-30T00:00:00",
      "quarter_label": "2021-06 (Q2)",
      "revenue": 37597000000,
      "gross_profit": 16968000000,
      "operating_income": null,
      "net_income": 3082000000,
      "opex": 33175000000,
      "cogs": 20629000000,
      "rd": null,
      "sga": 1096000000,
      "fcf": 6954000000,
      "ocf": 6954000000,
      "capex": null,
      "gross_margin": 0.45131260472910073,
      "op_margin": null,
      "fcf_margin": 0.1849615660824002,
      "op_leverage_ratio": 1.5617047772694934,
      "fcf_margin_change": 0.05395529051962894
    },
    {
      "date": "2021-09-30T00:00:00",
      "quarter_label": "2021-09 (Q3)",
      "revenue": 44710000000,
      "gross_profit": 20876000000,
      "operating_income": null,
      "net_income": 6111000000,
      "opex": 36655000000,
      "cogs": 23834000000,
      "rd": null,
      "sga": 657000000,
      "fcf": 8579000000,
      "ocf": 8579000000,
      "capex": null,
      "gross_margin": 0.46692015209125476,
      "op_margin": null,
      "fcf_margin": 0.19188101095951687,
      "op_leverage_ratio": 1.8035629447690709,
      "fcf_margin_change": 0.006919444877116682
    },
    {
      "date": "2021-12-31T00:00:00",
      "quarter_label": "2021-12 (Q4)",
      "revenue": 48129000000,
      "gross_profit": 20788000000,
      "operating_income": null,
      "net_income": 5055000000,
      "opex": 41144000000,
      "cogs": 27341000000,
      "rd": null,
      "sga": 1271000000,
      "fcf": 9458000000,
      "ocf": 9458000000,
      "capex": null,
      "gross_margin": 0.4319225415030439,
      "op_margin": null,
      "fcf_margin": 0.1965135365372229,
      "rev_growth_yoy": 0.9064010140220233,
      "op_leverage_ratio": 0.6244217892102264,
      "fcf_margin_change": 0.00463252557770602
    },
    {
      "date": "2022-03-31T00:00:00",
      "quarter_label": "2022-03 (Q1)",
      "revenue": 54373000000,
      "gross_profit": 21724000000,
      "operating_income": null,
      "net_income": 6259000000,
      "opex": 45319000000,
      "cogs": 32649000000,
      "rd": null,
      "sga": 967000000,
      "fcf": 8055000000,
      "ocf": 8055000000,
      "capex": null,
      "gross_margin": 0.39953653467713757,
      "op_margin": null,
      "fcf_margin": 0.1481433799863903,
      "rev_growth_yoy": 0.6976177838833557,
      "rev_growth_yoy_accel": -0.20878323013866762,
      "op_leverage_ratio": 1.2785157653277874,
      "fcf_margin_change": -0.0483701565508326
    },
    {
      "date": "2022-06-30T00:00:00",
      "quarter_label": "2022-06 (Q2)",
      "revenue": 68762000000,
      "gross_profit": 28759000000,
      "operating_income": null,
      "net_income": 11622000000,
      "opex": 52759000000,
      "cogs": 40003000000,
      "rd": null,
      "sga": 863000000,
      "fcf": 13782000000,
      "ocf": 13782000000,
      "capex": null,
      "gross_margin": 0.4182397254297432,
      "op_margin": null,
      "fcf_margin": 0.20043047031790814,
      "rev_growth_yoy": 0.8289225204138628,
      "rev_growth_yoy_accel": 0.13130473653050712,
      "op_leverage_ratio": 1.611961628943366,
      "fcf_margin_change": 0.05228709033151785
    },
    {
      "date": "2022-09-30T00:00:00",
      "quarter_label": "2022-09 (Q3)",
      "revenue": 66644000000,
      "gross_profit": 28554000000,
      "operating_income": null,
      "net_income": 11231000000,
      "opex": 51835000000,
      "cogs": 38090000000,
      "rd": null,
      "sga": 1028000000,
      "fcf": 15267000000,
      "ocf": 15267000000,
      "capex": null,
      "gross_margin": 0.428455674929476,
      "op_margin": null,
      "fcf_margin": 0.2290828881819819,
      "rev_growth_yoy": 0.49058376202191906,
      "rev_growth_yoy_accel": -0.3383387583919438,
      "fcf_margin_change": 0.028652417864073743
    },
    {
      "date": "2022-12-31T00:00:00",
      "quarter_label": "2022-12 (Q4)",
      "revenue": 56473000000,
      "gross_profit": 21799000000,
      "operating_income": null,
      "net_income": 6353000000,
      "opex": 46665000000,
      "cogs": 34674000000,
      "rd": null,
      "sga": 1454000000,
      "fcf": 12498000000,
      "ocf": 12498000000,
      "capex": null,
      "gross_margin": 0.3860074725975245,
      "op_margin": null,
      "fcf_margin": 0.22130929824872062,
      "rev_growth_yoy": 0.173367408423196,
      "rev_growth_yoy_accel": -0.317216353598723,
      "fcf_margin_change": -0.007773589933261271
    },
    {
      "date": "2023-03-31T00:00:00",
      "quarter_label": "2023-03 (Q1)",
      "revenue": 50793000000,
      "gross_profit": 21386000000,
      "operating_income": null,
      "net_income": 6574000000,
      "opex": 41274000000,
      "cogs": 29407000000,
      "rd": null,
      "sga": 881000000,
      "fcf": 7205000000,
      "ocf": 7205000000,
      "capex": null,
      "gross_margin": 0.4210422696040793,
      "op_margin": null,
      "fcf_margin": 0.14185025495639164,
      "rev_growth_yoy": -0.06584150221617346,
      "rev_growth_yoy_accel": -0.23920891063936947,
      "fcf_margin_change": -0.07945904329232897
    },
    {
      "date": "2023-06-30T00:00:00",
      "quarter_label": "2023-06 (Q2)",
      "revenue": 48896000000,
      "gross_profit": 19912000000,
      "operating_income": null,
      "net_income": 6010000000,
      "opex": 41059000000,
      "cogs": 28984000000,
      "rd": null,
      "sga": 1128000000,
      "fcf": 6297000000,
      "ocf": 6297000000,
      "capex": null,
      "gross_margin": 0.40723167539267013,
      "op_margin": null,
      "fcf_margin": 0.12878354057591623,
      "rev_growth_yoy": -0.288909572147407,
      "rev_growth_yoy_accel": -0.22306806993123351,
      "fcf_margin_change": -0.013066714380475408
    },
    {
      "date": "2023-09-30T00:00:00",
      "quarter_label": "2023-09 (Q3)",
      "revenue": 54080000000,
      "gross_profit": 21752000000,
      "operating_income": null,
      "net_income": 6526000000,
      "opex": 45342000000,
      "cogs": 32328000000,
      "rd": null,
      "sga": 1163000000,
      "fcf": 9673000000,
      "ocf": 9673000000,
      "capex": null,
      "gross_margin": 0.4022189349112426,
      "op_margin": null,
      "fcf_margin": 0.1788646449704142,
      "rev_growth_yoy": -0.18852409819338575,
      "rev_growth_yoy_accel": 0.10038547395402123,
      "op_leverage_ratio": 1.0163702718528016,
      "fcf_margin_change": 0.05008110439449798
    },
    {
      "date": "2023-12-31T00:00:00",
      "quarter_label": "2023-12 (Q4)",
      "revenue": 47180000000,
      "gross_profit": 18703000000,
      "operating_income": null,
      "net_income": 2259000000,
      "opex": 43690000000,
      "cogs": 28477000000,
      "rd": null,
      "sga": 969000000,
      "fcf": 12434000000,
      "ocf": 12434000000,
      "capex": null,
      "gross_margin": 0.396417973717677,
      "op_margin": null,
      "fcf_margin": 0.263543874523103,
      "rev_growth_yoy": -0.16455651373222602,
      "rev_growth_yoy_accel": 0.023967584461159736,
      "fcf_margin_change": 0.0846792295526888
    },
    {
      "date": "2024-03-31T00:00:00",
      "quarter_label": "2024-03 (Q1)",
      "revenue": 48716000000,
      "gross_profit": 20975000000,
      "operating_income": null,
      "net_income": 5501000000,
      "opex": 40794000000,
      "cogs": 27741000000,
      "rd": null,
      "sga": 1010000000,
      "fcf": 6828000000,
      "ocf": 6828000000,
      "capex": null,
      "gross_margin": 0.4305566959520486,
      "op_margin": null,
      "fcf_margin": 0.1401592905821496,
      "rev_growth_yoy": -0.04089146142184947,
      "rev_growth_yoy_accel": 0.12366505231037656,
      "op_leverage_ratio": Infinity,
      "fcf_margin_change": -0.12338458394095342
    },
    {
      "date": "2024-06-30T00:00:00",
      "quarter_label": "2024-06 (Q2)",
      "revenue": 51181000000,
      "gross_profit": 20314000000,
      "operating_income": null,
      "net_income": 4434000000,
      "opex": 44145000000,
      "cogs": 30867000000,
      "rd": null,
      "sga": 1048000000,
      "fcf": 6295000000,
      "ocf": 6295000000,
      "capex": null,
      "gross_margin": 0.3969051015025107,
      "op_margin": null,
      "fcf_margin": 0.12299486137433813,
      "rev_growth_yoy": 0.0467318390052356,
      "rev_growth_yoy_accel": 0.08762330042708508,
      "op_leverage_ratio": 0.6159807858648041,
      "fcf_margin_change": -0.01716442920781147
    },
    {
      "date": "2024-09-30T00:00:00",
      "quarter_label": "2024-09 (Q3)",
      "revenue": 50669000000,
      "gross_profit": 20219000000,
      "operating_income": null,
      "net_income": 4487000000,
      "opex": 44180000000,
      "cogs": 30450000000,
      "rd": null,
      "sga": 1191000000,
      "fcf": 9674000000,
      "ocf": 9674000000,
      "capex": null,
      "gross_margin": 0.39904083364581894,
      "op_margin": null,
      "fcf_margin": 0.1909254179083858,
      "rev_growth_yoy": -0.06307322485207101,
      "rev_growth_yoy_accel": -0.10980506385730661,
      "fcf_margin_change": 0.06793055653404767
    },
    {
      "date": "2024-12-31T00:00:00",
      "quarter_label": "2024-12 (Q4)",
      "revenue": 52226000000,
      "gross_profit": 22078000000,
      "operating_income": null,
      "net_income": 3239000000,
      "opex": 46167000000,
      "cogs": 30148000000,
      "rd": null,
      "sga": 1585000000,
      "fcf": 8695000000,
      "ocf": 8695000000,
      "capex": null,
      "gross_margin": 0.4227396316011182,
      "op_margin": null,
      "fcf_margin": 0.16648795619040324,
      "rev_growth_yoy": 0.1069520983467571,
      "rev_growth_yoy_accel": 0.17002532319882813,
      "op_leverage_ratio": 0.6832413212077958,
      "fcf_margin_change": -0.024437461717982556
    },
    {
      "date": "2025-03-31T00:00:00",
      "quarter_label": "2025-03 (Q1)",
      "revenue": 47610000000,
      "gross_profit": 19000000000,
      "operating_income": null,
      "net_income": 3500000000,
      "opex": 42027000000,
      "cogs": 28610000000,
      "rd": null,
      "sga": 1221000000,
      "fcf": 5189000000,
      "ocf": 5189000000,
      "capex": null,
      "gross_margin": 0.39907582440663725,
      "op_margin": null,
      "fcf_margin": 0.10898970804452845,
      "rev_growth_yoy": -0.02270301338369324,
      "rev_growth_yoy_accel": -0.12965511173045036,
      "fcf_margin_change": -0.057498248145874786
    },
    {
      "date": "2025-06-30T00:00:00",
      "quarter_label": "2025-06 (Q2)",
      "revenue": 44822000000,
      "gross_profit": 17964000000,
      "operating_income": null,
      "net_income": 2490000000,
      "opex": 40675000000,
      "cogs": 26858000000,
      "rd": null,
      "sga": 889000000,
      "fcf": 8576000000,
      "ocf": 8576000000,
      "capex": null,
      "gross_margin": 0.40078532863326044,
      "op_margin": null,
      "fcf_margin": 0.19133461246709205,
      "rev_growth_yoy": -0.12424532541372775,
      "rev_growth_yoy_accel": -0.10154231203003451,
      "fcf_margin_change": 0.08234490442256359
    },
    {
      "date": "2025-09-30T00:00:00",
      "quarter_label": "2025-09 (Q3)",
      "revenue": 49726000000,
      "gross_profit": 22328000000,
      "operating_income": null,
      "net_income": 3539000000,
      "opex": 44312000000,
      "cogs": 27398000000,
      "rd": null,
      "sga": 1524000000,
      "fcf": 9385000000,
      "ocf": 9385000000,
      "capex": null,
      "gross_margin": 0.4490206330692193,
      "op_margin": null,
      "fcf_margin": 0.1887342637654346,
      "rev_growth_yoy": -0.01861098502042669,
      "rev_growth_yoy_accel": 0.10563434039330105,
      "op_leverage_ratio": 1.2236113331900442,
      "fcf_margin_change": -0.0026003487016574567
    }
  ],
  "signals": [
    {
      "quarter": "2025-09 (Q3)",
      "signal": "YoY REVENUE GROWTH ACCELERATION",
      "detail": "YoY growth: -1.9% vs prior quarter YoY: -12.4% (accel: +10.6%)",
      "severity": "MEDIUM"
    },
    {
      "quarter": "2025-06 (Q2)",
      "signal": "FCF MARGIN EXPANSION",
      "detail": "FCF margin: +10.9% -> +19.1% (+8.2%)",
      "severity": "MEDIUM"
    },
    {
      "quarter": "2025-06 (Q2)",
      "signal": "YoY REVENUE GROWTH DECELERATION",
      "detail": "YoY growth: -12.4% vs prior quarter YoY: -2.3% (decel: -10.2%)",
      "severity": "WARNING"
    },
    {
      "quarter": "2025-03 (Q1)",
      "signal": "YoY REVENUE GROWTH DECELERATION",
      "detail": "YoY growth: -2.3% vs prior quarter YoY: +10.7% (decel: -13.0%)",
      "severity": "WARNING"
    },
    {
      "quarter": "2024-12 (Q4)",
      "signal": "YoY REVENUE GROWTH ACCELERATION",
      "detail": "YoY growth: +10.7% vs prior quarter YoY: -6.3% (accel: +17.0%)",
      "severity": "HIGH"
    },
    {
      "quarter": "2024-09 (Q3)",
      "signal": "FCF MARGIN EXPANSION",
      "detail": "FCF margin: +12.3% -> +19.1% (+6.8%)",
      "severity": "MEDIUM"
    },
    {
      "quarter": "2024-09 (Q3)",
      "signal": "YoY REVENUE GROWTH DECELERATION",
      "detail": "YoY growth: -6.3% vs prior quarter YoY: +4.7% (decel: -11.0%)",
      "severity": "WARNING"
    },
    {
      "quarter": "2024-06 (Q2)",
      "signal": "YoY REVENUE GROWTH ACCELERATION",
      "detail": "YoY growth: +4.7% vs prior quarter YoY: -4.1% (accel: +8.8%)",
      "severity": "MEDIUM"
    },
    {
      "quarter": "2024-03 (Q1)",
      "signal": "GROSS MARGIN INFLECTION",
      "detail": "GM: +40.2% -> +39.6% -> +43.1% (reversal +3.4%)",
      "severity": "MEDIUM"
    },
    {
      "quarter": "2024-03 (Q1)",
      "signal": "YoY REVENUE GROWTH ACCELERATION",
      "detail": "YoY growth: -4.1% vs prior quarter YoY: -16.5% (accel: +12.4%)",
      "severity": "MEDIUM"
    },
    {
      "quarter": "2023-12 (Q4)",
      "signal": "FCF MARGIN EXPANSION",
      "detail": "FCF margin: +17.9% -> +26.4% (+8.5%)",
      "severity": "MEDIUM"
    },
    {
      "quarter": "2023-09 (Q3)",
      "signal": "FCF MARGIN EXPANSION",
      "detail": "FCF margin: +12.9% -> +17.9% (+5.0%)",
      "severity": "MEDIUM"
    },
    {
      "quarter": "2023-09 (Q3)",
      "signal": "YoY REVENUE GROWTH ACCELERATION",
      "detail": "YoY growth: -18.9% vs prior quarter YoY: -28.9% (accel: +10.0%)",
      "severity": "MEDIUM"
    },
    {
      "quarter": "2023-06 (Q2)",
      "signal": "YoY REVENUE GROWTH DECELERATION",
      "detail": "YoY growth: -28.9% vs prior quarter YoY: -6.6% (decel: -22.3%)",
      "severity": "WARNING"
    },
    {
      "quarter": "2023-03 (Q1)",
      "signal": "GROSS MARGIN INFLECTION",
      "detail": "GM: +42.8% -> +38.6% -> +42.1% (reversal +3.5%)",
      "severity": "MEDIUM"
    },
    {
      "quarter": "2023-03 (Q1)",
      "signal": "YoY REVENUE GROWTH DECELERATION",
      "detail": "YoY growth: -6.6% vs prior quarter YoY: +17.3% (decel: -23.9%)",
      "severity": "WARNING"
    },
    {
      "quarter": "2022-12 (Q4)",
      "signal": "YoY REVENUE GROWTH DECELERATION",
      "detail": "YoY growth: +17.3% vs prior quarter YoY: +49.1% (decel: -31.7%)",
      "severity": "WARNING"
    },
    {
      "quarter": "2022-09 (Q3)",
      "signal": "YoY REVENUE GROWTH DECELERATION",
      "detail": "YoY growth: +49.1% vs prior quarter YoY: +82.9% (decel: -33.8%)",
      "severity": "WARNING"
    },
    {
      "quarter": "2022-06 (Q2)",
      "signal": "FCF MARGIN EXPANSION",
      "detail": "FCF margin: +14.8% -> +20.0% (+5.2%)",
      "severity": "MEDIUM"
    },
    {
      "quarter": "2022-06 (Q2)",
      "signal": "OPERATING LEVERAGE",
      "detail": "Rev growth +26.5% vs OpEx growth +16.4% (leverage: 1.6x)",
      "severity": "MEDIUM"
    },
    {
      "quarter": "2022-06 (Q2)",
      "signal": "YoY REVENUE GROWTH ACCELERATION",
      "detail": "YoY growth: +82.9% vs prior quarter YoY: +69.8% (accel: +13.1%)",
      "severity": "MEDIUM"
    },
    {
      "quarter": "2022-03 (Q1)",
      "signal": "YoY REVENUE GROWTH DECELERATION",
      "detail": "YoY growth: +69.8% vs prior quarter YoY: +90.6% (decel: -20.9%)",
      "severity": "WARNING"
    },
    {
      "quarter": "2021-09 (Q3)",
      "signal": "OPERATING LEVERAGE",
      "detail": "Rev growth +18.9% vs OpEx growth +10.5% (leverage: 1.8x)",
      "severity": "MEDIUM"
    },
    {
      "quarter": "2021-06 (Q2)",
      "signal": "FCF MARGIN EXPANSION",
      "detail": "FCF margin: +13.1% -> +18.5% (+5.4%)",
      "severity": "MEDIUM"
    },
    {
      "quarter": "2021-06 (Q2)",
      "signal": "OPERATING LEVERAGE",
      "detail": "Rev growth +17.4% vs OpEx growth +11.1% (leverage: 1.6x)",
      "severity": "MEDIUM"
    },
    {
      "quarter": "2021-03 (Q1)",
      "signal": "OPERATING LEVERAGE",
      "detail": "Rev growth +26.9% vs OpEx growth +13.9% (leverage: 1.9x)",
      "severity": "MEDIUM"
    }
  ],
  "data_quality": {
    "n_quarters": 20,
    "coverage": {
      "revenue": [
        20,
        20
      ],
      "gross_profit": [
        20,
        20
      ],
      "op_income": [
        0,
        20
      ],
      "fcf": [
        20,
        20
      ]
    },
    "gaps": [],
    "warnings": [
      "op_income: no data"
    ]
  },
  "market_cap": null,
  "source": "SEC EDGAR",
  "last_updated": "2026-02-02T19:46:05.650560",
  "sector": "Energy",
  "industry": "Oil & Gas Integrated"
}