{
  "ticker": "CWD",
  "name": "CALIBERCOS INC.",
  "quarters": [
    {
      "date": "2022-03-31T00:00:00",
      "quarter_label": "2022-03 (Q1)",
      "revenue": 24302000,
      "gross_profit": null,
      "operating_income": null,
      "net_income": 549000,
      "opex": 24206000,
      "cogs": null,
      "rd": null,
      "sga": null,
      "fcf": 4398000,
      "ocf": 4398000,
      "capex": null,
      "gross_margin": null,
      "op_margin": null,
      "fcf_margin": 0.1809727594436672
    },
    {
      "date": "2022-06-30T00:00:00",
      "quarter_label": "2022-06 (Q2)",
      "revenue": 18681000,
      "gross_profit": null,
      "operating_income": null,
      "net_income": -460000,
      "opex": 20465000,
      "cogs": null,
      "rd": null,
      "sga": null,
      "fcf": -3409000,
      "ocf": -3409000,
      "capex": null,
      "gross_margin": null,
      "op_margin": null,
      "fcf_margin": -0.18248487768320754,
      "fcf_margin_change": -0.36345763712687473
    },
    {
      "date": "2022-09-30T00:00:00",
      "quarter_label": "2022-09 (Q3)",
      "revenue": 19506000,
      "gross_profit": null,
      "operating_income": null,
      "net_income": 4400000,
      "opex": 21387000,
      "cogs": null,
      "rd": null,
      "sga": null,
      "fcf": -4805000,
      "ocf": -4805000,
      "capex": null,
      "gross_margin": null,
      "op_margin": null,
      "fcf_margin": -0.24633446119142827,
      "op_leverage_ratio": 0.9802450458032632,
      "fcf_margin_change": -0.06384958350822073
    },
    {
      "date": "2022-12-31T00:00:00",
      "quarter_label": "2022-12 (Q4)",
      "revenue": 21467000,
      "gross_profit": null,
      "operating_income": null,
      "net_income": -2469000,
      "opex": 26347000,
      "cogs": null,
      "rd": null,
      "sga": null,
      "fcf": -3613000,
      "ocf": -3613000,
      "capex": null,
      "gross_margin": null,
      "op_margin": null,
      "fcf_margin": -0.16830483998695672,
      "op_leverage_ratio": 0.43348848617298896,
      "fcf_margin_change": 0.07802962120447154
    },
    {
      "date": "2023-03-31T00:00:00",
      "quarter_label": "2023-03 (Q1)",
      "revenue": 29522000,
      "gross_profit": null,
      "operating_income": null,
      "net_income": -1207000,
      "opex": 29013000,
      "cogs": null,
      "rd": null,
      "sga": null,
      "fcf": 1050000,
      "ocf": 1050000,
      "capex": null,
      "gross_margin": null,
      "op_margin": null,
      "fcf_margin": 0.03556669602330465,
      "rev_growth_yoy": 0.21479713603818615,
      "op_leverage_ratio": 3.708217634135557,
      "fcf_margin_change": 0.20387153601026137
    },
    {
      "date": "2023-06-30T00:00:00",
      "quarter_label": "2023-06 (Q2)",
      "revenue": 20445000,
      "gross_profit": null,
      "operating_income": null,
      "net_income": -5726000,
      "opex": 31406000,
      "cogs": null,
      "rd": null,
      "sga": null,
      "fcf": -4509000,
      "ocf": -4509000,
      "capex": null,
      "gross_margin": null,
      "op_margin": null,
      "fcf_margin": -0.22054292002934703,
      "rev_growth_yoy": 0.09442749317488357,
      "rev_growth_yoy_accel": -0.12036964286330258,
      "fcf_margin_change": -0.2561096160526517
    },
    {
      "date": "2023-09-30T00:00:00",
      "quarter_label": "2023-09 (Q3)",
      "revenue": 17025000,
      "gross_profit": null,
      "operating_income": null,
      "net_income": -3409000,
      "opex": 28430000,
      "cogs": null,
      "rd": null,
      "sga": null,
      "fcf": -7683000,
      "ocf": -7683000,
      "capex": null,
      "gross_margin": null,
      "op_margin": null,
      "fcf_margin": -0.45127753303964757,
      "rev_growth_yoy": -0.1271916333435866,
      "rev_growth_yoy_accel": -0.22161912651847016,
      "fcf_margin_change": -0.23073461301030054
    },
    {
      "date": "2023-12-31T00:00:00",
      "quarter_label": "2023-12 (Q4)",
      "revenue": 23945000,
      "gross_profit": null,
      "operating_income": null,
      "net_income": -2361000,
      "opex": 30665000,
      "cogs": null,
      "rd": null,
      "sga": null,
      "fcf": -7578000,
      "ocf": -7578000,
      "capex": null,
      "gross_margin": null,
      "op_margin": null,
      "fcf_margin": -0.3164752557945291,
      "rev_growth_yoy": 0.11543299017096008,
      "rev_growth_yoy_accel": 0.24262462351454667,
      "op_leverage_ratio": 5.1703305114534155,
      "fcf_margin_change": 0.13480227724511845
    },
    {
      "date": "2024-03-31T00:00:00",
      "quarter_label": "2024-03 (Q1)",
      "revenue": 22951000,
      "gross_profit": null,
      "operating_income": null,
      "net_income": -3805000,
      "opex": 27308000,
      "cogs": null,
      "rd": null,
      "sga": null,
      "fcf": -1527000,
      "ocf": -1527000,
      "capex": null,
      "gross_margin": null,
      "op_margin": null,
      "fcf_margin": -0.06653304866890332,
      "rev_growth_yoy": -0.2225797710182237,
      "rev_growth_yoy_accel": -0.3380127611891838,
      "fcf_margin_change": 0.24994220712562581
    },
    {
      "date": "2024-06-30T00:00:00",
      "quarter_label": "2024-06 (Q2)",
      "revenue": 8179000,
      "gross_profit": null,
      "operating_income": null,
      "net_income": -4730000,
      "opex": 12655000,
      "cogs": null,
      "rd": null,
      "sga": null,
      "fcf": 1402000,
      "ocf": 1402000,
      "capex": null,
      "gross_margin": null,
      "op_margin": null,
      "fcf_margin": 0.1714145983616579,
      "rev_growth_yoy": -0.5999510882856444,
      "rev_growth_yoy_accel": -0.3773713172674207,
      "fcf_margin_change": 0.2379476470305612
    },
    {
      "date": "2024-09-30T00:00:00",
      "quarter_label": "2024-09 (Q3)",
      "revenue": 11302000,
      "gross_profit": null,
      "operating_income": null,
      "net_income": 146000,
      "opex": 10428000,
      "cogs": null,
      "rd": null,
      "sga": null,
      "fcf": -74000,
      "ocf": -74000,
      "capex": null,
      "gross_margin": null,
      "op_margin": null,
      "fcf_margin": -0.006547513714386834,
      "rev_growth_yoy": -0.33615271659324525,
      "rev_growth_yoy_accel": 0.2637983716923991,
      "op_leverage_ratio": Infinity,
      "fcf_margin_change": -0.17796211207604473
    },
    {
      "date": "2024-12-31T00:00:00",
      "quarter_label": "2024-12 (Q4)",
      "revenue": 8687000,
      "gross_profit": null,
      "operating_income": null,
      "net_income": -11388000,
      "opex": 14041000,
      "cogs": null,
      "rd": null,
      "sga": null,
      "fcf": 754000,
      "ocf": 754000,
      "capex": null,
      "gross_margin": null,
      "op_margin": null,
      "fcf_margin": 0.08679636238056866,
      "rev_growth_yoy": -0.6372102735435373,
      "rev_growth_yoy_accel": -0.30105755695029207,
      "fcf_margin_change": 0.0933438760949555
    },
    {
      "date": "2025-03-31T00:00:00",
      "quarter_label": "2025-03 (Q1)",
      "revenue": 7261000,
      "gross_profit": null,
      "operating_income": null,
      "net_income": -4407000,
      "opex": 9870000,
      "cogs": null,
      "rd": null,
      "sga": null,
      "fcf": -1738000,
      "ocf": -1738000,
      "capex": null,
      "gross_margin": null,
      "op_margin": null,
      "fcf_margin": -0.239360969563421,
      "rev_growth_yoy": -0.6836303429044486,
      "rev_growth_yoy_accel": -0.046420069360911254,
      "fcf_margin_change": -0.32615733194398966
    },
    {
      "date": "2025-06-30T00:00:00",
      "quarter_label": "2025-06 (Q2)",
      "revenue": 5073000,
      "gross_profit": null,
      "operating_income": null,
      "net_income": -5299000,
      "opex": 6901000,
      "cogs": null,
      "rd": null,
      "sga": null,
      "fcf": -1170000,
      "ocf": -1170000,
      "capex": null,
      "gross_margin": null,
      "op_margin": null,
      "fcf_margin": -0.2306327616794796,
      "rev_growth_yoy": -0.3797530260423035,
      "rev_growth_yoy_accel": 0.3038773168621451,
      "fcf_margin_change": 0.008728207883941408
    },
    {
      "date": "2025-09-30T00:00:00",
      "quarter_label": "2025-09 (Q3)",
      "revenue": 3636000,
      "gross_profit": null,
      "operating_income": null,
      "net_income": -4371000,
      "opex": 5500000,
      "cogs": null,
      "rd": null,
      "sga": null,
      "fcf": -4615000,
      "ocf": -4615000,
      "capex": null,
      "gross_margin": null,
      "op_margin": null,
      "fcf_margin": -1.2692519251925192,
      "rev_growth_yoy": -0.6782870288444524,
      "rev_growth_yoy_accel": -0.29853400280214887,
      "fcf_margin_change": -1.0386191635130395
    }
  ],
  "signals": [
    {
      "quarter": "2025-09 (Q3)",
      "signal": "YoY REVENUE GROWTH DECELERATION",
      "detail": "YoY growth: -67.8% vs prior quarter YoY: -38.0% (decel: -29.9%)",
      "severity": "WARNING"
    },
    {
      "quarter": "2025-06 (Q2)",
      "signal": "YoY REVENUE GROWTH ACCELERATION",
      "detail": "YoY growth: -38.0% vs prior quarter YoY: -68.4% (accel: +30.4%)",
      "severity": "HIGH"
    },
    {
      "quarter": "2024-12 (Q4)",
      "signal": "FCF TURNED POSITIVE",
      "detail": "FCF margin: -0.7% -> +8.7%",
      "severity": "HIGH"
    },
    {
      "quarter": "2024-12 (Q4)",
      "signal": "YoY REVENUE GROWTH DECELERATION",
      "detail": "YoY growth: -63.7% vs prior quarter YoY: -33.6% (decel: -30.1%)",
      "severity": "WARNING"
    },
    {
      "quarter": "2024-09 (Q3)",
      "signal": "YoY REVENUE GROWTH ACCELERATION",
      "detail": "YoY growth: -33.6% vs prior quarter YoY: -60.0% (accel: +26.4%)",
      "severity": "HIGH"
    },
    {
      "quarter": "2024-06 (Q2)",
      "signal": "FCF TURNED POSITIVE",
      "detail": "FCF margin: -6.7% -> +17.1%",
      "severity": "HIGH"
    },
    {
      "quarter": "2024-06 (Q2)",
      "signal": "YoY REVENUE GROWTH DECELERATION",
      "detail": "YoY growth: -60.0% vs prior quarter YoY: -22.3% (decel: -37.7%)",
      "severity": "WARNING"
    },
    {
      "quarter": "2024-03 (Q1)",
      "signal": "FCF MARGIN EXPANSION",
      "detail": "FCF margin: -31.6% -> -6.7% (+25.0%)",
      "severity": "MEDIUM"
    },
    {
      "quarter": "2024-03 (Q1)",
      "signal": "YoY REVENUE GROWTH DECELERATION",
      "detail": "YoY growth: -22.3% vs prior quarter YoY: +11.5% (decel: -33.8%)",
      "severity": "WARNING"
    },
    {
      "quarter": "2023-12 (Q4)",
      "signal": "FCF MARGIN EXPANSION",
      "detail": "FCF margin: -45.1% -> -31.6% (+13.5%)",
      "severity": "MEDIUM"
    },
    {
      "quarter": "2023-12 (Q4)",
      "signal": "OPERATING LEVERAGE",
      "detail": "Rev growth +40.6% vs OpEx growth +7.9% (leverage: 5.2x)",
      "severity": "MEDIUM"
    },
    {
      "quarter": "2023-12 (Q4)",
      "signal": "YoY REVENUE GROWTH ACCELERATION",
      "detail": "YoY growth: +11.5% vs prior quarter YoY: -12.7% (accel: +24.3%)",
      "severity": "HIGH"
    },
    {
      "quarter": "2023-09 (Q3)",
      "signal": "YoY REVENUE GROWTH DECELERATION",
      "detail": "YoY growth: -12.7% vs prior quarter YoY: +9.4% (decel: -22.2%)",
      "severity": "WARNING"
    },
    {
      "quarter": "2023-06 (Q2)",
      "signal": "YoY REVENUE GROWTH DECELERATION",
      "detail": "YoY growth: +9.4% vs prior quarter YoY: +21.5% (decel: -12.0%)",
      "severity": "WARNING"
    },
    {
      "quarter": "2023-03 (Q1)",
      "signal": "FCF TURNED POSITIVE",
      "detail": "FCF margin: -16.8% -> +3.6%",
      "severity": "HIGH"
    },
    {
      "quarter": "2023-03 (Q1)",
      "signal": "OPERATING LEVERAGE",
      "detail": "Rev growth +37.5% vs OpEx growth +10.1% (leverage: 3.7x)",
      "severity": "MEDIUM"
    },
    {
      "quarter": "2022-12 (Q4)",
      "signal": "FCF MARGIN EXPANSION",
      "detail": "FCF margin: -24.6% -> -16.8% (+7.8%)",
      "severity": "MEDIUM"
    }
  ],
  "data_quality": {
    "n_quarters": 15,
    "coverage": {
      "revenue": [
        15,
        15
      ],
      "gross_profit": [
        0,
        15
      ],
      "op_income": [
        0,
        15
      ],
      "fcf": [
        15,
        15
      ]
    },
    "gaps": [],
    "warnings": [
      "gross_profit: no data",
      "op_income: no data"
    ]
  },
  "market_cap": null,
  "source": "SEC EDGAR",
  "last_updated": "2026-02-03T00:11:44.225116"
}