{
  "ticker": "CWT",
  "name": "CALIFORNIA WATER SERVICE GROUP",
  "quarters": [
    {
      "date": "2020-12-31T00:00:00",
      "quarter_label": "2020-12 (Q4)",
      "revenue": 167773000,
      "gross_profit": null,
      "operating_income": 25034000,
      "net_income": 15497000,
      "opex": null,
      "cogs": null,
      "rd": null,
      "sga": null,
      "fcf": 21260000,
      "ocf": 21260000,
      "capex": null,
      "gross_margin": null,
      "op_margin": 0.1492135206499258,
      "fcf_margin": 0.12671884033783742
    },
    {
      "date": "2021-03-31T00:00:00",
      "quarter_label": "2021-03 (Q1)",
      "revenue": 146528000,
      "gross_profit": null,
      "operating_income": 2919000,
      "net_income": -3032000,
      "opex": null,
      "cogs": null,
      "rd": null,
      "sga": null,
      "fcf": 29979000,
      "ocf": 29979000,
      "capex": null,
      "gross_margin": null,
      "op_margin": 0.019921107228652545,
      "fcf_margin": 0.20459570867001528,
      "fcf_margin_change": 0.07787686833217786
    },
    {
      "date": "2021-06-30T00:00:00",
      "quarter_label": "2021-06 (Q2)",
      "revenue": 212457000,
      "gross_profit": null,
      "operating_income": 42246000,
      "net_income": 38076000,
      "opex": null,
      "cogs": null,
      "rd": null,
      "sga": null,
      "fcf": 37671000,
      "ocf": 37671000,
      "capex": null,
      "gross_margin": null,
      "op_margin": 0.19884494274135472,
      "fcf_margin": 0.17731117355511938,
      "fcf_margin_change": -0.027284535114895897
    },
    {
      "date": "2021-09-30T00:00:00",
      "quarter_label": "2021-09 (Q3)",
      "revenue": 238352000,
      "gross_profit": null,
      "operating_income": 71152000,
      "net_income": 62499000,
      "opex": null,
      "cogs": null,
      "rd": null,
      "sga": null,
      "fcf": 111508000,
      "ocf": 111508000,
      "capex": null,
      "gross_margin": null,
      "op_margin": 0.2985164798281533,
      "fcf_margin": 0.4678290931059945,
      "fcf_margin_change": 0.29051791955087514
    },
    {
      "date": "2021-12-31T00:00:00",
      "quarter_label": "2021-12 (Q4)",
      "revenue": 168367000,
      "gross_profit": null,
      "operating_income": 10453000,
      "net_income": 3582000,
      "opex": null,
      "cogs": null,
      "rd": null,
      "sga": null,
      "fcf": 52560000,
      "ocf": 52560000,
      "capex": null,
      "gross_margin": null,
      "op_margin": 0.06208461278041422,
      "fcf_margin": 0.3121751887246313,
      "rev_growth_yoy": 0.0035404981731267846,
      "fcf_margin_change": -0.15565390438136323
    },
    {
      "date": "2022-03-31T00:00:00",
      "quarter_label": "2022-03 (Q1)",
      "revenue": 158933000,
      "gross_profit": null,
      "operating_income": 9138000,
      "net_income": 1086000,
      "opex": null,
      "cogs": null,
      "rd": null,
      "sga": null,
      "fcf": 54193000,
      "ocf": 54193000,
      "capex": null,
      "gross_margin": null,
      "op_margin": 0.057495925956220544,
      "fcf_margin": 0.3409801614516809,
      "incr_op_margin_yoy": 0.5013301088270858,
      "rev_growth_yoy": 0.0846595872461236,
      "rev_growth_yoy_accel": 0.08111908907299682,
      "fcf_margin_change": 0.028804972727049627
    },
    {
      "date": "2022-06-30T00:00:00",
      "quarter_label": "2022-06 (Q2)",
      "revenue": 198660000,
      "gross_profit": null,
      "operating_income": 27289000,
      "net_income": 19484000,
      "opex": null,
      "cogs": null,
      "rd": null,
      "sga": null,
      "fcf": 35717000,
      "ocf": 35717000,
      "capex": null,
      "gross_margin": null,
      "op_margin": 0.1373653478304641,
      "fcf_margin": 0.17978959025470653,
      "incr_op_margin_yoy": 1.08407624845981,
      "rev_growth_yoy": -0.064940199663932,
      "rev_growth_yoy_accel": -0.1495997869100556,
      "fcf_margin_change": -0.16119057119697439
    },
    {
      "date": "2022-09-30T00:00:00",
      "quarter_label": "2022-09 (Q3)",
      "revenue": 238268000,
      "gross_profit": null,
      "operating_income": 64946000,
      "net_income": 55872000,
      "opex": null,
      "cogs": null,
      "rd": null,
      "sga": null,
      "fcf": 109931000,
      "ocf": 109931000,
      "capex": null,
      "gross_margin": null,
      "op_margin": 0.2725754192757735,
      "fcf_margin": 0.461375425990901,
      "rev_growth_yoy": -0.0003524199503255689,
      "rev_growth_yoy_accel": 0.06458777971360642,
      "fcf_margin_change": 0.28158583573619445
    },
    {
      "date": "2022-12-31T00:00:00",
      "quarter_label": "2022-12 (Q4)",
      "revenue": 176756000,
      "gross_profit": null,
      "operating_income": 26287000,
      "net_income": 19569000,
      "opex": null,
      "cogs": null,
      "rd": null,
      "sga": null,
      "fcf": 43931000,
      "ocf": 43931000,
      "capex": null,
      "gross_margin": null,
      "op_margin": 0.14871913824707506,
      "fcf_margin": 0.24854036072325691,
      "incr_op_margin_yoy": 1.8874716891167005,
      "rev_growth_yoy": 0.0498256784286707,
      "rev_growth_yoy_accel": 0.05017809837899627,
      "fcf_margin_change": -0.21283506526764406
    },
    {
      "date": "2023-03-31T00:00:00",
      "quarter_label": "2023-03 (Q1)",
      "revenue": 145225000,
      "gross_profit": null,
      "operating_income": -17524000,
      "net_income": -22211000,
      "opex": null,
      "cogs": null,
      "rd": null,
      "sga": null,
      "fcf": 20970000,
      "ocf": 20970000,
      "capex": null,
      "gross_margin": null,
      "op_margin": -0.12066792907557239,
      "fcf_margin": 0.14439662592528835,
      "incr_op_margin_yoy": 1.9449956229938723,
      "rev_growth_yoy": -0.08625018089383577,
      "rev_growth_yoy_accel": -0.13607585932250646,
      "fcf_margin_change": -0.10414373479796857
    },
    {
      "date": "2023-06-30T00:00:00",
      "quarter_label": "2023-06 (Q2)",
      "revenue": 194206000,
      "gross_profit": null,
      "operating_income": 15949000,
      "net_income": 9556000,
      "opex": null,
      "cogs": null,
      "rd": null,
      "sga": null,
      "fcf": 16551000,
      "ocf": 16551000,
      "capex": null,
      "gross_margin": null,
      "op_margin": 0.08212413622648115,
      "fcf_margin": 0.08522393746846132,
      "incr_op_margin_yoy": 2.5460260440053886,
      "rev_growth_yoy": -0.022420215443471257,
      "rev_growth_yoy_accel": 0.06382996545036451,
      "fcf_margin_change": -0.05917268845682702
    },
    {
      "date": "2023-09-30T00:00:00",
      "quarter_label": "2023-09 (Q3)",
      "revenue": 253337000,
      "gross_profit": null,
      "operating_income": 43474000,
      "net_income": 34438000,
      "opex": null,
      "cogs": null,
      "rd": null,
      "sga": null,
      "fcf": 105987000,
      "ocf": 105987000,
      "capex": null,
      "gross_margin": null,
      "op_margin": 0.17160541097431484,
      "fcf_margin": 0.41836368157829296,
      "incr_op_margin_yoy": -1.4249120711394254,
      "rev_growth_yoy": 0.06324391021874527,
      "rev_growth_yoy_accel": 0.08566412566221653,
      "fcf_margin_change": 0.3331397441098316
    },
    {
      "date": "2023-12-31T00:00:00",
      "quarter_label": "2023-12 (Q4)",
      "revenue": 197566000,
      "gross_profit": null,
      "operating_income": 35236000,
      "net_income": 30128000,
      "opex": null,
      "cogs": null,
      "rd": null,
      "sga": null,
      "fcf": 74309000,
      "ocf": 74309000,
      "capex": null,
      "gross_margin": null,
      "op_margin": 0.1783505259002055,
      "fcf_margin": 0.3761224097263699,
      "incr_op_margin_yoy": 0.4300336376741951,
      "rev_growth_yoy": 0.11773291995745548,
      "rev_growth_yoy_accel": 0.05448900973871021,
      "fcf_margin_change": -0.04224127185192306
    },
    {
      "date": "2024-03-31T00:00:00",
      "quarter_label": "2024-03 (Q1)",
      "revenue": 154900000,
      "gross_profit": null,
      "operating_income": 77894000,
      "net_income": 69917000,
      "opex": null,
      "cogs": null,
      "rd": null,
      "sga": null,
      "fcf": 26515000,
      "ocf": 26515000,
      "capex": null,
      "gross_margin": null,
      "op_margin": 0.5028663653970303,
      "fcf_margin": 0.1711749515816656,
      "incr_op_margin_yoy": 9.862325581395348,
      "rev_growth_yoy": 0.06662076088827681,
      "rev_growth_yoy_accel": -0.05111215906917867,
      "fcf_margin_change": -0.2049474581447043
    },
    {
      "date": "2024-06-30T00:00:00",
      "quarter_label": "2024-06 (Q2)",
      "revenue": 226665000,
      "gross_profit": null,
      "operating_income": 48166000,
      "net_income": 40551000,
      "opex": null,
      "cogs": null,
      "rd": null,
      "sga": null,
      "fcf": 94424000,
      "ocf": 94424000,
      "capex": null,
      "gross_margin": null,
      "op_margin": 0.212498621313392,
      "fcf_margin": 0.41657953367304174,
      "incr_op_margin_yoy": 0.9925444406790105,
      "rev_growth_yoy": 0.16713695766351194,
      "rev_growth_yoy_accel": 0.10051619677523513,
      "fcf_margin_change": 0.24540458209137614
    },
    {
      "date": "2024-09-30T00:00:00",
      "quarter_label": "2024-09 (Q3)",
      "revenue": 306237000,
      "gross_profit": null,
      "operating_income": 66748000,
      "net_income": 60680000,
      "opex": null,
      "cogs": null,
      "rd": null,
      "sga": null,
      "fcf": 101843000,
      "ocf": 101843000,
      "capex": null,
      "gross_margin": null,
      "op_margin": 0.2179619053216953,
      "fcf_margin": 0.3325626883753433,
      "incr_op_margin_yoy": 0.4399621928166352,
      "rev_growth_yoy": 0.20881276718363287,
      "rev_growth_yoy_accel": 0.04167580952012093,
      "fcf_margin_change": -0.08401684529769843
    },
    {
      "date": "2024-12-31T00:00:00",
      "quarter_label": "2024-12 (Q4)",
      "revenue": 217820000,
      "gross_profit": null,
      "operating_income": 32246000,
      "net_income": 19659000,
      "opex": null,
      "cogs": null,
      "rd": null,
      "sga": null,
      "fcf": 68085000,
      "ocf": 68085000,
      "capex": null,
      "gross_margin": null,
      "op_margin": 0.14803966577908365,
      "fcf_margin": 0.3125746028831145,
      "incr_op_margin_yoy": -0.14762516046213095,
      "rev_growth_yoy": 0.10251763967484284,
      "rev_growth_yoy_accel": -0.10629512750879003,
      "fcf_margin_change": -0.019988085492228802
    },
    {
      "date": "2025-03-31T00:00:00",
      "quarter_label": "2025-03 (Q1)",
      "revenue": 182701000,
      "gross_profit": null,
      "operating_income": 22345000,
      "net_income": 13331000,
      "opex": null,
      "cogs": null,
      "rd": null,
      "sga": null,
      "fcf": 38421000,
      "ocf": 38421000,
      "capex": null,
      "gross_margin": null,
      "op_margin": 0.1223036546050651,
      "fcf_margin": 0.21029441546570626,
      "incr_op_margin_yoy": -1.9980935937556203,
      "rev_growth_yoy": 0.1794770819883796,
      "rev_growth_yoy_accel": 0.07695944231353677,
      "fcf_margin_change": -0.10228018741740824
    },
    {
      "date": "2025-06-30T00:00:00",
      "quarter_label": "2025-06 (Q2)",
      "revenue": 256216000,
      "gross_profit": null,
      "operating_income": 51809000,
      "net_income": 42168000,
      "opex": null,
      "cogs": null,
      "rd": null,
      "sga": null,
      "fcf": 48946000,
      "ocf": 48946000,
      "capex": null,
      "gross_margin": null,
      "op_margin": 0.2022082930027789,
      "fcf_margin": 0.19103412745495987,
      "incr_op_margin_yoy": 0.12327840005414369,
      "rev_growth_yoy": 0.1303730174486577,
      "rev_growth_yoy_accel": -0.04910406453972191,
      "fcf_margin_change": -0.01926028801074639
    },
    {
      "date": "2025-09-30T00:00:00",
      "quarter_label": "2025-09 (Q3)",
      "revenue": 314096000,
      "gross_profit": null,
      "operating_income": 70615000,
      "net_income": 61230000,
      "opex": null,
      "cogs": null,
      "rd": null,
      "sga": null,
      "fcf": 167289000,
      "ocf": 167289000,
      "capex": null,
      "gross_margin": null,
      "op_margin": 0.22481980031582702,
      "fcf_margin": 0.5326046813713005,
      "incr_op_margin_yoy": 0.4920473342664461,
      "rev_growth_yoy": 0.025663130190016228,
      "rev_growth_yoy_accel": -0.10470988725864147,
      "fcf_margin_change": 0.3415705539163406
    }
  ],
  "signals": [
    {
      "quarter": "2025-09 (Q3)",
      "signal": "FCF MARGIN EXPANSION",
      "detail": "FCF margin: +19.1% -> +53.3% (+34.2%)",
      "severity": "MEDIUM"
    },
    {
      "quarter": "2025-09 (Q3)",
      "signal": "YoY REVENUE GROWTH DECELERATION",
      "detail": "YoY growth: +2.6% vs prior quarter YoY: +13.0% (decel: -10.5%)",
      "severity": "WARNING"
    },
    {
      "quarter": "2025-09 (Q3)",
      "signal": "INCREMENTAL MARGIN (YoY)",
      "detail": "YoY Incr OPM: +49.2% vs year-ago OPM: +21.8%",
      "severity": "HIGH"
    },
    {
      "quarter": "2025-03 (Q1)",
      "signal": "YoY REVENUE GROWTH ACCELERATION",
      "detail": "YoY growth: +17.9% vs prior quarter YoY: +10.3% (accel: +7.7%)",
      "severity": "MEDIUM"
    },
    {
      "quarter": "2024-12 (Q4)",
      "signal": "YoY REVENUE GROWTH DECELERATION",
      "detail": "YoY growth: +10.3% vs prior quarter YoY: +20.9% (decel: -10.6%)",
      "severity": "WARNING"
    },
    {
      "quarter": "2024-09 (Q3)",
      "signal": "INCREMENTAL MARGIN (YoY)",
      "detail": "YoY Incr OPM: +44.0% vs year-ago OPM: +17.2%",
      "severity": "HIGH"
    },
    {
      "quarter": "2024-06 (Q2)",
      "signal": "FCF MARGIN EXPANSION",
      "detail": "FCF margin: +17.1% -> +41.7% (+24.5%)",
      "severity": "MEDIUM"
    },
    {
      "quarter": "2024-06 (Q2)",
      "signal": "YoY REVENUE GROWTH ACCELERATION",
      "detail": "YoY growth: +16.7% vs prior quarter YoY: +6.7% (accel: +10.1%)",
      "severity": "MEDIUM"
    },
    {
      "quarter": "2024-06 (Q2)",
      "signal": "INCREMENTAL MARGIN (YoY)",
      "detail": "YoY Incr OPM: +99.3% vs year-ago OPM: +8.2%",
      "severity": "HIGH"
    },
    {
      "quarter": "2024-03 (Q1)",
      "signal": "YoY REVENUE GROWTH DECELERATION",
      "detail": "YoY growth: +6.7% vs prior quarter YoY: +11.8% (decel: -5.1%)",
      "severity": "WARNING"
    },
    {
      "quarter": "2024-03 (Q1)",
      "signal": "OP MARGIN TURNED POSITIVE (YoY)",
      "detail": "Op margin: -12.1% (year-ago) -> +50.3%",
      "severity": "HIGH"
    },
    {
      "quarter": "2023-12 (Q4)",
      "signal": "YoY REVENUE GROWTH ACCELERATION",
      "detail": "YoY growth: +11.8% vs prior quarter YoY: +6.3% (accel: +5.4%)",
      "severity": "MEDIUM"
    },
    {
      "quarter": "2023-12 (Q4)",
      "signal": "INCREMENTAL MARGIN (YoY)",
      "detail": "YoY Incr OPM: +43.0% vs year-ago OPM: +14.9%",
      "severity": "HIGH"
    },
    {
      "quarter": "2023-09 (Q3)",
      "signal": "FCF MARGIN EXPANSION",
      "detail": "FCF margin: +8.5% -> +41.8% (+33.3%)",
      "severity": "MEDIUM"
    },
    {
      "quarter": "2023-09 (Q3)",
      "signal": "YoY REVENUE GROWTH ACCELERATION",
      "detail": "YoY growth: +6.3% vs prior quarter YoY: -2.2% (accel: +8.6%)",
      "severity": "MEDIUM"
    },
    {
      "quarter": "2023-06 (Q2)",
      "signal": "YoY REVENUE GROWTH ACCELERATION",
      "detail": "YoY growth: -2.2% vs prior quarter YoY: -8.6% (accel: +6.4%)",
      "severity": "MEDIUM"
    },
    {
      "quarter": "2023-06 (Q2)",
      "signal": "INCREMENTAL MARGIN (YoY)",
      "detail": "YoY Incr OPM: +254.6% vs year-ago OPM: +13.7%",
      "severity": "HIGH"
    },
    {
      "quarter": "2023-06 (Q2)",
      "signal": "OP MARGIN TURNED POSITIVE (QoQ)",
      "detail": "Op margin: -12.1% -> +8.2%",
      "severity": "HIGH"
    },
    {
      "quarter": "2023-03 (Q1)",
      "signal": "YoY REVENUE GROWTH DECELERATION",
      "detail": "YoY growth: -8.6% vs prior quarter YoY: +5.0% (decel: -13.6%)",
      "severity": "WARNING"
    },
    {
      "quarter": "2022-12 (Q4)",
      "signal": "YoY REVENUE GROWTH ACCELERATION",
      "detail": "YoY growth: +5.0% vs prior quarter YoY: -0.0% (accel: +5.0%)",
      "severity": "MEDIUM"
    },
    {
      "quarter": "2022-12 (Q4)",
      "signal": "INCREMENTAL MARGIN (YoY)",
      "detail": "YoY Incr OPM: +188.7% vs year-ago OPM: +6.2%",
      "severity": "HIGH"
    },
    {
      "quarter": "2022-09 (Q3)",
      "signal": "FCF MARGIN EXPANSION",
      "detail": "FCF margin: +18.0% -> +46.1% (+28.2%)",
      "severity": "MEDIUM"
    },
    {
      "quarter": "2022-09 (Q3)",
      "signal": "YoY REVENUE GROWTH ACCELERATION",
      "detail": "YoY growth: -0.0% vs prior quarter YoY: -6.5% (accel: +6.5%)",
      "severity": "MEDIUM"
    },
    {
      "quarter": "2022-06 (Q2)",
      "signal": "YoY REVENUE GROWTH DECELERATION",
      "detail": "YoY growth: -6.5% vs prior quarter YoY: +8.5% (decel: -15.0%)",
      "severity": "WARNING"
    },
    {
      "quarter": "2022-06 (Q2)",
      "signal": "INCREMENTAL MARGIN (YoY)",
      "detail": "YoY Incr OPM: +108.4% vs year-ago OPM: +19.9%",
      "severity": "HIGH"
    },
    {
      "quarter": "2022-03 (Q1)",
      "signal": "YoY REVENUE GROWTH ACCELERATION",
      "detail": "YoY growth: +8.5% vs prior quarter YoY: +0.4% (accel: +8.1%)",
      "severity": "MEDIUM"
    },
    {
      "quarter": "2022-03 (Q1)",
      "signal": "INCREMENTAL MARGIN (YoY)",
      "detail": "YoY Incr OPM: +50.1% vs year-ago OPM: +2.0%",
      "severity": "HIGH"
    },
    {
      "quarter": "2021-09 (Q3)",
      "signal": "FCF MARGIN EXPANSION",
      "detail": "FCF margin: +17.7% -> +46.8% (+29.1%)",
      "severity": "MEDIUM"
    },
    {
      "quarter": "2021-03 (Q1)",
      "signal": "FCF MARGIN EXPANSION",
      "detail": "FCF margin: +12.7% -> +20.5% (+7.8%)",
      "severity": "MEDIUM"
    }
  ],
  "data_quality": {
    "n_quarters": 20,
    "coverage": {
      "revenue": [
        20,
        20
      ],
      "gross_profit": [
        0,
        20
      ],
      "op_income": [
        20,
        20
      ],
      "fcf": [
        20,
        20
      ]
    },
    "gaps": [],
    "warnings": [
      "gross_profit: no data"
    ]
  },
  "market_cap": null,
  "source": "SEC EDGAR",
  "last_updated": "2026-02-02T21:27:24.110842",
  "sector": "Utilities",
  "industry": "Utilities - Regulated Water"
}