{
  "ticker": "CXDO",
  "name": "Crexendo, Inc.",
  "quarters": [
    {
      "date": "2020-12-31T00:00:00",
      "quarter_label": "2020-12 (Q4)",
      "revenue": 4323000,
      "gross_profit": 2200000,
      "operating_income": 124000,
      "net_income": 7161000,
      "opex": 4199000,
      "cogs": 2123000,
      "rd": 349000,
      "sga": null,
      "fcf": 224000,
      "ocf": 224000,
      "capex": null,
      "gross_margin": 0.5089058524173028,
      "op_margin": 0.02868378440897525,
      "fcf_margin": 0.05181586860976174
    },
    {
      "date": "2021-03-31T00:00:00",
      "quarter_label": "2021-03 (Q1)",
      "revenue": 4507000,
      "gross_profit": null,
      "operating_income": -822000,
      "net_income": -715000,
      "opex": 5329000,
      "cogs": null,
      "rd": 350000,
      "sga": null,
      "fcf": -248000,
      "ocf": -248000,
      "capex": null,
      "gross_margin": null,
      "op_margin": -0.1823829598402485,
      "fcf_margin": -0.05502551586421123,
      "op_leverage_ratio": 0.1581612244856182,
      "fcf_margin_change": -0.10684138447397297
    },
    {
      "date": "2021-06-30T00:00:00",
      "quarter_label": "2021-06 (Q2)",
      "revenue": 5779000,
      "gross_profit": 4432000,
      "operating_income": -1244000,
      "net_income": -1003000,
      "opex": 7023000,
      "cogs": 1347000,
      "rd": 388000,
      "sga": null,
      "fcf": 24000,
      "ocf": 24000,
      "capex": null,
      "gross_margin": 0.7669146911230317,
      "op_margin": -0.21526215608236718,
      "fcf_margin": 0.00415296764146046,
      "op_leverage_ratio": 0.8878341941657591,
      "fcf_margin_change": 0.05917848350567169
    },
    {
      "date": "2021-09-30T00:00:00",
      "quarter_label": "2021-09 (Q3)",
      "revenue": 8810000,
      "gross_profit": 7600000,
      "operating_income": 53000,
      "net_income": -125000,
      "opex": 8757000,
      "cogs": 1210000,
      "rd": 358000,
      "sga": null,
      "fcf": -249000,
      "ocf": -249000,
      "capex": null,
      "gross_margin": 0.8626560726447219,
      "op_margin": 0.006015891032917139,
      "fcf_margin": -0.0282633371169126,
      "op_leverage_ratio": 2.1242558218487053,
      "fcf_margin_change": -0.03241630475837306
    },
    {
      "date": "2021-12-31T00:00:00",
      "quarter_label": "2021-12 (Q4)",
      "revenue": 8996000,
      "gross_profit": null,
      "operating_income": -797000,
      "net_income": -602000,
      "opex": 9793000,
      "cogs": null,
      "rd": 300000,
      "sga": null,
      "fcf": -533000,
      "ocf": -533000,
      "capex": null,
      "gross_margin": null,
      "op_margin": -0.08859493108048021,
      "fcf_margin": -0.059248554913294796,
      "incr_op_margin_yoy": -0.1970896640273914,
      "rev_growth_yoy": 1.0809622947027526,
      "op_leverage_ratio": 0.1784566064361751,
      "fcf_margin_change": -0.030985217796382195
    },
    {
      "date": "2022-03-31T00:00:00",
      "quarter_label": "2022-03 (Q1)",
      "revenue": 8158000,
      "gross_profit": null,
      "operating_income": -1393000,
      "net_income": -1220000,
      "opex": 9551000,
      "cogs": null,
      "rd": 304000,
      "sga": null,
      "fcf": -1772000,
      "ocf": -1738000,
      "capex": -34000,
      "gross_margin": null,
      "op_margin": -0.17075263544986516,
      "fcf_margin": -0.21721010051483206,
      "incr_op_margin_yoy": -0.1563955080799781,
      "rev_growth_yoy": 0.8100732194364322,
      "rev_growth_yoy_accel": -0.27088907526632044,
      "fcf_margin_change": -0.15796154560153725
    },
    {
      "date": "2022-06-30T00:00:00",
      "quarter_label": "2022-06 (Q2)",
      "revenue": 8846000,
      "gross_profit": null,
      "operating_income": -852000,
      "net_income": -896000,
      "opex": 9698000,
      "cogs": null,
      "rd": 1204000,
      "sga": null,
      "fcf": -882000,
      "ocf": -876000,
      "capex": -6000,
      "gross_margin": null,
      "op_margin": -0.09631471851684377,
      "fcf_margin": -0.09970608184490165,
      "incr_op_margin_yoy": 0.12781219432670363,
      "rev_growth_yoy": 0.530714656514968,
      "rev_growth_yoy_accel": -0.2793585629214642,
      "op_leverage_ratio": 5.479440906051069,
      "fcf_margin_change": 0.1175040186699304
    },
    {
      "date": "2022-09-30T00:00:00",
      "quarter_label": "2022-09 (Q3)",
      "revenue": 9108000,
      "gross_profit": 7733000,
      "operating_income": -544000,
      "net_income": -696000,
      "opex": 9652000,
      "cogs": 1375000,
      "rd": 1122000,
      "sga": null,
      "fcf": -51000,
      "ocf": -51000,
      "capex": null,
      "gross_margin": 0.8490338164251208,
      "op_margin": -0.059727711901624944,
      "fcf_margin": -0.005599472990777339,
      "rev_growth_yoy": 0.03382519863791147,
      "rev_growth_yoy_accel": -0.4968894578770565,
      "op_leverage_ratio": Infinity,
      "fcf_margin_change": 0.09410660885412431
    },
    {
      "date": "2022-12-31T00:00:00",
      "quarter_label": "2022-12 (Q4)",
      "revenue": 11442000,
      "gross_profit": null,
      "operating_income": -34603000,
      "net_income": -32601000,
      "opex": 46045000,
      "cogs": null,
      "rd": 1271000,
      "sga": null,
      "fcf": 1965000,
      "ocf": 2254000,
      "capex": -289000,
      "gross_margin": null,
      "op_margin": -3.0242090543611257,
      "fcf_margin": 0.17173571054011535,
      "incr_op_margin_yoy": -13.820932134096484,
      "rev_growth_yoy": 0.27189862160960426,
      "rev_growth_yoy_accel": 0.2380734229716928,
      "op_leverage_ratio": 0.0679637424663642,
      "fcf_margin_change": 0.1773351835308927
    },
    {
      "date": "2023-03-31T00:00:00",
      "quarter_label": "2023-03 (Q1)",
      "revenue": 12491000,
      "gross_profit": null,
      "operating_income": -1574000,
      "net_income": -1582000,
      "opex": 14065000,
      "cogs": null,
      "rd": 1191000,
      "sga": null,
      "fcf": -1563000,
      "ocf": -1554000,
      "capex": -9000,
      "gross_margin": null,
      "op_margin": -0.12601072772396124,
      "fcf_margin": -0.12513009366744055,
      "incr_op_margin_yoy": -0.041772444034156475,
      "rev_growth_yoy": 0.5311350821279726,
      "rev_growth_yoy_accel": 0.2592364605183683,
      "op_leverage_ratio": Infinity,
      "fcf_margin_change": -0.29686580420755593
    },
    {
      "date": "2023-06-30T00:00:00",
      "quarter_label": "2023-06 (Q2)",
      "revenue": 12670000,
      "gross_profit": null,
      "operating_income": -517000,
      "net_income": -545000,
      "opex": 13187000,
      "cogs": null,
      "rd": 1138000,
      "sga": null,
      "fcf": 798000,
      "ocf": 881000,
      "capex": -83000,
      "gross_margin": null,
      "op_margin": -0.04080505130228887,
      "fcf_margin": 0.06298342541436464,
      "incr_op_margin_yoy": 0.08760460251046025,
      "rev_growth_yoy": 0.43228577888311104,
      "rev_growth_yoy_accel": -0.09884930324486152,
      "op_leverage_ratio": Infinity,
      "fcf_margin_change": 0.18811351908180518
    },
    {
      "date": "2023-09-30T00:00:00",
      "quarter_label": "2023-09 (Q3)",
      "revenue": 13874000,
      "gross_profit": null,
      "operating_income": 364000,
      "net_income": 1704000,
      "opex": 13510000,
      "cogs": null,
      "rd": 1276000,
      "sga": null,
      "fcf": 101000,
      "ocf": 1560000,
      "capex": -1459000,
      "gross_margin": null,
      "op_margin": 0.026236125126135216,
      "fcf_margin": 0.007279803949834222,
      "incr_op_margin_yoy": 0.19051615610574907,
      "rev_growth_yoy": 0.523276240667545,
      "rev_growth_yoy_accel": 0.09099046178443393,
      "op_leverage_ratio": 3.8796572190958387,
      "fcf_margin_change": -0.055703621464530416
    },
    {
      "date": "2023-12-31T00:00:00",
      "quarter_label": "2023-12 (Q4)",
      "revenue": 14164000,
      "gross_profit": null,
      "operating_income": 38000,
      "net_income": 61000,
      "opex": 14126000,
      "cogs": null,
      "rd": 1255000,
      "sga": null,
      "fcf": 2612000,
      "ocf": 2612000,
      "capex": null,
      "gross_margin": null,
      "op_margin": 0.002682857949731714,
      "fcf_margin": 0.1844111832815589,
      "incr_op_margin_yoy": 12.726304188096988,
      "rev_growth_yoy": 0.23789547281943715,
      "rev_growth_yoy_accel": -0.28538076784810784,
      "op_leverage_ratio": 0.4584277982360727,
      "fcf_margin_change": 0.17713137933172468
    },
    {
      "date": "2024-03-31T00:00:00",
      "quarter_label": "2024-03 (Q1)",
      "revenue": 14286000,
      "gross_profit": null,
      "operating_income": 483000,
      "net_income": 434000,
      "opex": 13803000,
      "cogs": null,
      "rd": 1249000,
      "sga": null,
      "fcf": -166000,
      "ocf": -166000,
      "capex": null,
      "gross_margin": null,
      "op_margin": 0.03380932381352373,
      "fcf_margin": -0.011619767604647908,
      "incr_op_margin_yoy": 1.1459610027855154,
      "rev_growth_yoy": 0.14370346649587704,
      "rev_growth_yoy_accel": -0.09419200632356012,
      "fcf_margin_change": -0.1960309508862068
    },
    {
      "date": "2024-06-30T00:00:00",
      "quarter_label": "2024-06 (Q2)",
      "revenue": 14685000,
      "gross_profit": null,
      "operating_income": 580000,
      "net_income": 588000,
      "opex": 14105000,
      "cogs": null,
      "rd": 1328000,
      "sga": null,
      "fcf": 2652000,
      "ocf": 2652000,
      "capex": null,
      "gross_margin": null,
      "op_margin": 0.03949608443990466,
      "fcf_margin": 0.18059244126659857,
      "incr_op_margin_yoy": 0.5444168734491315,
      "rev_growth_yoy": 0.1590370955011839,
      "rev_growth_yoy_accel": 0.015333629005306854,
      "op_leverage_ratio": 1.2765234430410728,
      "fcf_margin_change": 0.1922122088712465
    },
    {
      "date": "2024-09-30T00:00:00",
      "quarter_label": "2024-09 (Q3)",
      "revenue": 15627000,
      "gross_profit": null,
      "operating_income": 135000,
      "net_income": 148000,
      "opex": 15492000,
      "cogs": null,
      "rd": 1473000,
      "sga": null,
      "fcf": 1621000,
      "ocf": 1621000,
      "capex": null,
      "gross_margin": null,
      "op_margin": 0.008638894221539644,
      "fcf_margin": 0.10373072246752416,
      "incr_op_margin_yoy": -0.13063320022818026,
      "rev_growth_yoy": 0.12635144875306328,
      "rev_growth_yoy_accel": -0.032685646748120606,
      "op_leverage_ratio": 0.6523393572152918,
      "fcf_margin_change": -0.07686171879907441
    },
    {
      "date": "2024-12-31T00:00:00",
      "quarter_label": "2024-12 (Q4)",
      "revenue": 16240000,
      "gross_profit": null,
      "operating_income": 626000,
      "net_income": 507000,
      "opex": 15614000,
      "cogs": null,
      "rd": 1502000,
      "sga": null,
      "fcf": 2150000,
      "ocf": 2177000,
      "capex": -27000,
      "gross_margin": null,
      "op_margin": 0.03854679802955665,
      "fcf_margin": 0.13238916256157635,
      "incr_op_margin_yoy": 0.2832369942196532,
      "rev_growth_yoy": 0.14656876588534312,
      "rev_growth_yoy_accel": 0.02021731713227984,
      "op_leverage_ratio": 4.981183261001608,
      "fcf_margin_change": 0.02865844009405219
    },
    {
      "date": "2025-03-31T00:00:00",
      "quarter_label": "2025-03 (Q1)",
      "revenue": 16057000,
      "gross_profit": null,
      "operating_income": 1150000,
      "net_income": 1171000,
      "opex": 14907000,
      "cogs": null,
      "rd": 1523000,
      "sga": null,
      "fcf": 1238000,
      "ocf": 1238000,
      "capex": null,
      "gross_margin": null,
      "op_margin": 0.07161985426916609,
      "fcf_margin": 0.07710033007411098,
      "incr_op_margin_yoy": 0.37662337662337664,
      "rev_growth_yoy": 0.123967520649587,
      "rev_growth_yoy_accel": -0.022601245235756115,
      "fcf_margin_change": -0.05528883248746537
    },
    {
      "date": "2025-06-30T00:00:00",
      "quarter_label": "2025-06 (Q2)",
      "revenue": 16552000,
      "gross_profit": null,
      "operating_income": 1103000,
      "net_income": 1232000,
      "opex": 15449000,
      "cogs": null,
      "rd": 1437000,
      "sga": null,
      "fcf": 1277000,
      "ocf": 1295000,
      "capex": -18000,
      "gross_margin": null,
      "op_margin": 0.0666384726921218,
      "fcf_margin": 0.07715079748670856,
      "incr_op_margin_yoy": 0.2801285484734869,
      "rev_growth_yoy": 0.12713653387810692,
      "rev_growth_yoy_accel": 0.0031690132285199096,
      "op_leverage_ratio": 0.8478748563408908,
      "fcf_margin_change": 5.0467412597579586e-05
    },
    {
      "date": "2025-09-30T00:00:00",
      "quarter_label": "2025-09 (Q3)",
      "revenue": 17497000,
      "gross_profit": null,
      "operating_income": 1305000,
      "net_income": 1450000,
      "opex": 16192000,
      "cogs": null,
      "rd": 1414000,
      "sga": null,
      "fcf": 4417000,
      "ocf": 4417000,
      "capex": null,
      "gross_margin": null,
      "op_margin": 0.07458421443676058,
      "fcf_margin": 0.25244327599016975,
      "incr_op_margin_yoy": 0.6256684491978609,
      "rev_growth_yoy": 0.11966468292058617,
      "rev_growth_yoy_accel": -0.007471850957520745,
      "op_leverage_ratio": 1.1871152668989837,
      "fcf_margin_change": 0.1752924785034612
    }
  ],
  "signals": [
    {
      "quarter": "2025-09 (Q3)",
      "signal": "FCF MARGIN EXPANSION",
      "detail": "FCF margin: +7.7% -> +25.2% (+17.5%)",
      "severity": "MEDIUM"
    },
    {
      "quarter": "2025-09 (Q3)",
      "signal": "INCREMENTAL MARGIN (YoY)",
      "detail": "YoY Incr OPM: +62.6% vs year-ago OPM: +0.9%",
      "severity": "HIGH"
    },
    {
      "quarter": "2025-06 (Q2)",
      "signal": "INCREMENTAL MARGIN (YoY)",
      "detail": "YoY Incr OPM: +28.0% vs year-ago OPM: +3.9%",
      "severity": "HIGH"
    },
    {
      "quarter": "2025-03 (Q1)",
      "signal": "INCREMENTAL MARGIN (YoY)",
      "detail": "YoY Incr OPM: +37.7% vs year-ago OPM: +3.4%",
      "severity": "HIGH"
    },
    {
      "quarter": "2024-12 (Q4)",
      "signal": "OPERATING LEVERAGE",
      "detail": "Rev growth +3.9% vs OpEx growth +0.8% (leverage: 5.0x)",
      "severity": "MEDIUM"
    },
    {
      "quarter": "2024-12 (Q4)",
      "signal": "INCREMENTAL MARGIN (YoY)",
      "detail": "YoY Incr OPM: +28.3% vs year-ago OPM: +0.3%",
      "severity": "HIGH"
    },
    {
      "quarter": "2024-06 (Q2)",
      "signal": "FCF TURNED POSITIVE",
      "detail": "FCF margin: -1.2% -> +18.1%",
      "severity": "HIGH"
    },
    {
      "quarter": "2024-06 (Q2)",
      "signal": "OP MARGIN TURNED POSITIVE (YoY)",
      "detail": "Op margin: -4.1% (year-ago) -> +3.9%",
      "severity": "HIGH"
    },
    {
      "quarter": "2024-03 (Q1)",
      "signal": "YoY REVENUE GROWTH DECELERATION",
      "detail": "YoY growth: +14.4% vs prior quarter YoY: +23.8% (decel: -9.4%)",
      "severity": "WARNING"
    },
    {
      "quarter": "2024-03 (Q1)",
      "signal": "OP MARGIN TURNED POSITIVE (YoY)",
      "detail": "Op margin: -12.6% (year-ago) -> +3.4%",
      "severity": "HIGH"
    },
    {
      "quarter": "2023-12 (Q4)",
      "signal": "FCF MARGIN EXPANSION",
      "detail": "FCF margin: +0.7% -> +18.4% (+17.7%)",
      "severity": "MEDIUM"
    },
    {
      "quarter": "2023-12 (Q4)",
      "signal": "YoY REVENUE GROWTH DECELERATION",
      "detail": "YoY growth: +23.8% vs prior quarter YoY: +52.3% (decel: -28.5%)",
      "severity": "WARNING"
    },
    {
      "quarter": "2023-12 (Q4)",
      "signal": "OP MARGIN TURNED POSITIVE (YoY)",
      "detail": "Op margin: -302.4% (year-ago) -> +0.3%",
      "severity": "HIGH"
    },
    {
      "quarter": "2023-09 (Q3)",
      "signal": "OPERATING LEVERAGE",
      "detail": "Rev growth +9.5% vs OpEx growth +2.4% (leverage: 3.9x)",
      "severity": "MEDIUM"
    },
    {
      "quarter": "2023-09 (Q3)",
      "signal": "YoY REVENUE GROWTH ACCELERATION",
      "detail": "YoY growth: +52.3% vs prior quarter YoY: +43.2% (accel: +9.1%)",
      "severity": "MEDIUM"
    },
    {
      "quarter": "2023-09 (Q3)",
      "signal": "OP MARGIN TURNED POSITIVE (YoY)",
      "detail": "Op margin: -6.0% (year-ago) -> +2.6%",
      "severity": "HIGH"
    },
    {
      "quarter": "2023-09 (Q3)",
      "signal": "OP MARGIN TURNED POSITIVE (QoQ)",
      "detail": "Op margin: -4.1% -> +2.6%",
      "severity": "HIGH"
    },
    {
      "quarter": "2023-06 (Q2)",
      "signal": "FCF TURNED POSITIVE",
      "detail": "FCF margin: -12.5% -> +6.3%",
      "severity": "HIGH"
    },
    {
      "quarter": "2023-06 (Q2)",
      "signal": "YoY REVENUE GROWTH DECELERATION",
      "detail": "YoY growth: +43.2% vs prior quarter YoY: +53.1% (decel: -9.9%)",
      "severity": "WARNING"
    },
    {
      "quarter": "2023-03 (Q1)",
      "signal": "YoY REVENUE GROWTH ACCELERATION",
      "detail": "YoY growth: +53.1% vs prior quarter YoY: +27.2% (accel: +25.9%)",
      "severity": "HIGH"
    },
    {
      "quarter": "2022-12 (Q4)",
      "signal": "FCF TURNED POSITIVE",
      "detail": "FCF margin: -0.6% -> +17.2%",
      "severity": "HIGH"
    },
    {
      "quarter": "2022-12 (Q4)",
      "signal": "YoY REVENUE GROWTH ACCELERATION",
      "detail": "YoY growth: +27.2% vs prior quarter YoY: +3.4% (accel: +23.8%)",
      "severity": "HIGH"
    },
    {
      "quarter": "2022-09 (Q3)",
      "signal": "FCF MARGIN EXPANSION",
      "detail": "FCF margin: -10.0% -> -0.6% (+9.4%)",
      "severity": "MEDIUM"
    },
    {
      "quarter": "2022-09 (Q3)",
      "signal": "YoY REVENUE GROWTH DECELERATION",
      "detail": "YoY growth: +3.4% vs prior quarter YoY: +53.1% (decel: -49.7%)",
      "severity": "WARNING"
    },
    {
      "quarter": "2022-06 (Q2)",
      "signal": "FCF MARGIN EXPANSION",
      "detail": "FCF margin: -21.7% -> -10.0% (+11.8%)",
      "severity": "MEDIUM"
    },
    {
      "quarter": "2022-06 (Q2)",
      "signal": "OPERATING LEVERAGE",
      "detail": "Rev growth +8.4% vs OpEx growth +1.5% (leverage: 5.5x)",
      "severity": "MEDIUM"
    },
    {
      "quarter": "2022-06 (Q2)",
      "signal": "YoY REVENUE GROWTH DECELERATION",
      "detail": "YoY growth: +53.1% vs prior quarter YoY: +81.0% (decel: -27.9%)",
      "severity": "WARNING"
    },
    {
      "quarter": "2022-03 (Q1)",
      "signal": "YoY REVENUE GROWTH DECELERATION",
      "detail": "YoY growth: +81.0% vs prior quarter YoY: +108.1% (decel: -27.1%)",
      "severity": "WARNING"
    },
    {
      "quarter": "2021-09 (Q3)",
      "signal": "OPERATING LEVERAGE",
      "detail": "Rev growth +52.4% vs OpEx growth +24.7% (leverage: 2.1x)",
      "severity": "MEDIUM"
    },
    {
      "quarter": "2021-09 (Q3)",
      "signal": "OP MARGIN TURNED POSITIVE (QoQ)",
      "detail": "Op margin: -21.5% -> +0.6%",
      "severity": "HIGH"
    },
    {
      "quarter": "2021-06 (Q2)",
      "signal": "FCF TURNED POSITIVE",
      "detail": "FCF margin: -5.5% -> +0.4%",
      "severity": "HIGH"
    }
  ],
  "data_quality": {
    "n_quarters": 20,
    "coverage": {
      "revenue": [
        20,
        20
      ],
      "gross_profit": [
        4,
        20
      ],
      "op_income": [
        20,
        20
      ],
      "fcf": [
        20,
        20
      ]
    },
    "gaps": [],
    "warnings": [
      "gross_profit: 4/20Q"
    ]
  },
  "market_cap": null,
  "source": "SEC EDGAR",
  "last_updated": "2026-02-02T22:57:57.252060",
  "sector": "Communication Services",
  "industry": "Telecom Services"
}