{
  "ticker": "CXW",
  "name": "CORECIVIC, INC.",
  "quarters": [
    {
      "date": "2020-12-31T00:00:00",
      "quarter_label": "2020-12 (Q4)",
      "revenue": 473477000,
      "gross_profit": null,
      "operating_income": 19244000,
      "net_income": -26803000,
      "opex": 454233000,
      "cogs": null,
      "rd": null,
      "sga": null,
      "fcf": 74017000,
      "ocf": 74017000,
      "capex": null,
      "gross_margin": null,
      "op_margin": 0.04064400171497243,
      "fcf_margin": 0.15632649526798556
    },
    {
      "date": "2021-03-31T00:00:00",
      "quarter_label": "2021-03 (Q1)",
      "revenue": 454718000,
      "gross_profit": null,
      "operating_income": 6539000,
      "net_income": -125568000,
      "opex": 448179000,
      "cogs": null,
      "rd": null,
      "sga": null,
      "fcf": 99596000,
      "ocf": 99596000,
      "capex": null,
      "gross_margin": null,
      "op_margin": 0.01438034122247195,
      "fcf_margin": 0.21902805694958194,
      "fcf_margin_change": 0.06270156168159638
    },
    {
      "date": "2021-06-30T00:00:00",
      "quarter_label": "2021-06 (Q2)",
      "revenue": 464571000,
      "gross_profit": null,
      "operating_income": null,
      "net_income": 15623000,
      "opex": 405798000,
      "cogs": null,
      "rd": null,
      "sga": null,
      "fcf": -17270000,
      "ocf": -17270000,
      "capex": null,
      "gross_margin": null,
      "op_margin": null,
      "fcf_margin": -0.037174081033900096,
      "op_leverage_ratio": Infinity,
      "fcf_margin_change": -0.256202137983482
    },
    {
      "date": "2021-09-30T00:00:00",
      "quarter_label": "2021-09 (Q3)",
      "revenue": 471194000,
      "gross_profit": null,
      "operating_income": null,
      "net_income": 30012000,
      "opex": 411960000,
      "cogs": null,
      "rd": null,
      "sga": null,
      "fcf": 201815000,
      "ocf": 201815000,
      "capex": null,
      "gross_margin": null,
      "op_margin": null,
      "fcf_margin": 0.42830553869531446,
      "op_leverage_ratio": 0.9388384484722037,
      "fcf_margin_change": 0.46547961972921453
    },
    {
      "date": "2021-12-31T00:00:00",
      "quarter_label": "2021-12 (Q4)",
      "revenue": 472133000,
      "gross_profit": null,
      "operating_income": null,
      "net_income": 28037000,
      "opex": 407309000,
      "cogs": null,
      "rd": null,
      "sga": null,
      "fcf": -20910000,
      "ocf": -20910000,
      "capex": null,
      "gross_margin": null,
      "op_margin": null,
      "fcf_margin": -0.044288367896334294,
      "rev_growth_yoy": -0.002838575052220066,
      "fcf_margin_change": -0.47259390659164874
    },
    {
      "date": "2022-03-31T00:00:00",
      "quarter_label": "2022-03 (Q1)",
      "revenue": 452988000,
      "gross_profit": null,
      "operating_income": null,
      "net_income": 19003000,
      "opex": 407758000,
      "cogs": null,
      "rd": null,
      "sga": null,
      "fcf": 97707000,
      "ocf": 97707000,
      "capex": null,
      "gross_margin": null,
      "op_margin": null,
      "fcf_margin": 0.21569445548226443,
      "rev_growth_yoy": -0.00380455579062188,
      "rev_growth_yoy_accel": -0.000965980738401814,
      "fcf_margin_change": 0.25998282337859874
    },
    {
      "date": "2022-06-30T00:00:00",
      "quarter_label": "2022-06 (Q2)",
      "revenue": 456697000,
      "gross_profit": null,
      "operating_income": null,
      "net_income": 10562000,
      "opex": 414672000,
      "cogs": null,
      "rd": null,
      "sga": null,
      "fcf": -3393000,
      "ocf": -3393000,
      "capex": null,
      "gross_margin": null,
      "op_margin": null,
      "fcf_margin": -0.007429433519379369,
      "rev_growth_yoy": -0.01694897012512619,
      "rev_growth_yoy_accel": -0.013144414334504312,
      "fcf_margin_change": -0.2231238890016438
    },
    {
      "date": "2022-09-30T00:00:00",
      "quarter_label": "2022-09 (Q3)",
      "revenue": 464211000,
      "gross_profit": null,
      "operating_income": null,
      "net_income": 68318000,
      "opex": 433832000,
      "cogs": null,
      "rd": null,
      "sga": null,
      "fcf": 23875000,
      "ocf": 23875000,
      "capex": null,
      "gross_margin": null,
      "op_margin": null,
      "fcf_margin": 0.05143135341471874,
      "rev_growth_yoy": -0.014819798214748065,
      "rev_growth_yoy_accel": 0.002129171910378126,
      "op_leverage_ratio": 0.3560838185734151,
      "fcf_margin_change": 0.05886078693409811
    },
    {
      "date": "2022-12-31T00:00:00",
      "quarter_label": "2022-12 (Q4)",
      "revenue": 471433000,
      "gross_profit": null,
      "operating_income": null,
      "net_income": 24437000,
      "opex": 419428000,
      "cogs": null,
      "rd": null,
      "sga": null,
      "fcf": 35394000,
      "ocf": 35394000,
      "capex": null,
      "gross_margin": null,
      "op_margin": null,
      "fcf_margin": 0.07507747654491731,
      "rev_growth_yoy": -0.0014826330716132955,
      "rev_growth_yoy_accel": 0.01333716514313477,
      "op_leverage_ratio": Infinity,
      "fcf_margin_change": 0.023646123130198572
    },
    {
      "date": "2023-03-31T00:00:00",
      "quarter_label": "2023-03 (Q1)",
      "revenue": 458002000,
      "gross_profit": null,
      "operating_income": null,
      "net_income": null,
      "opex": 418258000,
      "cogs": null,
      "rd": null,
      "sga": null,
      "fcf": 89828000,
      "ocf": 89828000,
      "capex": null,
      "gross_margin": null,
      "op_margin": null,
      "fcf_margin": 0.19613014790328426,
      "rev_growth_yoy": 0.01106872588236333,
      "rev_growth_yoy_accel": 0.012551358953976625,
      "fcf_margin_change": 0.12105267135836695
    },
    {
      "date": "2023-06-30T00:00:00",
      "quarter_label": "2023-06 (Q2)",
      "revenue": 463682000,
      "gross_profit": null,
      "operating_income": null,
      "net_income": null,
      "opex": 426235000,
      "cogs": null,
      "rd": null,
      "sga": null,
      "fcf": 36040000,
      "ocf": 36040000,
      "capex": null,
      "gross_margin": null,
      "op_margin": null,
      "fcf_margin": 0.07772568268770408,
      "rev_growth_yoy": 0.015294604518969909,
      "rev_growth_yoy_accel": 0.004225878636606579,
      "op_leverage_ratio": 0.6502578827299169,
      "fcf_margin_change": -0.11840446521558018
    },
    {
      "date": "2023-09-30T00:00:00",
      "quarter_label": "2023-09 (Q3)",
      "revenue": 483705000,
      "gross_profit": null,
      "operating_income": null,
      "net_income": null,
      "opex": 446486000,
      "cogs": null,
      "rd": null,
      "sga": null,
      "fcf": 83709000,
      "ocf": 83709000,
      "capex": null,
      "gross_margin": null,
      "op_margin": null,
      "fcf_margin": 0.1730579588798958,
      "rev_growth_yoy": 0.041993834700168674,
      "rev_growth_yoy_accel": 0.026699230181198765,
      "op_leverage_ratio": 0.9088904607253332,
      "fcf_margin_change": 0.09533227619219173
    },
    {
      "date": "2023-12-31T00:00:00",
      "quarter_label": "2023-12 (Q4)",
      "revenue": 491246000,
      "gross_profit": null,
      "operating_income": null,
      "net_income": null,
      "opex": 437561000,
      "cogs": null,
      "rd": null,
      "sga": null,
      "fcf": 22324000,
      "ocf": 22324000,
      "capex": null,
      "gross_margin": null,
      "op_margin": null,
      "fcf_margin": 0.04544362702189941,
      "rev_growth_yoy": 0.042027180956784954,
      "rev_growth_yoy_accel": 3.334625661628038e-05,
      "op_leverage_ratio": Infinity,
      "fcf_margin_change": -0.1276143318579964
    },
    {
      "date": "2024-03-31T00:00:00",
      "quarter_label": "2024-03 (Q1)",
      "revenue": 500686000,
      "gross_profit": null,
      "operating_income": null,
      "net_income": null,
      "opex": 446298000,
      "cogs": null,
      "rd": null,
      "sga": null,
      "fcf": 70354000,
      "ocf": 70354000,
      "capex": null,
      "gross_margin": null,
      "op_margin": null,
      "fcf_margin": 0.14051521312758894,
      "rev_growth_yoy": 0.09319609958035117,
      "rev_growth_yoy_accel": 0.05116891862356622,
      "op_leverage_ratio": 0.9623858693349391,
      "fcf_margin_change": 0.09507158610568953
    },
    {
      "date": "2024-06-30T00:00:00",
      "quarter_label": "2024-06 (Q2)",
      "revenue": 490109000,
      "gross_profit": null,
      "operating_income": null,
      "net_income": null,
      "opex": 441790000,
      "cogs": null,
      "rd": null,
      "sga": null,
      "fcf": 68059000,
      "ocf": 68059000,
      "capex": null,
      "gross_margin": null,
      "op_margin": null,
      "fcf_margin": 0.138865027983571,
      "rev_growth_yoy": 0.056993801786569244,
      "rev_growth_yoy_accel": -0.03620229779378193,
      "fcf_margin_change": -0.001650185144017935
    },
    {
      "date": "2024-09-30T00:00:00",
      "quarter_label": "2024-09 (Q3)",
      "revenue": 491558000,
      "gross_profit": null,
      "operating_income": null,
      "net_income": null,
      "opex": 447328000,
      "cogs": null,
      "rd": null,
      "sga": null,
      "fcf": 91467000,
      "ocf": 91467000,
      "capex": null,
      "gross_margin": null,
      "op_margin": null,
      "fcf_margin": 0.1860757021551882,
      "rev_growth_yoy": 0.016235101973310177,
      "rev_growth_yoy_accel": -0.04075869981325907,
      "fcf_margin_change": 0.0472106741716172
    },
    {
      "date": "2024-12-31T00:00:00",
      "quarter_label": "2024-12 (Q4)",
      "revenue": 479293000,
      "gross_profit": null,
      "operating_income": null,
      "net_income": null,
      "opex": 441141000,
      "cogs": null,
      "rd": null,
      "sga": null,
      "fcf": 39273000,
      "ocf": 39273000,
      "capex": null,
      "gross_margin": null,
      "op_margin": null,
      "fcf_margin": 0.0819394399667844,
      "rev_growth_yoy": -0.024332004738969886,
      "rev_growth_yoy_accel": -0.04056710671228006,
      "fcf_margin_change": -0.1041362621884038
    },
    {
      "date": "2025-03-31T00:00:00",
      "quarter_label": "2025-03 (Q1)",
      "revenue": 488627000,
      "gross_profit": null,
      "operating_income": null,
      "net_income": null,
      "opex": 441271000,
      "cogs": null,
      "rd": null,
      "sga": null,
      "fcf": 44484000,
      "ocf": 44484000,
      "capex": null,
      "gross_margin": null,
      "op_margin": null,
      "fcf_margin": 0.09103876781266693,
      "rev_growth_yoy": -0.024084955441134762,
      "rev_growth_yoy_accel": 0.0002470492978351238,
      "op_leverage_ratio": Infinity,
      "fcf_margin_change": 0.009099327845882521
    },
    {
      "date": "2025-06-30T00:00:00",
      "quarter_label": "2025-06 (Q2)",
      "revenue": 538165000,
      "gross_profit": null,
      "operating_income": null,
      "net_income": null,
      "opex": 473332000,
      "cogs": null,
      "rd": null,
      "sga": null,
      "fcf": 96712000,
      "ocf": 96712000,
      "capex": null,
      "gross_margin": null,
      "op_margin": null,
      "fcf_margin": 0.17970696719407617,
      "rev_growth_yoy": 0.09805165789650874,
      "rev_growth_yoy_accel": 0.1221366133376435,
      "op_leverage_ratio": 1.3953698360412572,
      "fcf_margin_change": 0.08866819938140924
    },
    {
      "date": "2025-09-30T00:00:00",
      "quarter_label": "2025-09 (Q3)",
      "revenue": 580437000,
      "gross_profit": null,
      "operating_income": null,
      "net_income": null,
      "opex": 529714000,
      "cogs": null,
      "rd": null,
      "sga": null,
      "fcf": 53775000,
      "ocf": 53775000,
      "capex": null,
      "gross_margin": null,
      "op_margin": null,
      "fcf_margin": 0.09264571348828556,
      "rev_growth_yoy": 0.18081080971116328,
      "rev_growth_yoy_accel": 0.08275915181465454,
      "op_leverage_ratio": 0.659420941878122,
      "fcf_margin_change": -0.08706125370579061
    }
  ],
  "signals": [
    {
      "quarter": "2025-09 (Q3)",
      "signal": "YoY REVENUE GROWTH ACCELERATION",
      "detail": "YoY growth: +18.1% vs prior quarter YoY: +9.8% (accel: +8.3%)",
      "severity": "MEDIUM"
    },
    {
      "quarter": "2025-06 (Q2)",
      "signal": "FCF MARGIN EXPANSION",
      "detail": "FCF margin: +9.1% -> +18.0% (+8.9%)",
      "severity": "MEDIUM"
    },
    {
      "quarter": "2025-06 (Q2)",
      "signal": "YoY REVENUE GROWTH ACCELERATION",
      "detail": "YoY growth: +9.8% vs prior quarter YoY: -2.4% (accel: +12.2%)",
      "severity": "MEDIUM"
    },
    {
      "quarter": "2025-03 (Q1)",
      "signal": "OPERATING LEVERAGE",
      "detail": "Rev growth +1.9% vs OpEx growth +0.0% (leverage: 66.1x)",
      "severity": "MEDIUM"
    },
    {
      "quarter": "2024-03 (Q1)",
      "signal": "FCF MARGIN EXPANSION",
      "detail": "FCF margin: +4.5% -> +14.1% (+9.5%)",
      "severity": "MEDIUM"
    },
    {
      "quarter": "2024-03 (Q1)",
      "signal": "YoY REVENUE GROWTH ACCELERATION",
      "detail": "YoY growth: +9.3% vs prior quarter YoY: +4.2% (accel: +5.1%)",
      "severity": "MEDIUM"
    },
    {
      "quarter": "2023-09 (Q3)",
      "signal": "FCF MARGIN EXPANSION",
      "detail": "FCF margin: +7.8% -> +17.3% (+9.5%)",
      "severity": "MEDIUM"
    },
    {
      "quarter": "2023-03 (Q1)",
      "signal": "FCF MARGIN EXPANSION",
      "detail": "FCF margin: +7.5% -> +19.6% (+12.1%)",
      "severity": "MEDIUM"
    },
    {
      "quarter": "2022-09 (Q3)",
      "signal": "FCF TURNED POSITIVE",
      "detail": "FCF margin: -0.7% -> +5.1%",
      "severity": "HIGH"
    },
    {
      "quarter": "2022-03 (Q1)",
      "signal": "FCF TURNED POSITIVE",
      "detail": "FCF margin: -4.4% -> +21.6%",
      "severity": "HIGH"
    },
    {
      "quarter": "2021-09 (Q3)",
      "signal": "FCF TURNED POSITIVE",
      "detail": "FCF margin: -3.7% -> +42.8%",
      "severity": "HIGH"
    },
    {
      "quarter": "2021-03 (Q1)",
      "signal": "FCF MARGIN EXPANSION",
      "detail": "FCF margin: +15.6% -> +21.9% (+6.3%)",
      "severity": "MEDIUM"
    }
  ],
  "data_quality": {
    "n_quarters": 20,
    "coverage": {
      "revenue": [
        20,
        20
      ],
      "gross_profit": [
        0,
        20
      ],
      "op_income": [
        2,
        20
      ],
      "fcf": [
        20,
        20
      ]
    },
    "gaps": [],
    "warnings": [
      "gross_profit: no data",
      "op_income: 2/20Q"
    ]
  },
  "market_cap": null,
  "source": "SEC EDGAR",
  "last_updated": "2026-02-02T21:36:53.006209",
  "sector": "Industrials",
  "industry": "Security & Protection Services"
}