{
  "ticker": "CYH",
  "name": "COMMUNITY HEALTH SYSTEMS, INC.",
  "quarters": [
    {
      "date": "2020-12-31T00:00:00",
      "quarter_label": "2020-12 (Q4)",
      "revenue": 3119000000,
      "gross_profit": 2595000000,
      "operating_income": 436000000,
      "net_income": 311000000,
      "opex": 2683000000,
      "cogs": 524000000,
      "rd": null,
      "sga": null,
      "fcf": -47000000,
      "ocf": 76000000,
      "capex": -123000000,
      "gross_margin": 0.8319974350753446,
      "op_margin": 0.1397883937159346,
      "fcf_margin": -0.015068932350112215
    },
    {
      "date": "2021-03-31T00:00:00",
      "quarter_label": "2021-03 (Q1)",
      "revenue": 3013000000,
      "gross_profit": 2522000000,
      "operating_income": 326000000,
      "net_income": -64000000,
      "opex": 2687000000,
      "cogs": 491000000,
      "rd": null,
      "sga": null,
      "fcf": -4000000,
      "ocf": 101000000,
      "capex": -105000000,
      "gross_margin": 0.8370394955194158,
      "op_margin": 0.10819780949220047,
      "fcf_margin": -0.001327580484566877,
      "fcf_margin_change": 0.01374135186554534
    },
    {
      "date": "2021-06-30T00:00:00",
      "quarter_label": "2021-06 (Q2)",
      "revenue": 3007000000,
      "gross_profit": 2507000000,
      "operating_income": 314000000,
      "net_income": 6000000,
      "opex": 2693000000,
      "cogs": 500000000,
      "rd": null,
      "sga": null,
      "fcf": 72000000,
      "ocf": 179000000,
      "capex": -107000000,
      "gross_margin": 0.8337213169271699,
      "op_margin": 0.10442301296973729,
      "fcf_margin": 0.02394413036248753,
      "fcf_margin_change": 0.02527171084705441
    },
    {
      "date": "2021-09-30T00:00:00",
      "quarter_label": "2021-09 (Q3)",
      "revenue": 3115000000,
      "gross_profit": 2586000000,
      "operating_income": 340000000,
      "net_income": 111000000,
      "opex": 2775000000,
      "cogs": 529000000,
      "rd": null,
      "sga": null,
      "fcf": -2000000,
      "ocf": 120000000,
      "capex": -122000000,
      "gross_margin": 0.8301765650080257,
      "op_margin": 0.10914927768860354,
      "fcf_margin": -0.0006420545746388443,
      "op_leverage_ratio": 1.1795404219422971,
      "fcf_margin_change": -0.024586184937126374
    },
    {
      "date": "2021-12-31T00:00:00",
      "quarter_label": "2021-12 (Q4)",
      "revenue": 3233000000,
      "gross_profit": 2712000000,
      "operating_income": 424000000,
      "net_income": 178000000,
      "opex": 2809000000,
      "cogs": 521000000,
      "rd": null,
      "sga": null,
      "fcf": -666000000,
      "ocf": -531000000,
      "capex": -135000000,
      "gross_margin": 0.8388493659140117,
      "op_margin": 0.13114754098360656,
      "fcf_margin": -0.20600061862047633,
      "incr_op_margin_yoy": -0.10526315789473684,
      "rev_growth_yoy": 0.03655017633857006,
      "op_leverage_ratio": 3.0917760362571998,
      "fcf_margin_change": -0.2053585640458375
    },
    {
      "date": "2022-03-31T00:00:00",
      "quarter_label": "2022-03 (Q1)",
      "revenue": 3111000000,
      "gross_profit": 2612000000,
      "operating_income": 270000000,
      "net_income": -1000000,
      "opex": 2841000000,
      "cogs": 499000000,
      "rd": null,
      "sga": null,
      "fcf": 4000000,
      "ocf": 101000000,
      "capex": -97000000,
      "gross_margin": 0.8396014143362263,
      "op_margin": 0.08678881388621022,
      "fcf_margin": 0.0012857602057216328,
      "incr_op_margin_yoy": -0.5714285714285714,
      "rev_growth_yoy": 0.032525721871888486,
      "rev_growth_yoy_accel": -0.004024454466681572,
      "fcf_margin_change": 0.20728637882619796
    },
    {
      "date": "2022-06-30T00:00:00",
      "quarter_label": "2022-06 (Q2)",
      "revenue": 2934000000,
      "gross_profit": 2447000000,
      "operating_income": 119000000,
      "net_income": -326000000,
      "opex": 2815000000,
      "cogs": 487000000,
      "rd": null,
      "sga": null,
      "fcf": -41000000,
      "ocf": 53000000,
      "capex": -94000000,
      "gross_margin": 0.8340149965916837,
      "op_margin": 0.040558963871847306,
      "fcf_margin": -0.013974096796182686,
      "incr_op_margin_yoy": 2.671232876712329,
      "rev_growth_yoy": -0.02427668772863319,
      "rev_growth_yoy_accel": -0.05680240960052167,
      "fcf_margin_change": -0.015259857001904319
    },
    {
      "date": "2022-09-30T00:00:00",
      "quarter_label": "2022-09 (Q3)",
      "revenue": 3025000000,
      "gross_profit": 2533000000,
      "operating_income": 204000000,
      "net_income": -42000000,
      "opex": 2821000000,
      "cogs": 492000000,
      "rd": null,
      "sga": null,
      "fcf": 44000000,
      "ocf": 137000000,
      "capex": -93000000,
      "gross_margin": 0.8373553719008264,
      "op_margin": 0.06743801652892562,
      "fcf_margin": 0.014545454545454545,
      "incr_op_margin_yoy": 1.511111111111111,
      "rev_growth_yoy": -0.028892455858747994,
      "rev_growth_yoy_accel": -0.004615768130114804,
      "op_leverage_ratio": 14.551522381276982,
      "fcf_margin_change": 0.02851955134163723
    },
    {
      "date": "2022-12-31T00:00:00",
      "quarter_label": "2022-12 (Q4)",
      "revenue": 3142000000,
      "gross_profit": 2644000000,
      "operating_income": 229000000,
      "net_income": 415000000,
      "opex": 2913000000,
      "cogs": 498000000,
      "rd": null,
      "sga": null,
      "fcf": -122000000,
      "ocf": 9000000,
      "capex": -131000000,
      "gross_margin": 0.841502227880331,
      "op_margin": 0.0728835136855506,
      "fcf_margin": -0.03882877148313176,
      "incr_op_margin_yoy": 2.142857142857143,
      "rev_growth_yoy": -0.028147231673368387,
      "rev_growth_yoy_accel": 0.0007452241853796067,
      "op_leverage_ratio": 1.18597556593604,
      "fcf_margin_change": -0.05337422602858631
    },
    {
      "date": "2023-03-31T00:00:00",
      "quarter_label": "2023-03 (Q1)",
      "revenue": 3108000000,
      "gross_profit": 2601000000,
      "operating_income": 210000000,
      "net_income": -51000000,
      "opex": 2898000000,
      "cogs": 507000000,
      "rd": null,
      "sga": null,
      "fcf": -117000000,
      "ocf": 5000000,
      "capex": -122000000,
      "gross_margin": 0.8368725868725869,
      "op_margin": 0.06756756756756757,
      "fcf_margin": -0.037644787644787646,
      "incr_op_margin_yoy": 20.0,
      "rev_growth_yoy": -0.0009643201542912247,
      "rev_growth_yoy_accel": 0.027182911519077164,
      "fcf_margin_change": 0.001183983838344116
    },
    {
      "date": "2023-06-30T00:00:00",
      "quarter_label": "2023-06 (Q2)",
      "revenue": 3115000000,
      "gross_profit": 2611000000,
      "operating_income": 246000000,
      "net_income": -38000000,
      "opex": 2869000000,
      "cogs": 504000000,
      "rd": null,
      "sga": null,
      "fcf": -19000000,
      "ocf": 86000000,
      "capex": -105000000,
      "gross_margin": 0.8382022471910112,
      "op_margin": 0.07897271268057784,
      "fcf_margin": -0.006099518459069021,
      "incr_op_margin_yoy": 0.7016574585635359,
      "rev_growth_yoy": 0.06169052488070893,
      "rev_growth_yoy_accel": 0.06265484503500016,
      "fcf_margin_change": 0.03154526918571862
    },
    {
      "date": "2023-09-30T00:00:00",
      "quarter_label": "2023-09 (Q3)",
      "revenue": 3086000000,
      "gross_profit": 2597000000,
      "operating_income": 173000000,
      "net_income": -91000000,
      "opex": 2913000000,
      "cogs": 489000000,
      "rd": null,
      "sga": null,
      "fcf": -101000000,
      "ocf": 29000000,
      "capex": -130000000,
      "gross_margin": 0.8415424497731692,
      "op_margin": 0.056059624108878804,
      "fcf_margin": -0.03272845106934543,
      "incr_op_margin_yoy": -0.5081967213114754,
      "rev_growth_yoy": 0.020165289256198347,
      "rev_growth_yoy_accel": -0.04152523562451059,
      "fcf_margin_change": -0.02662893261027641
    },
    {
      "date": "2023-12-31T00:00:00",
      "quarter_label": "2023-12 (Q4)",
      "revenue": 3182000000,
      "gross_profit": 2688000000,
      "operating_income": 327000000,
      "net_income": 47000000,
      "opex": 2855000000,
      "cogs": 494000000,
      "rd": null,
      "sga": null,
      "fcf": -20000000,
      "ocf": 90000000,
      "capex": -110000000,
      "gross_margin": 0.8447517284726587,
      "op_margin": 0.10276555625392834,
      "fcf_margin": -0.006285355122564425,
      "incr_op_margin_yoy": 2.45,
      "rev_growth_yoy": 0.012730744748567792,
      "rev_growth_yoy_accel": -0.007434544507630555,
      "op_leverage_ratio": Infinity,
      "fcf_margin_change": 0.026443095946781008
    },
    {
      "date": "2024-03-31T00:00:00",
      "quarter_label": "2024-03 (Q1)",
      "revenue": 3140000000,
      "gross_profit": 2653000000,
      "operating_income": 231000000,
      "net_income": -41000000,
      "opex": 2909000000,
      "cogs": 487000000,
      "rd": null,
      "sga": null,
      "fcf": 3000000,
      "ocf": 96000000,
      "capex": -93000000,
      "gross_margin": 0.8449044585987261,
      "op_margin": 0.07356687898089172,
      "fcf_margin": 0.0009554140127388535,
      "incr_op_margin_yoy": 0.65625,
      "rev_growth_yoy": 0.010296010296010296,
      "rev_growth_yoy_accel": -0.002434734452557496,
      "fcf_margin_change": 0.007240769135303278
    },
    {
      "date": "2024-06-30T00:00:00",
      "quarter_label": "2024-06 (Q2)",
      "revenue": 3140000000,
      "gross_profit": 2657000000,
      "operating_income": 238000000,
      "net_income": -13000000,
      "opex": 2902000000,
      "cogs": 483000000,
      "rd": null,
      "sga": null,
      "fcf": 13000000,
      "ocf": 101000000,
      "capex": -88000000,
      "gross_margin": 0.8461783439490446,
      "op_margin": 0.07579617834394904,
      "fcf_margin": 0.004140127388535032,
      "incr_op_margin_yoy": -0.32,
      "rev_growth_yoy": 0.008025682182985553,
      "rev_growth_yoy_accel": -0.0022703281130247426,
      "fcf_margin_change": 0.0031847133757961785
    },
    {
      "date": "2024-09-30T00:00:00",
      "quarter_label": "2024-09 (Q3)",
      "revenue": 3090000000,
      "gross_profit": 2621000000,
      "operating_income": -205000000,
      "net_income": -391000000,
      "opex": 3295000000,
      "cogs": 469000000,
      "rd": null,
      "sga": null,
      "fcf": -3000000,
      "ocf": 67000000,
      "capex": -70000000,
      "gross_margin": 0.8482200647249191,
      "op_margin": -0.06634304207119741,
      "fcf_margin": -0.000970873786407767,
      "incr_op_margin_yoy": -94.5,
      "rev_growth_yoy": 0.0012961762799740765,
      "rev_growth_yoy_accel": -0.006729505903011477,
      "fcf_margin_change": -0.0051110011749427985
    },
    {
      "date": "2024-12-31T00:00:00",
      "quarter_label": "2024-12 (Q4)",
      "revenue": 3265000000,
      "gross_profit": 2758000000,
      "operating_income": 278000000,
      "net_income": -70000000,
      "opex": 2987000000,
      "cogs": 507000000,
      "rd": null,
      "sga": null,
      "fcf": 107000000,
      "ocf": 216000000,
      "capex": -109000000,
      "gross_margin": 0.8447166921898928,
      "op_margin": 0.08514548238897397,
      "fcf_margin": 0.032771822358346095,
      "incr_op_margin_yoy": -0.5903614457831325,
      "rev_growth_yoy": 0.026084223758642364,
      "rev_growth_yoy_accel": 0.024788047478668286,
      "op_leverage_ratio": Infinity,
      "fcf_margin_change": 0.033742696144753864
    },
    {
      "date": "2025-03-31T00:00:00",
      "quarter_label": "2025-03 (Q1)",
      "revenue": 3159000000,
      "gross_profit": 2670000000,
      "operating_income": 284000000,
      "net_income": -13000000,
      "opex": 2875000000,
      "cogs": 489000000,
      "rd": null,
      "sga": null,
      "fcf": 35000000,
      "ocf": 120000000,
      "capex": -85000000,
      "gross_margin": 0.8452041785375118,
      "op_margin": 0.08990186767964546,
      "fcf_margin": 0.011079455523899969,
      "incr_op_margin_yoy": 2.789473684210526,
      "rev_growth_yoy": 0.006050955414012739,
      "rev_growth_yoy_accel": -0.020033268344629623,
      "fcf_margin_change": -0.021692366834446128
    },
    {
      "date": "2025-06-30T00:00:00",
      "quarter_label": "2025-06 (Q2)",
      "revenue": 3133000000,
      "gross_profit": 2664000000,
      "operating_income": 512000000,
      "net_income": 282000000,
      "opex": 2621000000,
      "cogs": 469000000,
      "rd": null,
      "sga": null,
      "fcf": -3000000,
      "ocf": 88000000,
      "capex": -91000000,
      "gross_margin": 0.8503032237472071,
      "op_margin": 0.16342164060006384,
      "fcf_margin": -0.000957548675390999,
      "incr_op_margin_yoy": -39.142857142857146,
      "rev_growth_yoy": -0.0022292993630573248,
      "rev_growth_yoy_accel": -0.008280254777070064,
      "fcf_margin_change": -0.012037004199290968
    },
    {
      "date": "2025-09-30T00:00:00",
      "quarter_label": "2025-09 (Q3)",
      "revenue": 3087000000,
      "gross_profit": 2627000000,
      "operating_income": 243000000,
      "net_income": 130000000,
      "opex": 2844000000,
      "cogs": 460000000,
      "rd": null,
      "sga": null,
      "fcf": 4000000,
      "ocf": 69000000,
      "capex": -65000000,
      "gross_margin": 0.8509880142533204,
      "op_margin": 0.07871720116618076,
      "fcf_margin": 0.0012957563977972141,
      "incr_op_margin_yoy": -149.33333333333334,
      "rev_growth_yoy": -0.000970873786407767,
      "rev_growth_yoy_accel": 0.0012584255766495578,
      "fcf_margin_change": 0.002253305073188213
    }
  ],
  "signals": [
    {
      "quarter": "2025-09 (Q3)",
      "signal": "FCF TURNED POSITIVE",
      "detail": "FCF margin: -0.1% -> +0.1%",
      "severity": "HIGH"
    },
    {
      "quarter": "2025-09 (Q3)",
      "signal": "OP MARGIN TURNED POSITIVE (YoY)",
      "detail": "Op margin: -6.6% (year-ago) -> +7.9%",
      "severity": "HIGH"
    },
    {
      "quarter": "2025-03 (Q1)",
      "signal": "INCREMENTAL MARGIN (YoY)",
      "detail": "YoY Incr OPM: +278.9% vs year-ago OPM: +7.4%",
      "severity": "HIGH"
    },
    {
      "quarter": "2024-12 (Q4)",
      "signal": "FCF TURNED POSITIVE",
      "detail": "FCF margin: -0.1% -> +3.3%",
      "severity": "HIGH"
    },
    {
      "quarter": "2024-12 (Q4)",
      "signal": "OP MARGIN TURNED POSITIVE (QoQ)",
      "detail": "Op margin: -6.6% -> +8.5%",
      "severity": "HIGH"
    },
    {
      "quarter": "2024-03 (Q1)",
      "signal": "FCF TURNED POSITIVE",
      "detail": "FCF margin: -0.6% -> +0.1%",
      "severity": "HIGH"
    },
    {
      "quarter": "2024-03 (Q1)",
      "signal": "INCREMENTAL MARGIN (YoY)",
      "detail": "YoY Incr OPM: +65.6% vs year-ago OPM: +6.8%",
      "severity": "HIGH"
    },
    {
      "quarter": "2023-12 (Q4)",
      "signal": "INCREMENTAL MARGIN (YoY)",
      "detail": "YoY Incr OPM: +245.0% vs year-ago OPM: +7.3%",
      "severity": "HIGH"
    },
    {
      "quarter": "2023-06 (Q2)",
      "signal": "YoY REVENUE GROWTH ACCELERATION",
      "detail": "YoY growth: +6.2% vs prior quarter YoY: -0.1% (accel: +6.3%)",
      "severity": "MEDIUM"
    },
    {
      "quarter": "2023-06 (Q2)",
      "signal": "INCREMENTAL MARGIN (YoY)",
      "detail": "YoY Incr OPM: +70.2% vs year-ago OPM: +4.1%",
      "severity": "HIGH"
    },
    {
      "quarter": "2023-03 (Q1)",
      "signal": "INCREMENTAL MARGIN (YoY)",
      "detail": "YoY Incr OPM: +2000.0% vs year-ago OPM: +8.7%",
      "severity": "HIGH"
    },
    {
      "quarter": "2022-12 (Q4)",
      "signal": "INCREMENTAL MARGIN (YoY)",
      "detail": "YoY Incr OPM: +214.3% vs year-ago OPM: +13.1%",
      "severity": "HIGH"
    },
    {
      "quarter": "2022-09 (Q3)",
      "signal": "FCF TURNED POSITIVE",
      "detail": "FCF margin: -1.4% -> +1.5%",
      "severity": "HIGH"
    },
    {
      "quarter": "2022-09 (Q3)",
      "signal": "OPERATING LEVERAGE",
      "detail": "Rev growth +3.1% vs OpEx growth +0.2% (leverage: 14.6x)",
      "severity": "MEDIUM"
    },
    {
      "quarter": "2022-09 (Q3)",
      "signal": "INCREMENTAL MARGIN (YoY)",
      "detail": "YoY Incr OPM: +151.1% vs year-ago OPM: +10.9%",
      "severity": "HIGH"
    },
    {
      "quarter": "2022-06 (Q2)",
      "signal": "YoY REVENUE GROWTH DECELERATION",
      "detail": "YoY growth: -2.4% vs prior quarter YoY: +3.3% (decel: -5.7%)",
      "severity": "WARNING"
    },
    {
      "quarter": "2022-06 (Q2)",
      "signal": "INCREMENTAL MARGIN (YoY)",
      "detail": "YoY Incr OPM: +267.1% vs year-ago OPM: +10.4%",
      "severity": "HIGH"
    },
    {
      "quarter": "2022-03 (Q1)",
      "signal": "FCF TURNED POSITIVE",
      "detail": "FCF margin: -20.6% -> +0.1%",
      "severity": "HIGH"
    },
    {
      "quarter": "2021-12 (Q4)",
      "signal": "OPERATING LEVERAGE",
      "detail": "Rev growth +3.8% vs OpEx growth +1.2% (leverage: 3.1x)",
      "severity": "MEDIUM"
    },
    {
      "quarter": "2021-06 (Q2)",
      "signal": "FCF TURNED POSITIVE",
      "detail": "FCF margin: -0.1% -> +2.4%",
      "severity": "HIGH"
    }
  ],
  "data_quality": {
    "n_quarters": 20,
    "coverage": {
      "revenue": [
        20,
        20
      ],
      "gross_profit": [
        20,
        20
      ],
      "op_income": [
        20,
        20
      ],
      "fcf": [
        20,
        20
      ]
    },
    "gaps": [],
    "warnings": []
  },
  "market_cap": null,
  "source": "SEC EDGAR",
  "last_updated": "2026-02-02T22:30:57.432095",
  "sector": "Healthcare",
  "industry": "Medical Care Facilities"
}