{
  "ticker": "CYTK",
  "name": "CYTOKINETICS, INCORPORATED",
  "quarters": [
    {
      "date": "2020-12-31T00:00:00",
      "quarter_label": "2020-12 (Q4)",
      "revenue": 6722000,
      "gross_profit": null,
      "operating_income": -36407000,
      "net_income": -43930000,
      "opex": 43129000,
      "cogs": null,
      "rd": 29221000,
      "sga": null,
      "fcf": 45595000,
      "ocf": 52150000,
      "capex": -6555000,
      "gross_margin": null,
      "op_margin": -5.4160963998809875,
      "fcf_margin": 6.782951502529009
    },
    {
      "date": "2021-03-31T00:00:00",
      "quarter_label": "2021-03 (Q1)",
      "revenue": 6548000,
      "gross_profit": null,
      "operating_income": -40611000,
      "net_income": -47104000,
      "opex": 47159000,
      "cogs": null,
      "rd": 31561000,
      "sga": null,
      "fcf": -36145000,
      "ocf": -29519000,
      "capex": -6626000,
      "gross_margin": null,
      "op_margin": -6.202046426389737,
      "fcf_margin": -5.520006108735492,
      "fcf_margin_change": -12.302957611264501
    },
    {
      "date": "2021-06-30T00:00:00",
      "quarter_label": "2021-06 (Q2)",
      "revenue": 2843000,
      "gross_profit": null,
      "operating_income": -54797000,
      "net_income": -61554000,
      "opex": 57640000,
      "cogs": null,
      "rd": 36443000,
      "sga": null,
      "fcf": -38288000,
      "ocf": -29496000,
      "capex": -8792000,
      "gross_margin": null,
      "op_margin": -19.27435807245867,
      "fcf_margin": -13.46746394653535,
      "fcf_margin_change": -7.947457837799858
    },
    {
      "date": "2021-09-30T00:00:00",
      "quarter_label": "2021-09 (Q3)",
      "revenue": 5437000,
      "gross_profit": null,
      "operating_income": -69201000,
      "net_income": -76086000,
      "opex": 74638000,
      "cogs": null,
      "rd": 48436000,
      "sga": null,
      "fcf": -54470000,
      "ocf": -38770000,
      "capex": -15700000,
      "gross_margin": null,
      "op_margin": -12.72779106124701,
      "fcf_margin": -10.018392495861688,
      "op_leverage_ratio": 3.093992519117413,
      "fcf_margin_change": 3.449071450673662
    },
    {
      "date": "2021-12-31T00:00:00",
      "quarter_label": "2021-12 (Q4)",
      "revenue": 55600000,
      "gross_profit": null,
      "operating_income": -21704000,
      "net_income": -30570000,
      "opex": 77304000,
      "cogs": null,
      "rd": 43498000,
      "sga": null,
      "fcf": -62491000,
      "ocf": -44737000,
      "capex": -17754000,
      "gross_margin": null,
      "op_margin": -0.3903597122302158,
      "fcf_margin": -1.1239388489208633,
      "incr_op_margin_yoy": 0.30081018044928187,
      "rev_growth_yoy": 7.2713478131508475,
      "op_leverage_ratio": 258.2997685691425,
      "fcf_margin_change": 8.894453646940825
    },
    {
      "date": "2022-03-31T00:00:00",
      "quarter_label": "2022-03 (Q1)",
      "revenue": 1148000,
      "gross_profit": null,
      "operating_income": -77857000,
      "net_income": -89445000,
      "opex": 79005000,
      "cogs": null,
      "rd": 45935000,
      "sga": null,
      "fcf": -27753000,
      "ocf": -26811000,
      "capex": -942000,
      "gross_margin": null,
      "op_margin": -67.81968641114983,
      "fcf_margin": -24.175087108013937,
      "incr_op_margin_yoy": 6.897407407407408,
      "rev_growth_yoy": -0.8246792913866829,
      "rev_growth_yoy_accel": -8.09602710453753,
      "fcf_margin_change": -23.051148259093075
    },
    {
      "date": "2022-06-30T00:00:00",
      "quarter_label": "2022-06 (Q2)",
      "revenue": 88968000,
      "gross_profit": null,
      "operating_income": -10874000,
      "net_income": -19820000,
      "opex": 99842000,
      "cogs": null,
      "rd": 57126000,
      "sga": null,
      "fcf": -91332000,
      "ocf": -90475000,
      "capex": -857000,
      "gross_margin": null,
      "op_margin": -0.12222372088840931,
      "fcf_margin": -1.0265713514971675,
      "incr_op_margin_yoy": 0.5099912917271407,
      "rev_growth_yoy": 30.293703833978192,
      "rev_growth_yoy_accel": 31.118383125364875,
      "op_leverage_ratio": 290.0487047380706,
      "fcf_margin_change": 23.14851575651677
    },
    {
      "date": "2022-09-30T00:00:00",
      "quarter_label": "2022-09 (Q3)",
      "revenue": 2515000,
      "gross_profit": null,
      "operating_income": -108441000,
      "net_income": -142310000,
      "opex": 110956000,
      "cogs": null,
      "rd": 62734000,
      "sga": null,
      "fcf": -90371000,
      "ocf": -84040000,
      "capex": -6331000,
      "gross_margin": null,
      "op_margin": -43.117693836978134,
      "fcf_margin": -35.93280318091451,
      "incr_op_margin_yoy": 13.429158110882957,
      "rev_growth_yoy": -0.537428729078536,
      "rev_growth_yoy_accel": -30.831132563056727,
      "fcf_margin_change": -34.906231829417344
    },
    {
      "date": "2022-12-31T00:00:00",
      "quarter_label": "2022-12 (Q4)",
      "revenue": 1957000,
      "gross_profit": null,
      "operating_income": -127030000,
      "net_income": -137380000,
      "opex": 128987000,
      "cogs": null,
      "rd": 75018000,
      "sga": null,
      "fcf": -101395000,
      "ocf": -98190000,
      "capex": -3205000,
      "gross_margin": null,
      "op_margin": -64.91057741440981,
      "fcf_margin": -51.81144609095554,
      "incr_op_margin_yoy": 1.963462147903734,
      "rev_growth_yoy": -0.9648021582733813,
      "rev_growth_yoy_accel": -0.42737342919484533,
      "fcf_margin_change": -15.87864291004103
    },
    {
      "date": "2023-03-31T00:00:00",
      "quarter_label": "2023-03 (Q1)",
      "revenue": 4613000,
      "gross_profit": null,
      "operating_income": -124473000,
      "net_income": -131289000,
      "opex": 129086000,
      "cogs": null,
      "rd": 79421000,
      "sga": null,
      "fcf": -122688000,
      "ocf": -122286000,
      "capex": -402000,
      "gross_margin": null,
      "op_margin": -26.98309126381964,
      "fcf_margin": -26.596141339692174,
      "incr_op_margin_yoy": -13.453391053391053,
      "rev_growth_yoy": 3.018292682926829,
      "rev_growth_yoy_accel": 3.9830948412002103,
      "op_leverage_ratio": Infinity,
      "fcf_margin_change": 25.215304751263368
    },
    {
      "date": "2023-06-30T00:00:00",
      "quarter_label": "2023-06 (Q2)",
      "revenue": 867000,
      "gross_profit": null,
      "operating_income": -122049000,
      "net_income": -128637000,
      "opex": 122916000,
      "cogs": null,
      "rd": 83194000,
      "sga": null,
      "fcf": -122522000,
      "ocf": -121805000,
      "capex": -717000,
      "gross_margin": null,
      "op_margin": -140.77162629757785,
      "fcf_margin": -141.31718569780853,
      "incr_op_margin_yoy": 1.261903951146979,
      "rev_growth_yoy": -0.9902549231184246,
      "rev_growth_yoy_accel": -4.008547606045253,
      "fcf_margin_change": -114.72104435811636
    },
    {
      "date": "2023-09-30T00:00:00",
      "quarter_label": "2023-09 (Q3)",
      "revenue": 378000,
      "gross_profit": null,
      "operating_income": -122265000,
      "net_income": -129422000,
      "opex": 122643000,
      "cogs": null,
      "rd": 82532000,
      "sga": null,
      "fcf": -96425000,
      "ocf": -96205000,
      "capex": -220000,
      "gross_margin": null,
      "op_margin": -323.45238095238096,
      "fcf_margin": -255.09259259259258,
      "incr_op_margin_yoy": 6.468881609733271,
      "rev_growth_yoy": -0.8497017892644135,
      "rev_growth_yoy_accel": 0.14055313385401103,
      "fcf_margin_change": -113.77540689478406
    },
    {
      "date": "2023-12-31T00:00:00",
      "quarter_label": "2023-12 (Q4)",
      "revenue": 1672000,
      "gross_profit": null,
      "operating_income": -127418000,
      "net_income": -136896000,
      "opex": 129090000,
      "cogs": null,
      "rd": 84976000,
      "sga": null,
      "fcf": -74114000,
      "ocf": -74037000,
      "capex": -77000,
      "gross_margin": null,
      "op_margin": -76.20693779904306,
      "fcf_margin": -44.32655502392345,
      "rev_growth_yoy": -0.14563106796116504,
      "rev_growth_yoy_accel": 0.7040707213032484,
      "op_leverage_ratio": 65.12197626064541,
      "fcf_margin_change": 210.76603756866913
    },
    {
      "date": "2024-03-31T00:00:00",
      "quarter_label": "2024-03 (Q1)",
      "revenue": 835000,
      "gross_profit": null,
      "operating_income": -126235000,
      "net_income": -135643000,
      "opex": 127070000,
      "cogs": null,
      "rd": 81570000,
      "sga": null,
      "fcf": -129507000,
      "ocf": -129507000,
      "capex": null,
      "gross_margin": null,
      "op_margin": -151.17964071856287,
      "fcf_margin": -155.09820359281437,
      "incr_op_margin_yoy": 0.4663843303335098,
      "rev_growth_yoy": -0.818989811402558,
      "rev_growth_yoy_accel": -0.673358743441393,
      "fcf_margin_change": -110.77164856889092
    },
    {
      "date": "2024-06-30T00:00:00",
      "quarter_label": "2024-06 (Q2)",
      "revenue": 249000,
      "gross_profit": null,
      "operating_income": -130172000,
      "net_income": -143318000,
      "opex": 130421000,
      "cogs": null,
      "rd": 79597000,
      "sga": null,
      "fcf": -101228000,
      "ocf": -99313000,
      "capex": -1915000,
      "gross_margin": null,
      "op_margin": -522.7791164658635,
      "fcf_margin": -406.5381526104418,
      "rev_growth_yoy": -0.71280276816609,
      "rev_growth_yoy_accel": 0.10618704323646799,
      "fcf_margin_change": -251.4399490176274
    },
    {
      "date": "2024-09-30T00:00:00",
      "quarter_label": "2024-09 (Q3)",
      "revenue": 463000,
      "gross_profit": null,
      "operating_income": -140801000,
      "net_income": -160545000,
      "opex": 141264000,
      "cogs": null,
      "rd": 84612000,
      "sga": null,
      "fcf": -102201000,
      "ocf": -101500000,
      "capex": -701000,
      "gross_margin": null,
      "op_margin": -304.1058315334773,
      "fcf_margin": -220.7365010799136,
      "rev_growth_yoy": 0.22486772486772486,
      "rev_growth_yoy_accel": 0.9376704930338149,
      "op_leverage_ratio": 10.3374279188135,
      "fcf_margin_change": 185.80165153052818
    },
    {
      "date": "2024-12-31T00:00:00",
      "quarter_label": "2024-12 (Q4)",
      "revenue": 16927000,
      "gross_profit": null,
      "operating_income": -139040000,
      "net_income": -150020000,
      "opex": 155967000,
      "cogs": null,
      "rd": 93629000,
      "sga": null,
      "fcf": -66860000,
      "ocf": -65570000,
      "capex": -1290000,
      "gross_margin": null,
      "op_margin": -8.214095823240976,
      "fcf_margin": -3.9499025225970343,
      "incr_op_margin_yoy": -0.7618485742379548,
      "rev_growth_yoy": 9.123803827751196,
      "rev_growth_yoy_accel": 8.898936102883471,
      "op_leverage_ratio": 341.6488070711535,
      "fcf_margin_change": 216.78659855731658
    },
    {
      "date": "2025-03-31T00:00:00",
      "quarter_label": "2025-03 (Q1)",
      "revenue": 1579000,
      "gross_profit": null,
      "operating_income": -155631000,
      "net_income": -161376000,
      "opex": 157210000,
      "cogs": null,
      "rd": 99841000,
      "sga": null,
      "fcf": -137281000,
      "ocf": -131617000,
      "capex": -5664000,
      "gross_margin": null,
      "op_margin": -98.56301456618112,
      "fcf_margin": -86.94173527549081,
      "rev_growth_yoy": 0.8910179640718563,
      "rev_growth_yoy_accel": -8.23278586367934,
      "fcf_margin_change": -82.99183275289379
    },
    {
      "date": "2025-06-30T00:00:00",
      "quarter_label": "2025-06 (Q2)",
      "revenue": 66769000,
      "gross_profit": null,
      "operating_income": -111506000,
      "net_income": -134370000,
      "opex": 178275000,
      "cogs": null,
      "rd": 112554000,
      "sga": null,
      "fcf": -132381000,
      "ocf": -128236000,
      "capex": -4145000,
      "gross_margin": null,
      "op_margin": -1.6700265093082118,
      "fcf_margin": -1.9826715990953885,
      "incr_op_margin_yoy": 0.2806073361395069,
      "rev_growth_yoy": 267.14859437751005,
      "rev_growth_yoy_accel": 266.2575764134382,
      "op_leverage_ratio": 308.11834415235455,
      "fcf_margin_change": 84.95906367639543
    },
    {
      "date": "2025-09-30T00:00:00",
      "quarter_label": "2025-09 (Q3)",
      "revenue": 1936000,
      "gross_profit": null,
      "operating_income": -166755000,
      "net_income": -306178000,
      "opex": 168691000,
      "cogs": null,
      "rd": 99233000,
      "sga": null,
      "fcf": -116859000,
      "ocf": -107505000,
      "capex": -9354000,
      "gross_margin": null,
      "op_margin": -86.13378099173553,
      "fcf_margin": -60.36105371900826,
      "incr_op_margin_yoy": -17.61982348947726,
      "rev_growth_yoy": 3.1814254859611233,
      "rev_growth_yoy_accel": -263.9671688915489,
      "fcf_margin_change": -58.37838211991287
    }
  ],
  "signals": [
    {
      "quarter": "2025-09 (Q3)",
      "signal": "YoY REVENUE GROWTH DECELERATION",
      "detail": "YoY growth: +318.1% vs prior quarter YoY: +26714.9% (decel: -26396.7%)",
      "severity": "WARNING"
    },
    {
      "quarter": "2025-06 (Q2)",
      "signal": "FCF MARGIN EXPANSION",
      "detail": "FCF margin: -8694.2% -> -198.3% (+8495.9%)",
      "severity": "MEDIUM"
    },
    {
      "quarter": "2025-06 (Q2)",
      "signal": "OPERATING LEVERAGE",
      "detail": "Rev growth +4128.6% vs OpEx growth +13.4% (leverage: 308.1x)",
      "severity": "MEDIUM"
    },
    {
      "quarter": "2025-06 (Q2)",
      "signal": "YoY REVENUE GROWTH ACCELERATION",
      "detail": "YoY growth: +26714.9% vs prior quarter YoY: +89.1% (accel: +26625.8%)",
      "severity": "HIGH"
    },
    {
      "quarter": "2025-03 (Q1)",
      "signal": "YoY REVENUE GROWTH DECELERATION",
      "detail": "YoY growth: +89.1% vs prior quarter YoY: +912.4% (decel: -823.3%)",
      "severity": "WARNING"
    },
    {
      "quarter": "2024-12 (Q4)",
      "signal": "FCF MARGIN EXPANSION",
      "detail": "FCF margin: -22073.7% -> -395.0% (+21678.7%)",
      "severity": "MEDIUM"
    },
    {
      "quarter": "2024-12 (Q4)",
      "signal": "OPERATING LEVERAGE",
      "detail": "Rev growth +3555.9% vs OpEx growth +10.4% (leverage: 341.6x)",
      "severity": "MEDIUM"
    },
    {
      "quarter": "2024-12 (Q4)",
      "signal": "YoY REVENUE GROWTH ACCELERATION",
      "detail": "YoY growth: +912.4% vs prior quarter YoY: +22.5% (accel: +889.9%)",
      "severity": "HIGH"
    },
    {
      "quarter": "2024-09 (Q3)",
      "signal": "FCF MARGIN EXPANSION",
      "detail": "FCF margin: -40653.8% -> -22073.7% (+18580.2%)",
      "severity": "MEDIUM"
    },
    {
      "quarter": "2024-09 (Q3)",
      "signal": "OPERATING LEVERAGE",
      "detail": "Rev growth +85.9% vs OpEx growth +8.3% (leverage: 10.3x)",
      "severity": "MEDIUM"
    },
    {
      "quarter": "2024-09 (Q3)",
      "signal": "YoY REVENUE GROWTH ACCELERATION",
      "detail": "YoY growth: +22.5% vs prior quarter YoY: -71.3% (accel: +93.8%)",
      "severity": "HIGH"
    },
    {
      "quarter": "2024-06 (Q2)",
      "signal": "YoY REVENUE GROWTH ACCELERATION",
      "detail": "YoY growth: -71.3% vs prior quarter YoY: -81.9% (accel: +10.6%)",
      "severity": "MEDIUM"
    },
    {
      "quarter": "2024-03 (Q1)",
      "signal": "YoY REVENUE GROWTH DECELERATION",
      "detail": "YoY growth: -81.9% vs prior quarter YoY: -14.6% (decel: -67.3%)",
      "severity": "WARNING"
    },
    {
      "quarter": "2023-12 (Q4)",
      "signal": "FCF MARGIN EXPANSION",
      "detail": "FCF margin: -25509.3% -> -4432.7% (+21076.6%)",
      "severity": "MEDIUM"
    },
    {
      "quarter": "2023-12 (Q4)",
      "signal": "OPERATING LEVERAGE",
      "detail": "Rev growth +342.3% vs OpEx growth +5.3% (leverage: 65.1x)",
      "severity": "MEDIUM"
    },
    {
      "quarter": "2023-12 (Q4)",
      "signal": "YoY REVENUE GROWTH ACCELERATION",
      "detail": "YoY growth: -14.6% vs prior quarter YoY: -85.0% (accel: +70.4%)",
      "severity": "HIGH"
    },
    {
      "quarter": "2023-09 (Q3)",
      "signal": "YoY REVENUE GROWTH ACCELERATION",
      "detail": "YoY growth: -85.0% vs prior quarter YoY: -99.0% (accel: +14.1%)",
      "severity": "MEDIUM"
    },
    {
      "quarter": "2023-06 (Q2)",
      "signal": "YoY REVENUE GROWTH DECELERATION",
      "detail": "YoY growth: -99.0% vs prior quarter YoY: +301.8% (decel: -400.9%)",
      "severity": "WARNING"
    },
    {
      "quarter": "2023-03 (Q1)",
      "signal": "FCF MARGIN EXPANSION",
      "detail": "FCF margin: -5181.1% -> -2659.6% (+2521.5%)",
      "severity": "MEDIUM"
    },
    {
      "quarter": "2023-03 (Q1)",
      "signal": "OPERATING LEVERAGE",
      "detail": "Rev growth +135.7% vs OpEx growth +0.1% (leverage: 1768.3x)",
      "severity": "MEDIUM"
    },
    {
      "quarter": "2023-03 (Q1)",
      "signal": "YoY REVENUE GROWTH ACCELERATION",
      "detail": "YoY growth: +301.8% vs prior quarter YoY: -96.5% (accel: +398.3%)",
      "severity": "HIGH"
    },
    {
      "quarter": "2022-12 (Q4)",
      "signal": "YoY REVENUE GROWTH DECELERATION",
      "detail": "YoY growth: -96.5% vs prior quarter YoY: -53.7% (decel: -42.7%)",
      "severity": "WARNING"
    },
    {
      "quarter": "2022-09 (Q3)",
      "signal": "YoY REVENUE GROWTH DECELERATION",
      "detail": "YoY growth: -53.7% vs prior quarter YoY: +3029.4% (decel: -3083.1%)",
      "severity": "WARNING"
    },
    {
      "quarter": "2022-06 (Q2)",
      "signal": "FCF MARGIN EXPANSION",
      "detail": "FCF margin: -2417.5% -> -102.7% (+2314.9%)",
      "severity": "MEDIUM"
    },
    {
      "quarter": "2022-06 (Q2)",
      "signal": "OPERATING LEVERAGE",
      "detail": "Rev growth +7649.8% vs OpEx growth +26.4% (leverage: 290.0x)",
      "severity": "MEDIUM"
    },
    {
      "quarter": "2022-06 (Q2)",
      "signal": "YoY REVENUE GROWTH ACCELERATION",
      "detail": "YoY growth: +3029.4% vs prior quarter YoY: -82.5% (accel: +3111.8%)",
      "severity": "HIGH"
    },
    {
      "quarter": "2022-03 (Q1)",
      "signal": "YoY REVENUE GROWTH DECELERATION",
      "detail": "YoY growth: -82.5% vs prior quarter YoY: +727.1% (decel: -809.6%)",
      "severity": "WARNING"
    },
    {
      "quarter": "2021-12 (Q4)",
      "signal": "FCF MARGIN EXPANSION",
      "detail": "FCF margin: -1001.8% -> -112.4% (+889.4%)",
      "severity": "MEDIUM"
    },
    {
      "quarter": "2021-12 (Q4)",
      "signal": "OPERATING LEVERAGE",
      "detail": "Rev growth +922.6% vs OpEx growth +3.6% (leverage: 258.3x)",
      "severity": "MEDIUM"
    },
    {
      "quarter": "2021-09 (Q3)",
      "signal": "FCF MARGIN EXPANSION",
      "detail": "FCF margin: -1346.7% -> -1001.8% (+344.9%)",
      "severity": "MEDIUM"
    },
    {
      "quarter": "2021-09 (Q3)",
      "signal": "OPERATING LEVERAGE",
      "detail": "Rev growth +91.2% vs OpEx growth +29.5% (leverage: 3.1x)",
      "severity": "MEDIUM"
    }
  ],
  "data_quality": {
    "n_quarters": 20,
    "coverage": {
      "revenue": [
        20,
        20
      ],
      "gross_profit": [
        0,
        20
      ],
      "op_income": [
        20,
        20
      ],
      "fcf": [
        20,
        20
      ]
    },
    "gaps": [],
    "warnings": [
      "gross_profit: no data"
    ]
  },
  "market_cap": null,
  "source": "SEC EDGAR",
  "last_updated": "2026-02-02T20:46:41.535160",
  "sector": "Healthcare",
  "industry": "Biotechnology"
}