{
  "ticker": "CZR",
  "name": "CAESARS ENTERTAINMENT,\u00a0INC.",
  "quarters": [
    {
      "date": "2020-12-31T00:00:00",
      "quarter_label": "2020-12 (Q4)",
      "revenue": 1497000000,
      "gross_profit": null,
      "operating_income": -83000000,
      "net_income": -555000000,
      "opex": 1580000000,
      "cogs": null,
      "rd": null,
      "sga": null,
      "fcf": null,
      "ocf": null,
      "capex": -69000000,
      "gross_margin": null,
      "op_margin": -0.055444221776887105,
      "fcf_margin": null
    },
    {
      "date": "2021-03-31T00:00:00",
      "quarter_label": "2021-03 (Q1)",
      "revenue": 1699000000,
      "gross_profit": null,
      "operating_income": 186000000,
      "net_income": -423000000,
      "opex": 1513000000,
      "cogs": null,
      "rd": null,
      "sga": null,
      "fcf": null,
      "ocf": null,
      "capex": -65000000,
      "gross_margin": null,
      "op_margin": 0.10947616244849911,
      "fcf_margin": null,
      "op_leverage_ratio": Infinity
    },
    {
      "date": "2021-06-30T00:00:00",
      "quarter_label": "2021-06 (Q2)",
      "revenue": 2502000000,
      "gross_profit": null,
      "operating_income": 590000000,
      "net_income": 71000000,
      "opex": 1912000000,
      "cogs": null,
      "rd": null,
      "sga": null,
      "fcf": null,
      "ocf": null,
      "capex": -112000000,
      "gross_margin": null,
      "op_margin": 0.23581135091926458,
      "fcf_margin": null,
      "op_leverage_ratio": 1.7922071216888602
    },
    {
      "date": "2021-09-30T00:00:00",
      "quarter_label": "2021-09 (Q3)",
      "revenue": 2685000000,
      "gross_profit": null,
      "operating_income": 532000000,
      "net_income": -233000000,
      "opex": 2153000000,
      "cogs": null,
      "rd": null,
      "sga": null,
      "fcf": null,
      "ocf": null,
      "capex": -136000000,
      "gross_margin": null,
      "op_margin": 0.19813780260707636,
      "fcf_margin": null,
      "op_leverage_ratio": 0.5802760281401436
    },
    {
      "date": "2021-12-31T00:00:00",
      "quarter_label": "2021-12 (Q4)",
      "revenue": 2591000000,
      "gross_profit": null,
      "operating_income": 122000000,
      "net_income": -434000000,
      "opex": 2469000000,
      "cogs": null,
      "rd": null,
      "sga": null,
      "fcf": null,
      "ocf": null,
      "capex": -207000000,
      "gross_margin": null,
      "op_margin": 0.047086067155538404,
      "fcf_margin": null,
      "incr_op_margin_yoy": 0.18738574040219377,
      "rev_growth_yoy": 0.7307949231796927
    },
    {
      "date": "2022-03-31T00:00:00",
      "quarter_label": "2022-03 (Q1)",
      "revenue": 2292000000,
      "gross_profit": null,
      "operating_income": -10000000,
      "net_income": -680000000,
      "opex": 2302000000,
      "cogs": null,
      "rd": null,
      "sga": null,
      "fcf": null,
      "ocf": null,
      "capex": -210000000,
      "gross_margin": null,
      "op_margin": -0.004363001745200698,
      "fcf_margin": null,
      "incr_op_margin_yoy": -0.3305227655986509,
      "rev_growth_yoy": 0.34902884049440847,
      "rev_growth_yoy_accel": -0.3817660826852843
    },
    {
      "date": "2022-06-30T00:00:00",
      "quarter_label": "2022-06 (Q2)",
      "revenue": 2821000000,
      "gross_profit": null,
      "operating_income": 602000000,
      "net_income": -123000000,
      "opex": 2219000000,
      "cogs": null,
      "rd": null,
      "sga": null,
      "fcf": null,
      "ocf": null,
      "capex": -261000000,
      "gross_margin": null,
      "op_margin": 0.21339950372208435,
      "fcf_margin": null,
      "incr_op_margin_yoy": 0.03761755485893417,
      "rev_growth_yoy": 0.12749800159872102,
      "rev_growth_yoy_accel": -0.22153083889568745,
      "op_leverage_ratio": Infinity
    },
    {
      "date": "2022-09-30T00:00:00",
      "quarter_label": "2022-09 (Q3)",
      "revenue": 2887000000,
      "gross_profit": null,
      "operating_income": 659000000,
      "net_income": 52000000,
      "opex": 2228000000,
      "cogs": null,
      "rd": null,
      "sga": null,
      "fcf": null,
      "ocf": null,
      "capex": -246000000,
      "gross_margin": null,
      "op_margin": 0.2282646345687565,
      "fcf_margin": null,
      "incr_op_margin_yoy": 0.6287128712871287,
      "rev_growth_yoy": 0.07523277467411546,
      "rev_growth_yoy_accel": -0.05226522692460556,
      "op_leverage_ratio": 5.768403639371382
    },
    {
      "date": "2022-12-31T00:00:00",
      "quarter_label": "2022-12 (Q4)",
      "revenue": 2821000000,
      "gross_profit": null,
      "operating_income": 488000000,
      "net_income": -148000000,
      "opex": 2333000000,
      "cogs": null,
      "rd": null,
      "sga": null,
      "fcf": null,
      "ocf": null,
      "capex": -235000000,
      "gross_margin": null,
      "op_margin": 0.1729883020205601,
      "fcf_margin": null,
      "incr_op_margin_yoy": 1.5913043478260869,
      "rev_growth_yoy": 0.08876881512929372,
      "rev_growth_yoy_accel": 0.013536040455178255
    },
    {
      "date": "2023-03-31T00:00:00",
      "quarter_label": "2023-03 (Q1)",
      "revenue": 2830000000,
      "gross_profit": null,
      "operating_income": 603000000,
      "net_income": -136000000,
      "opex": 2227000000,
      "cogs": null,
      "rd": null,
      "sga": null,
      "fcf": -98000000,
      "ocf": 174000000,
      "capex": -272000000,
      "gross_margin": null,
      "op_margin": 0.21307420494699647,
      "fcf_margin": -0.03462897526501767,
      "incr_op_margin_yoy": 1.1394052044609666,
      "rev_growth_yoy": 0.23472949389179756,
      "rev_growth_yoy_accel": 0.14596067876250385
    },
    {
      "date": "2023-06-30T00:00:00",
      "quarter_label": "2023-06 (Q2)",
      "revenue": 2879000000,
      "gross_profit": null,
      "operating_income": 609000000,
      "net_income": 920000000,
      "opex": 2270000000,
      "cogs": null,
      "rd": null,
      "sga": null,
      "fcf": 478000000,
      "ocf": 779000000,
      "capex": -301000000,
      "gross_margin": null,
      "op_margin": 0.21153178186870442,
      "fcf_margin": 0.16602987148315387,
      "incr_op_margin_yoy": 0.1206896551724138,
      "rev_growth_yoy": 0.02056008507621411,
      "rev_growth_yoy_accel": -0.21416940881558344,
      "op_leverage_ratio": 0.8967293943627249,
      "fcf_margin_change": 0.20065884674817153
    },
    {
      "date": "2023-09-30T00:00:00",
      "quarter_label": "2023-09 (Q3)",
      "revenue": 2994000000,
      "gross_profit": null,
      "operating_income": 724000000,
      "net_income": 74000000,
      "opex": 2270000000,
      "cogs": null,
      "rd": null,
      "sga": null,
      "fcf": 26000000,
      "ocf": 348000000,
      "capex": -322000000,
      "gross_margin": null,
      "op_margin": 0.24181696726786908,
      "fcf_margin": 0.008684034736138945,
      "incr_op_margin_yoy": 0.6074766355140186,
      "rev_growth_yoy": 0.037062694838933145,
      "rev_growth_yoy_accel": 0.016502609762719035,
      "op_leverage_ratio": Infinity,
      "fcf_margin_change": -0.15734583674701494
    },
    {
      "date": "2023-12-31T00:00:00",
      "quarter_label": "2023-12 (Q4)",
      "revenue": 2825000000,
      "gross_profit": null,
      "operating_income": 536000000,
      "net_income": -72000000,
      "opex": 2289000000,
      "cogs": null,
      "rd": null,
      "sga": null,
      "fcf": null,
      "ocf": null,
      "capex": -369000000,
      "gross_margin": null,
      "op_margin": 0.18973451327433627,
      "fcf_margin": null,
      "incr_op_margin_yoy": 12.0,
      "rev_growth_yoy": 0.0014179369018078695,
      "rev_growth_yoy_accel": -0.03564475793712528
    },
    {
      "date": "2024-03-31T00:00:00",
      "quarter_label": "2024-03 (Q1)",
      "revenue": 2742000000,
      "gross_profit": null,
      "operating_income": 485000000,
      "net_income": -158000000,
      "opex": 2257000000,
      "cogs": null,
      "rd": null,
      "sga": null,
      "fcf": -184000000,
      "ocf": 80000000,
      "capex": -264000000,
      "gross_margin": null,
      "op_margin": 0.17687819110138586,
      "fcf_margin": -0.06710430342815463,
      "incr_op_margin_yoy": 1.3409090909090908,
      "rev_growth_yoy": -0.03109540636042403,
      "rev_growth_yoy_accel": -0.0325133432622319
    },
    {
      "date": "2024-06-30T00:00:00",
      "quarter_label": "2024-06 (Q2)",
      "revenue": 2830000000,
      "gross_profit": null,
      "operating_income": 506000000,
      "net_income": -122000000,
      "opex": 2324000000,
      "cogs": null,
      "rd": null,
      "sga": null,
      "fcf": 125000000,
      "ocf": 454000000,
      "capex": -329000000,
      "gross_margin": null,
      "op_margin": 0.17879858657243816,
      "fcf_margin": 0.044169611307420496,
      "incr_op_margin_yoy": 2.1020408163265305,
      "rev_growth_yoy": -0.017019798541160126,
      "rev_growth_yoy_accel": 0.014075607819263904,
      "op_leverage_ratio": 1.081115211687732,
      "fcf_margin_change": 0.11127391473557513
    },
    {
      "date": "2024-09-30T00:00:00",
      "quarter_label": "2024-09 (Q3)",
      "revenue": 2874000000,
      "gross_profit": null,
      "operating_income": 644000000,
      "net_income": -9000000,
      "opex": 2230000000,
      "cogs": null,
      "rd": null,
      "sga": null,
      "fcf": -192000000,
      "ocf": 232000000,
      "capex": -424000000,
      "gross_margin": null,
      "op_margin": 0.22407794015309673,
      "fcf_margin": -0.06680584551148225,
      "incr_op_margin_yoy": 0.6666666666666666,
      "rev_growth_yoy": -0.04008016032064128,
      "rev_growth_yoy_accel": -0.023060361779481155,
      "op_leverage_ratio": Infinity,
      "fcf_margin_change": -0.11097545681890275
    },
    {
      "date": "2024-12-31T00:00:00",
      "quarter_label": "2024-12 (Q4)",
      "revenue": 2799000000,
      "gross_profit": null,
      "operating_income": 669000000,
      "net_income": 11000000,
      "opex": 2130000000,
      "cogs": null,
      "rd": null,
      "sga": null,
      "fcf": null,
      "ocf": null,
      "capex": -279000000,
      "gross_margin": null,
      "op_margin": 0.2390139335476956,
      "fcf_margin": null,
      "incr_op_margin_yoy": -5.115384615384615,
      "rev_growth_yoy": -0.009203539823008849,
      "rev_growth_yoy_accel": 0.030876620497632432
    },
    {
      "date": "2025-03-31T00:00:00",
      "quarter_label": "2025-03 (Q1)",
      "revenue": 2794000000,
      "gross_profit": null,
      "operating_income": 488000000,
      "net_income": -115000000,
      "opex": 2306000000,
      "cogs": null,
      "rd": null,
      "sga": null,
      "fcf": -5000000,
      "ocf": 218000000,
      "capex": -223000000,
      "gross_margin": null,
      "op_margin": 0.17465998568360774,
      "fcf_margin": -0.0017895490336435219,
      "incr_op_margin_yoy": 0.057692307692307696,
      "rev_growth_yoy": 0.018964259664478483,
      "rev_growth_yoy_accel": 0.028167799487487332
    },
    {
      "date": "2025-06-30T00:00:00",
      "quarter_label": "2025-06 (Q2)",
      "revenue": 2907000000,
      "gross_profit": null,
      "operating_income": 526000000,
      "net_income": -82000000,
      "opex": 2381000000,
      "cogs": null,
      "rd": null,
      "sga": null,
      "fcf": 232000000,
      "ocf": 462000000,
      "capex": -230000000,
      "gross_margin": null,
      "op_margin": 0.18094255245958032,
      "fcf_margin": 0.07980736154110767,
      "incr_op_margin_yoy": 0.2597402597402597,
      "rev_growth_yoy": 0.027208480565371024,
      "rev_growth_yoy_accel": 0.008244220900892541,
      "op_leverage_ratio": 1.2435122882366976,
      "fcf_margin_change": 0.08159691057475119
    },
    {
      "date": "2025-09-30T00:00:00",
      "quarter_label": "2025-09 (Q3)",
      "revenue": 2869000000,
      "gross_profit": null,
      "operating_income": 513000000,
      "net_income": -55000000,
      "opex": 2356000000,
      "cogs": null,
      "rd": null,
      "sga": null,
      "fcf": 123000000,
      "ocf": 318000000,
      "capex": -195000000,
      "gross_margin": null,
      "op_margin": 0.17880794701986755,
      "fcf_margin": 0.04287208086441269,
      "incr_op_margin_yoy": 26.2,
      "rev_growth_yoy": -0.0017397355601948504,
      "rev_growth_yoy_accel": -0.028948216125565876,
      "fcf_margin_change": -0.03693528067669498
    }
  ],
  "signals": [
    {
      "quarter": "2025-09 (Q3)",
      "signal": "INCREMENTAL MARGIN (YoY)",
      "detail": "YoY Incr OPM: +2620.0% vs year-ago OPM: +22.4%",
      "severity": "HIGH"
    },
    {
      "quarter": "2025-06 (Q2)",
      "signal": "FCF TURNED POSITIVE",
      "detail": "FCF margin: -0.2% -> +8.0%",
      "severity": "HIGH"
    },
    {
      "quarter": "2024-09 (Q3)",
      "signal": "INCREMENTAL MARGIN (YoY)",
      "detail": "YoY Incr OPM: +66.7% vs year-ago OPM: +24.2%",
      "severity": "HIGH"
    },
    {
      "quarter": "2024-06 (Q2)",
      "signal": "FCF TURNED POSITIVE",
      "detail": "FCF margin: -6.7% -> +4.4%",
      "severity": "HIGH"
    },
    {
      "quarter": "2024-06 (Q2)",
      "signal": "INCREMENTAL MARGIN (YoY)",
      "detail": "YoY Incr OPM: +210.2% vs year-ago OPM: +21.2%",
      "severity": "HIGH"
    },
    {
      "quarter": "2024-03 (Q1)",
      "signal": "INCREMENTAL MARGIN (YoY)",
      "detail": "YoY Incr OPM: +134.1% vs year-ago OPM: +21.3%",
      "severity": "HIGH"
    },
    {
      "quarter": "2023-12 (Q4)",
      "signal": "INCREMENTAL MARGIN (YoY)",
      "detail": "YoY Incr OPM: +1200.0% vs year-ago OPM: +17.3%",
      "severity": "HIGH"
    },
    {
      "quarter": "2023-09 (Q3)",
      "signal": "INCREMENTAL MARGIN (YoY)",
      "detail": "YoY Incr OPM: +60.7% vs year-ago OPM: +22.8%",
      "severity": "HIGH"
    },
    {
      "quarter": "2023-06 (Q2)",
      "signal": "FCF TURNED POSITIVE",
      "detail": "FCF margin: -3.5% -> +16.6%",
      "severity": "HIGH"
    },
    {
      "quarter": "2023-06 (Q2)",
      "signal": "YoY REVENUE GROWTH DECELERATION",
      "detail": "YoY growth: +2.1% vs prior quarter YoY: +23.5% (decel: -21.4%)",
      "severity": "WARNING"
    },
    {
      "quarter": "2023-03 (Q1)",
      "signal": "YoY REVENUE GROWTH ACCELERATION",
      "detail": "YoY growth: +23.5% vs prior quarter YoY: +8.9% (accel: +14.6%)",
      "severity": "MEDIUM"
    },
    {
      "quarter": "2023-03 (Q1)",
      "signal": "OP MARGIN TURNED POSITIVE (YoY)",
      "detail": "Op margin: -0.4% (year-ago) -> +21.3%",
      "severity": "HIGH"
    },
    {
      "quarter": "2022-12 (Q4)",
      "signal": "INCREMENTAL MARGIN (YoY)",
      "detail": "YoY Incr OPM: +159.1% vs year-ago OPM: +4.7%",
      "severity": "HIGH"
    },
    {
      "quarter": "2022-09 (Q3)",
      "signal": "OPERATING LEVERAGE",
      "detail": "Rev growth +2.3% vs OpEx growth +0.4% (leverage: 5.8x)",
      "severity": "MEDIUM"
    },
    {
      "quarter": "2022-09 (Q3)",
      "signal": "YoY REVENUE GROWTH DECELERATION",
      "detail": "YoY growth: +7.5% vs prior quarter YoY: +12.7% (decel: -5.2%)",
      "severity": "WARNING"
    },
    {
      "quarter": "2022-09 (Q3)",
      "signal": "INCREMENTAL MARGIN (YoY)",
      "detail": "YoY Incr OPM: +62.9% vs year-ago OPM: +19.8%",
      "severity": "HIGH"
    },
    {
      "quarter": "2022-06 (Q2)",
      "signal": "YoY REVENUE GROWTH DECELERATION",
      "detail": "YoY growth: +12.7% vs prior quarter YoY: +34.9% (decel: -22.2%)",
      "severity": "WARNING"
    },
    {
      "quarter": "2022-06 (Q2)",
      "signal": "OP MARGIN TURNED POSITIVE (QoQ)",
      "detail": "Op margin: -0.4% -> +21.3%",
      "severity": "HIGH"
    },
    {
      "quarter": "2022-03 (Q1)",
      "signal": "YoY REVENUE GROWTH DECELERATION",
      "detail": "YoY growth: +34.9% vs prior quarter YoY: +73.1% (decel: -38.2%)",
      "severity": "WARNING"
    },
    {
      "quarter": "2021-12 (Q4)",
      "signal": "OP MARGIN TURNED POSITIVE (YoY)",
      "detail": "Op margin: -5.5% (year-ago) -> +4.7%",
      "severity": "HIGH"
    },
    {
      "quarter": "2021-06 (Q2)",
      "signal": "OPERATING LEVERAGE",
      "detail": "Rev growth +47.3% vs OpEx growth +26.4% (leverage: 1.8x)",
      "severity": "MEDIUM"
    },
    {
      "quarter": "2021-03 (Q1)",
      "signal": "OP MARGIN TURNED POSITIVE (QoQ)",
      "detail": "Op margin: -5.5% -> +10.9%",
      "severity": "HIGH"
    }
  ],
  "data_quality": {
    "n_quarters": 20,
    "coverage": {
      "revenue": [
        20,
        20
      ],
      "gross_profit": [
        0,
        20
      ],
      "op_income": [
        20,
        20
      ],
      "fcf": [
        9,
        20
      ]
    },
    "gaps": [],
    "warnings": [
      "gross_profit: no data",
      "fcf: 9/20Q"
    ]
  },
  "market_cap": null,
  "source": "SEC EDGAR",
  "last_updated": "2026-02-02T21:09:11.267425"
}