{
  "ticker": "D",
  "name": "DOMINION ENERGY, INC.",
  "sector": "Utilities",
  "industry": "Utilities - Regulated Electric",
  "quarters": [
    {
      "date": "2021-03-31T00:00:00",
      "quarter_label": "2021-03 (Q1)",
      "revenue": 3870000000,
      "gross_profit": null,
      "operating_income": 878000000,
      "net_income": 1008000000,
      "opex": 2992000000,
      "cogs": null,
      "rd": null,
      "sga": null,
      "fcf": 1452000000,
      "ocf": 1452000000,
      "capex": null,
      "gross_margin": null,
      "op_margin": 0.2268733850129199,
      "fcf_margin": 0.3751937984496124
    },
    {
      "date": "2021-06-30T00:00:00",
      "quarter_label": "2021-06 (Q2)",
      "revenue": 3038000000,
      "gross_profit": null,
      "operating_income": 363000000,
      "net_income": 285000000,
      "opex": 2675000000,
      "cogs": null,
      "rd": null,
      "sga": null,
      "fcf": 788000000,
      "ocf": 788000000,
      "capex": null,
      "gross_margin": null,
      "op_margin": 0.119486504279131,
      "fcf_margin": 0.2593811718235681,
      "fcf_margin_change": -0.1158126266260443
    },
    {
      "date": "2021-09-30T00:00:00",
      "quarter_label": "2021-09 (Q3)",
      "revenue": 3176000000,
      "gross_profit": null,
      "operating_income": 841000000,
      "net_income": 654000000,
      "opex": 2335000000,
      "cogs": null,
      "rd": null,
      "sga": null,
      "fcf": 1295000000,
      "ocf": 1295000000,
      "capex": null,
      "gross_margin": null,
      "op_margin": 0.2647984886649874,
      "fcf_margin": 0.4077455919395466,
      "op_leverage_ratio": null,
      "fcf_margin_change": 0.1483644201159785
    },
    {
      "date": "2021-12-31T00:00:00",
      "quarter_label": "2021-12 (Q4)",
      "revenue": 3061000000,
      "gross_profit": null,
      "operating_income": 937000000,
      "net_income": 1341000000,
      "opex": 2943000000,
      "cogs": null,
      "rd": null,
      "sga": null,
      "fcf": 502000000,
      "ocf": 502000000,
      "capex": null,
      "gross_margin": null,
      "op_margin": 0.306109114668409,
      "fcf_margin": 0.16399869323750407,
      "fcf_margin_change": -0.24374689870204255
    },
    {
      "date": "2022-03-31T00:00:00",
      "quarter_label": "2022-03 (Q1)",
      "revenue": 4279000000,
      "gross_profit": null,
      "operating_income": 976000000,
      "net_income": 711000000,
      "opex": 3303000000,
      "cogs": null,
      "rd": null,
      "sga": null,
      "fcf": 1125000000,
      "ocf": 1125000000,
      "capex": null,
      "gross_margin": null,
      "op_margin": 0.2280906753914466,
      "fcf_margin": 0.2629118953026408,
      "incr_op_margin_yoy": 0.2396088019559902,
      "rev_growth_yoy": 0.10568475452196383,
      "op_leverage_ratio": 3.252907546553414,
      "fcf_margin_change": 0.09891320206513673
    },
    {
      "date": "2022-06-30T00:00:00",
      "quarter_label": "2022-06 (Q2)",
      "revenue": 3596000000,
      "gross_profit": null,
      "operating_income": -318000000,
      "net_income": -453000000,
      "opex": 3914000000,
      "cogs": null,
      "rd": null,
      "sga": null,
      "fcf": 236000000,
      "ocf": 236000000,
      "capex": null,
      "gross_margin": null,
      "op_margin": -0.08843159065628477,
      "fcf_margin": 0.06562847608453838,
      "incr_op_margin_yoy": -1.2204301075268817,
      "rev_growth_yoy": 0.1836734693877551,
      "rev_growth_yoy_accel": 0.07798871486579129,
      "fcf_margin_change": -0.19728341921810244
    },
    {
      "date": "2022-09-30T00:00:00",
      "quarter_label": "2022-09 (Q3)",
      "revenue": 4386000000,
      "gross_profit": null,
      "operating_income": 1072000000,
      "net_income": 778000000,
      "opex": 3314000000,
      "cogs": null,
      "rd": null,
      "sga": null,
      "fcf": 1310000000,
      "ocf": 1310000000,
      "capex": null,
      "gross_margin": null,
      "op_margin": 0.2444140446876425,
      "fcf_margin": 0.29867761057911535,
      "incr_op_margin_yoy": 0.19090909090909092,
      "rev_growth_yoy": 0.3809823677581864,
      "rev_growth_yoy_accel": 0.19730889837043128,
      "op_leverage_ratio": null,
      "fcf_margin_change": 0.23304913449457698
    },
    {
      "date": "2022-12-31T00:00:00",
      "quarter_label": "2022-12 (Q4)",
      "revenue": 3810000000,
      "gross_profit": null,
      "operating_income": 253000000,
      "net_income": -42000000,
      "opex": 5047000000,
      "cogs": null,
      "rd": null,
      "sga": null,
      "fcf": 1029000000,
      "ocf": 1029000000,
      "capex": null,
      "gross_margin": null,
      "op_margin": 0.06640419947506562,
      "fcf_margin": 0.2700787401574803,
      "incr_op_margin_yoy": -0.9132176234979973,
      "rev_growth_yoy": 0.24469127736033977,
      "rev_growth_yoy_accel": -0.13629109039784662,
      "fcf_margin_change": -0.02859887042163506
    },
    {
      "date": "2023-03-31T00:00:00",
      "quarter_label": "2023-03 (Q1)",
      "revenue": 5252000000,
      "gross_profit": null,
      "operating_income": 1445000000,
      "net_income": 997000000,
      "opex": 3807000000,
      "cogs": null,
      "rd": null,
      "sga": null,
      "fcf": 2097000000,
      "ocf": 2097000000,
      "capex": null,
      "gross_margin": null,
      "op_margin": 0.27513328255902514,
      "fcf_margin": 0.39927646610814926,
      "incr_op_margin_yoy": 0.48201438848920863,
      "rev_growth_yoy": 0.2273895770039729,
      "rev_growth_yoy_accel": -0.017301700356366884,
      "op_leverage_ratio": null,
      "fcf_margin_change": 0.12919772595066897
    },
    {
      "date": "2023-06-30T00:00:00",
      "quarter_label": "2023-06 (Q2)",
      "revenue": 3794000000,
      "gross_profit": null,
      "operating_income": 722000000,
      "net_income": 599000000,
      "opex": 3072000000,
      "cogs": null,
      "rd": null,
      "sga": null,
      "fcf": 1097000000,
      "ocf": 1097000000,
      "capex": null,
      "gross_margin": null,
      "op_margin": 0.19030047443331577,
      "fcf_margin": 0.28914074855034266,
      "incr_op_margin_yoy": 5.252525252525253,
      "rev_growth_yoy": 0.05506117908787542,
      "rev_growth_yoy_accel": -0.17232839791609747,
      "fcf_margin_change": -0.1101357175578066
    },
    {
      "date": "2023-09-30T00:00:00",
      "quarter_label": "2023-09 (Q3)",
      "revenue": 3810000000,
      "gross_profit": null,
      "operating_income": 1035000000,
      "net_income": 163000000,
      "opex": 2775000000,
      "cogs": null,
      "rd": null,
      "sga": null,
      "fcf": 1992000000,
      "ocf": 1992000000,
      "capex": null,
      "gross_margin": null,
      "op_margin": 0.27165354330708663,
      "fcf_margin": 0.5228346456692914,
      "incr_op_margin_yoy": 0.0642361111111111,
      "rev_growth_yoy": -0.13132694938440492,
      "rev_growth_yoy_accel": -0.18638812847228034,
      "fcf_margin_change": 0.23369389711894872
    },
    {
      "date": "2023-12-31T00:00:00",
      "quarter_label": "2023-12 (Q4)",
      "revenue": 3534000000,
      "gross_profit": null,
      "operating_income": 712000000,
      "net_income": 273000000,
      "opex": 2836000000,
      "cogs": null,
      "rd": null,
      "sga": null,
      "fcf": 1386000000,
      "ocf": 1386000000,
      "capex": null,
      "gross_margin": null,
      "op_margin": 0.2014714204867006,
      "fcf_margin": 0.3921901528013582,
      "incr_op_margin_yoy": -1.6630434782608696,
      "rev_growth_yoy": -0.07244094488188976,
      "rev_growth_yoy_accel": 0.05888600450251516,
      "fcf_margin_change": -0.13064449286793317
    },
    {
      "date": "2024-03-31T00:00:00",
      "quarter_label": "2024-03 (Q1)",
      "revenue": 3632000000,
      "gross_profit": null,
      "operating_income": 833000000,
      "net_income": 674000000,
      "opex": 2799000000,
      "cogs": null,
      "rd": null,
      "sga": null,
      "fcf": 1982000000,
      "ocf": 1982000000,
      "capex": null,
      "gross_margin": null,
      "op_margin": 0.22935022026431717,
      "fcf_margin": 0.545704845814978,
      "incr_op_margin_yoy": 0.37777777777777777,
      "rev_growth_yoy": -0.30845392231530844,
      "rev_growth_yoy_accel": -0.23601297743341867,
      "op_leverage_ratio": null,
      "fcf_margin_change": 0.1535146930136198
    },
    {
      "date": "2024-06-30T00:00:00",
      "quarter_label": "2024-06 (Q2)",
      "revenue": 3486000000,
      "gross_profit": null,
      "operating_income": 805000000,
      "net_income": 572000000,
      "opex": 2681000000,
      "cogs": null,
      "rd": null,
      "sga": null,
      "fcf": 856000000,
      "ocf": 856000000,
      "capex": null,
      "gross_margin": null,
      "op_margin": 0.23092369477911648,
      "fcf_margin": 0.2455536431440046,
      "incr_op_margin_yoy": -0.2694805194805195,
      "rev_growth_yoy": -0.08118081180811808,
      "rev_growth_yoy_accel": 0.22727311050719035,
      "fcf_margin_change": -0.3001512026709734
    },
    {
      "date": "2024-09-30T00:00:00",
      "quarter_label": "2024-09 (Q3)",
      "revenue": 3941000000,
      "gross_profit": null,
      "operating_income": 1218000000,
      "net_income": 954000000,
      "opex": 2723000000,
      "cogs": null,
      "rd": null,
      "sga": null,
      "fcf": 1539000000,
      "ocf": 1539000000,
      "capex": null,
      "gross_margin": null,
      "op_margin": 0.30905861456483125,
      "fcf_margin": 0.39051002283684344,
      "incr_op_margin_yoy": 1.3969465648854962,
      "rev_growth_yoy": 0.03438320209973753,
      "rev_growth_yoy_accel": 0.11556401390785562,
      "op_leverage_ratio": 8.33165997322624,
      "fcf_margin_change": 0.14495637969283884
    },
    {
      "date": "2024-12-31T00:00:00",
      "quarter_label": "2024-12 (Q4)",
      "revenue": 3400000000,
      "gross_profit": null,
      "operating_income": 391000000,
      "net_income": 145000000,
      "opex": 3009000000,
      "cogs": null,
      "rd": null,
      "sga": null,
      "fcf": 641000000,
      "ocf": 641000000,
      "capex": null,
      "gross_margin": null,
      "op_margin": 0.115,
      "fcf_margin": 0.1885294117647059,
      "incr_op_margin_yoy": 2.3955223880597014,
      "rev_growth_yoy": -0.03791737408036219,
      "rev_growth_yoy_accel": -0.07230057618009972,
      "fcf_margin_change": -0.20198061107213755
    },
    {
      "date": "2025-03-31T00:00:00",
      "quarter_label": "2025-03 (Q1)",
      "revenue": 4076000000,
      "gross_profit": null,
      "operating_income": 1223000000,
      "net_income": 646000000,
      "opex": 2853000000,
      "cogs": null,
      "rd": null,
      "sga": null,
      "fcf": 1183000000,
      "ocf": 1183000000,
      "capex": null,
      "gross_margin": null,
      "op_margin": 0.30004906771344453,
      "fcf_margin": 0.29023552502453387,
      "incr_op_margin_yoy": 0.8783783783783784,
      "rev_growth_yoy": 0.1222466960352423,
      "rev_growth_yoy_accel": 0.1601640701156045,
      "op_leverage_ratio": null,
      "fcf_margin_change": 0.10170611325982798
    },
    {
      "date": "2025-06-30T00:00:00",
      "quarter_label": "2025-06 (Q2)",
      "revenue": 3810000000,
      "gross_profit": null,
      "operating_income": 1096000000,
      "net_income": 760000000,
      "opex": 2714000000,
      "cogs": null,
      "rd": null,
      "sga": null,
      "fcf": 1246000000,
      "ocf": 1246000000,
      "capex": null,
      "gross_margin": null,
      "op_margin": 0.28766404199475065,
      "fcf_margin": 0.3270341207349081,
      "incr_op_margin_yoy": 0.8981481481481481,
      "rev_growth_yoy": 0.09294320137693632,
      "rev_growth_yoy_accel": -0.02930349465830598,
      "fcf_margin_change": 0.03679859571037425
    },
    {
      "date": "2025-09-30T00:00:00",
      "quarter_label": "2025-09 (Q3)",
      "revenue": 4527000000,
      "gross_profit": null,
      "operating_income": 1339000000,
      "net_income": 1006000000,
      "opex": 3188000000,
      "cogs": null,
      "rd": null,
      "sga": null,
      "fcf": 1945000000,
      "ocf": 1945000000,
      "capex": null,
      "gross_margin": null,
      "op_margin": 0.2957808703335542,
      "fcf_margin": 0.429644356085708,
      "incr_op_margin_yoy": 0.20648464163822525,
      "rev_growth_yoy": 0.14869322506977925,
      "rev_growth_yoy_accel": 0.05575002369284293,
      "op_leverage_ratio": 1.0775208478687,
      "fcf_margin_change": 0.10261023535079988
    },
    {
      "date": "2025-12-31T00:00:00",
      "quarter_label": "2025-12 (Q4)",
      "revenue": 4093000000,
      "gross_profit": null,
      "operating_income": 756000000,
      "net_income": 567000000,
      "opex": 3337000000,
      "cogs": null,
      "rd": null,
      "sga": null,
      "fcf": 987000000,
      "ocf": 987000000,
      "capex": null,
      "gross_margin": null,
      "op_margin": 0.18470559491815294,
      "fcf_margin": 0.24114341558758856,
      "incr_op_margin_yoy": 0.5266955266955267,
      "rev_growth_yoy": 0.2038235294117647,
      "rev_growth_yoy_accel": 0.05513030434198546,
      "fcf_margin_change": -0.18850094049811944
    }
  ],
  "signals": [
    {
      "quarter": "2025-12 (Q4)",
      "signal": "YoY REVENUE GROWTH ACCELERATION",
      "detail": "YoY growth: +20.4% vs prior quarter YoY: +14.9% (accel: +5.5%)",
      "severity": "MEDIUM"
    },
    {
      "quarter": "2025-12 (Q4)",
      "signal": "INCREMENTAL MARGIN (YoY)",
      "detail": "YoY Incr OPM: +52.7% vs year-ago OPM: +11.5%",
      "severity": "HIGH"
    },
    {
      "quarter": "2025-09 (Q3)",
      "signal": "FCF MARGIN EXPANSION",
      "detail": "FCF margin: +32.7% -> +43.0% (+10.3%)",
      "severity": "MEDIUM"
    },
    {
      "quarter": "2025-09 (Q3)",
      "signal": "YoY REVENUE GROWTH ACCELERATION",
      "detail": "YoY growth: +14.9% vs prior quarter YoY: +9.3% (accel: +5.6%)",
      "severity": "MEDIUM"
    },
    {
      "quarter": "2025-06 (Q2)",
      "signal": "INCREMENTAL MARGIN (YoY)",
      "detail": "YoY Incr OPM: +89.8% vs year-ago OPM: +23.1%",
      "severity": "HIGH"
    },
    {
      "quarter": "2025-03 (Q1)",
      "signal": "FCF MARGIN EXPANSION",
      "detail": "FCF margin: +18.9% -> +29.0% (+10.2%)",
      "severity": "MEDIUM"
    },
    {
      "quarter": "2025-03 (Q1)",
      "signal": "YoY REVENUE GROWTH ACCELERATION",
      "detail": "YoY growth: +12.2% vs prior quarter YoY: -3.8% (accel: +16.0%)",
      "severity": "HIGH"
    },
    {
      "quarter": "2025-03 (Q1)",
      "signal": "INCREMENTAL MARGIN (YoY)",
      "detail": "YoY Incr OPM: +87.8% vs year-ago OPM: +22.9%",
      "severity": "HIGH"
    },
    {
      "quarter": "2024-12 (Q4)",
      "signal": "YoY REVENUE GROWTH DECELERATION",
      "detail": "YoY growth: -3.8% vs prior quarter YoY: +3.4% (decel: -7.2%)",
      "severity": "WARNING"
    },
    {
      "quarter": "2024-12 (Q4)",
      "signal": "INCREMENTAL MARGIN (YoY)",
      "detail": "YoY Incr OPM: +239.6% vs year-ago OPM: +20.1%",
      "severity": "HIGH"
    },
    {
      "quarter": "2024-09 (Q3)",
      "signal": "FCF MARGIN EXPANSION",
      "detail": "FCF margin: +24.6% -> +39.1% (+14.5%)",
      "severity": "MEDIUM"
    },
    {
      "quarter": "2024-09 (Q3)",
      "signal": "OPERATING LEVERAGE",
      "detail": "Rev growth +13.1% vs OpEx growth +1.6% (leverage: 8.3x)",
      "severity": "MEDIUM"
    },
    {
      "quarter": "2024-09 (Q3)",
      "signal": "YoY REVENUE GROWTH ACCELERATION",
      "detail": "YoY growth: +3.4% vs prior quarter YoY: -8.1% (accel: +11.6%)",
      "severity": "MEDIUM"
    },
    {
      "quarter": "2024-09 (Q3)",
      "signal": "INCREMENTAL MARGIN (YoY)",
      "detail": "YoY Incr OPM: +139.7% vs year-ago OPM: +27.2%",
      "severity": "HIGH"
    },
    {
      "quarter": "2024-06 (Q2)",
      "signal": "YoY REVENUE GROWTH ACCELERATION",
      "detail": "YoY growth: -8.1% vs prior quarter YoY: -30.8% (accel: +22.7%)",
      "severity": "HIGH"
    },
    {
      "quarter": "2024-03 (Q1)",
      "signal": "FCF MARGIN EXPANSION",
      "detail": "FCF margin: +39.2% -> +54.6% (+15.4%)",
      "severity": "MEDIUM"
    },
    {
      "quarter": "2024-03 (Q1)",
      "signal": "YoY REVENUE GROWTH DECELERATION",
      "detail": "YoY growth: -30.8% vs prior quarter YoY: -7.2% (decel: -23.6%)",
      "severity": "WARNING"
    },
    {
      "quarter": "2024-03 (Q1)",
      "signal": "INCREMENTAL MARGIN (YoY)",
      "detail": "YoY Incr OPM: +37.8% vs year-ago OPM: +27.5%",
      "severity": "MEDIUM"
    },
    {
      "quarter": "2023-12 (Q4)",
      "signal": "YoY REVENUE GROWTH ACCELERATION",
      "detail": "YoY growth: -7.2% vs prior quarter YoY: -13.1% (accel: +5.9%)",
      "severity": "MEDIUM"
    },
    {
      "quarter": "2023-09 (Q3)",
      "signal": "FCF MARGIN EXPANSION",
      "detail": "FCF margin: +28.9% -> +52.3% (+23.4%)",
      "severity": "MEDIUM"
    },
    {
      "quarter": "2023-09 (Q3)",
      "signal": "YoY REVENUE GROWTH DECELERATION",
      "detail": "YoY growth: -13.1% vs prior quarter YoY: +5.5% (decel: -18.6%)",
      "severity": "WARNING"
    },
    {
      "quarter": "2023-06 (Q2)",
      "signal": "YoY REVENUE GROWTH DECELERATION",
      "detail": "YoY growth: +5.5% vs prior quarter YoY: +22.7% (decel: -17.2%)",
      "severity": "WARNING"
    },
    {
      "quarter": "2023-06 (Q2)",
      "signal": "OP MARGIN TURNED POSITIVE (YoY)",
      "detail": "Op margin: -8.8% (year-ago) -> +19.0%",
      "severity": "HIGH"
    },
    {
      "quarter": "2023-03 (Q1)",
      "signal": "FCF MARGIN EXPANSION",
      "detail": "FCF margin: +27.0% -> +39.9% (+12.9%)",
      "severity": "MEDIUM"
    },
    {
      "quarter": "2023-03 (Q1)",
      "signal": "INCREMENTAL MARGIN (YoY)",
      "detail": "YoY Incr OPM: +48.2% vs year-ago OPM: +22.8%",
      "severity": "HIGH"
    },
    {
      "quarter": "2022-12 (Q4)",
      "signal": "YoY REVENUE GROWTH DECELERATION",
      "detail": "YoY growth: +24.5% vs prior quarter YoY: +38.1% (decel: -13.6%)",
      "severity": "WARNING"
    },
    {
      "quarter": "2022-09 (Q3)",
      "signal": "FCF MARGIN EXPANSION",
      "detail": "FCF margin: +6.6% -> +29.9% (+23.3%)",
      "severity": "MEDIUM"
    },
    {
      "quarter": "2022-09 (Q3)",
      "signal": "YoY REVENUE GROWTH ACCELERATION",
      "detail": "YoY growth: +38.1% vs prior quarter YoY: +18.4% (accel: +19.7%)",
      "severity": "HIGH"
    },
    {
      "quarter": "2022-09 (Q3)",
      "signal": "OP MARGIN TURNED POSITIVE (QoQ)",
      "detail": "Op margin: -8.8% -> +24.4%",
      "severity": "HIGH"
    },
    {
      "quarter": "2022-06 (Q2)",
      "signal": "YoY REVENUE GROWTH ACCELERATION",
      "detail": "YoY growth: +18.4% vs prior quarter YoY: +10.6% (accel: +7.8%)",
      "severity": "MEDIUM"
    },
    {
      "quarter": "2022-03 (Q1)",
      "signal": "FCF MARGIN EXPANSION",
      "detail": "FCF margin: +16.4% -> +26.3% (+9.9%)",
      "severity": "MEDIUM"
    },
    {
      "quarter": "2022-03 (Q1)",
      "signal": "OPERATING LEVERAGE",
      "detail": "Rev growth +39.8% vs OpEx growth +12.2% (leverage: 3.3x)",
      "severity": "MEDIUM"
    },
    {
      "quarter": "2021-09 (Q3)",
      "signal": "FCF MARGIN EXPANSION",
      "detail": "FCF margin: +25.9% -> +40.8% (+14.8%)",
      "severity": "MEDIUM"
    }
  ],
  "data_quality": {
    "n_quarters": 20,
    "coverage": {
      "revenue": [
        20,
        20
      ],
      "gross_profit": [
        0,
        20
      ],
      "op_income": [
        20,
        20
      ],
      "fcf": [
        20,
        20
      ]
    },
    "gaps": [],
    "warnings": [
      "gross_profit: no data"
    ]
  },
  "market_cap": null,
  "source": "SEC EDGAR",
  "last_updated": "2026-02-24T10:07:14.199303"
}