{
  "ticker": "DAC",
  "name": "Danaos Corp",
  "quarters": [
    {
      "date": "2011-06-30T00:00:00",
      "quarter_label": "2011-06 (Q2)",
      "revenue": 114764000,
      "gross_profit": null,
      "operating_income": 50911000,
      "net_income": null,
      "opex": null,
      "cogs": null,
      "rd": null,
      "sga": null,
      "fcf": null,
      "ocf": null,
      "capex": null,
      "gross_margin": null,
      "op_margin": 0.4436147223868112,
      "fcf_margin": null
    },
    {
      "date": "2012-06-30T00:00:00",
      "quarter_label": "2012-06 (Q2)",
      "revenue": 146657000,
      "gross_profit": null,
      "operating_income": 70844000,
      "net_income": null,
      "opex": null,
      "cogs": null,
      "rd": null,
      "sga": null,
      "fcf": null,
      "ocf": null,
      "capex": null,
      "gross_margin": null,
      "op_margin": 0.4830591107141152,
      "fcf_margin": null,
      "incr_op_margin_yoy": 0.6249960806446556,
      "rev_growth_yoy": 0.27790073542225785
    },
    {
      "date": "2013-06-30T00:00:00",
      "quarter_label": "2013-06 (Q2)",
      "revenue": 146580000,
      "gross_profit": null,
      "operating_income": 71949000,
      "net_income": null,
      "opex": null,
      "cogs": null,
      "rd": null,
      "sga": null,
      "fcf": null,
      "ocf": null,
      "capex": null,
      "gross_margin": null,
      "op_margin": 0.49085141219811707,
      "fcf_margin": null,
      "rev_growth_yoy": -0.0005250346045534819,
      "rev_growth_yoy_accel": -0.27842577002681135
    },
    {
      "date": "2014-06-30T00:00:00",
      "quarter_label": "2014-06 (Q2)",
      "revenue": 136440000,
      "gross_profit": null,
      "operating_income": 68912000,
      "net_income": null,
      "opex": null,
      "cogs": null,
      "rd": null,
      "sga": null,
      "fcf": null,
      "ocf": null,
      "capex": null,
      "gross_margin": null,
      "op_margin": 0.5050718264438581,
      "fcf_margin": null,
      "incr_op_margin_yoy": 0.2995069033530572,
      "rev_growth_yoy": -0.06917724109701187,
      "rev_growth_yoy_accel": -0.06865220649245839
    },
    {
      "date": "2015-06-30T00:00:00",
      "quarter_label": "2015-06 (Q2)",
      "revenue": 141469000,
      "gross_profit": null,
      "operating_income": 69622000,
      "net_income": null,
      "opex": null,
      "cogs": null,
      "rd": null,
      "sga": null,
      "fcf": null,
      "ocf": null,
      "capex": null,
      "gross_margin": null,
      "op_margin": 0.49213608635107337,
      "fcf_margin": null,
      "incr_op_margin_yoy": 0.14118114933386358,
      "rev_growth_yoy": 0.03685869246555262,
      "rev_growth_yoy_accel": 0.1060359335625645
    },
    {
      "date": "2016-06-30T00:00:00",
      "quarter_label": "2016-06 (Q2)",
      "revenue": 136999000,
      "gross_profit": null,
      "operating_income": 66860000,
      "net_income": 44648000,
      "opex": null,
      "cogs": null,
      "rd": null,
      "sga": null,
      "fcf": null,
      "ocf": null,
      "capex": null,
      "gross_margin": null,
      "op_margin": 0.48803275936320706,
      "fcf_margin": null,
      "incr_op_margin_yoy": 0.6178970917225951,
      "rev_growth_yoy": -0.031597028324226506,
      "rev_growth_yoy_accel": -0.06845572078977913
    },
    {
      "date": "2017-06-30T00:00:00",
      "quarter_label": "2017-06 (Q2)",
      "revenue": 113888000,
      "gross_profit": null,
      "operating_income": 47259000,
      "net_income": 20229000,
      "opex": null,
      "cogs": null,
      "rd": null,
      "sga": null,
      "fcf": null,
      "ocf": null,
      "capex": null,
      "gross_margin": null,
      "op_margin": 0.41496031188536103,
      "fcf_margin": null,
      "incr_op_margin_yoy": 0.8481242698282203,
      "rev_growth_yoy": -0.16869466200483216,
      "rev_growth_yoy_accel": -0.13709763368060565
    },
    {
      "date": "2018-06-30T00:00:00",
      "quarter_label": "2018-06 (Q2)",
      "revenue": 113466000,
      "gross_profit": null,
      "operating_income": 48655000,
      "net_income": 5838000,
      "opex": null,
      "cogs": null,
      "rd": null,
      "sga": null,
      "fcf": null,
      "ocf": null,
      "capex": null,
      "gross_margin": null,
      "op_margin": 0.4288068672553893,
      "fcf_margin": null,
      "rev_growth_yoy": -0.0037053947738128687,
      "rev_growth_yoy_accel": 0.16498926723101928
    },
    {
      "date": "2019-06-30T00:00:00",
      "quarter_label": "2019-06 (Q2)",
      "revenue": 112319000,
      "gross_profit": null,
      "operating_income": 49687000,
      "net_income": 30138000,
      "opex": null,
      "cogs": null,
      "rd": null,
      "sga": null,
      "fcf": null,
      "ocf": null,
      "capex": null,
      "gross_margin": null,
      "op_margin": 0.44237395275955094,
      "fcf_margin": null,
      "incr_op_margin_yoy": -0.8997384481255449,
      "rev_growth_yoy": -0.01010875504556431,
      "rev_growth_yoy_accel": -0.006403360271751441
    },
    {
      "date": "2020-06-30T00:00:00",
      "quarter_label": "2020-06 (Q2)",
      "revenue": 116824000,
      "gross_profit": null,
      "operating_income": 50755000,
      "net_income": 38496000,
      "opex": null,
      "cogs": null,
      "rd": null,
      "sga": null,
      "fcf": null,
      "ocf": null,
      "capex": null,
      "gross_margin": null,
      "op_margin": 0.43445696089844554,
      "fcf_margin": null,
      "incr_op_margin_yoy": 0.23706992230854607,
      "rev_growth_yoy": 0.04010897532919631,
      "rev_growth_yoy_accel": 0.050217730374760614
    },
    {
      "date": "2021-06-30T00:00:00",
      "quarter_label": "2021-06 (Q2)",
      "revenue": 146434000,
      "gross_profit": null,
      "operating_income": 72754000,
      "net_income": 372837000,
      "opex": null,
      "cogs": null,
      "rd": null,
      "sga": null,
      "fcf": null,
      "ocf": null,
      "capex": null,
      "gross_margin": null,
      "op_margin": 0.49683816599969954,
      "fcf_margin": null,
      "incr_op_margin_yoy": 0.7429584599797365,
      "rev_growth_yoy": 0.25345819352187904,
      "rev_growth_yoy_accel": 0.21334921819268274
    },
    {
      "date": "2022-06-30T00:00:00",
      "quarter_label": "2022-06 (Q2)",
      "revenue": 250923000,
      "gross_profit": null,
      "operating_income": 156810000,
      "net_income": 8224000,
      "opex": null,
      "cogs": null,
      "rd": null,
      "sga": null,
      "fcf": null,
      "ocf": null,
      "capex": null,
      "gross_margin": null,
      "op_margin": 0.6249327482933011,
      "fcf_margin": null,
      "incr_op_margin_yoy": 0.8044483151336504,
      "rev_growth_yoy": 0.7135569608151112,
      "rev_growth_yoy_accel": 0.4600987672932322
    },
    {
      "date": "2023-06-30T00:00:00",
      "quarter_label": "2023-06 (Q2)",
      "revenue": 241479000,
      "gross_profit": null,
      "operating_income": 147615000,
      "net_income": 147021000,
      "opex": null,
      "cogs": null,
      "rd": null,
      "sga": null,
      "fcf": null,
      "ocf": null,
      "capex": null,
      "gross_margin": null,
      "op_margin": 0.6112953921459009,
      "fcf_margin": null,
      "incr_op_margin_yoy": 0.9736340533672173,
      "rev_growth_yoy": -0.03763704403342858,
      "rev_growth_yoy_accel": -0.7511940048485398
    },
    {
      "date": "2024-06-30T00:00:00",
      "quarter_label": "2024-06 (Q2)",
      "revenue": 246306000,
      "gross_profit": null,
      "operating_income": 139983000,
      "net_income": 141152000,
      "opex": null,
      "cogs": null,
      "rd": null,
      "sga": null,
      "fcf": null,
      "ocf": null,
      "capex": null,
      "gross_margin": null,
      "op_margin": 0.5683296387420526,
      "fcf_margin": null,
      "incr_op_margin_yoy": -1.5811062771908018,
      "rev_growth_yoy": 0.019989315841129042,
      "rev_growth_yoy_accel": 0.05762635987455762
    },
    {
      "date": "2025-06-30T00:00:00",
      "quarter_label": "2025-06 (Q2)",
      "revenue": 262154000,
      "gross_profit": null,
      "operating_income": 125540000,
      "net_income": 130904000,
      "opex": null,
      "cogs": null,
      "rd": null,
      "sga": null,
      "fcf": null,
      "ocf": null,
      "capex": null,
      "gross_margin": null,
      "op_margin": 0.4788788269490452,
      "fcf_margin": null,
      "incr_op_margin_yoy": -0.9113452801615346,
      "rev_growth_yoy": 0.06434272815116156,
      "rev_growth_yoy_accel": 0.044353412310032515
    }
  ],
  "signals": [
    {
      "quarter": "2024-06 (Q2)",
      "signal": "YoY REVENUE GROWTH ACCELERATION",
      "detail": "YoY growth: +2.0% vs prior quarter YoY: -3.8% (accel: +5.8%)",
      "severity": "MEDIUM"
    },
    {
      "quarter": "2023-06 (Q2)",
      "signal": "YoY REVENUE GROWTH DECELERATION",
      "detail": "YoY growth: -3.8% vs prior quarter YoY: +71.4% (decel: -75.1%)",
      "severity": "WARNING"
    },
    {
      "quarter": "2023-06 (Q2)",
      "signal": "INCREMENTAL MARGIN (YoY)",
      "detail": "YoY Incr OPM: +97.4% vs year-ago OPM: +62.5%",
      "severity": "HIGH"
    },
    {
      "quarter": "2022-06 (Q2)",
      "signal": "YoY REVENUE GROWTH ACCELERATION",
      "detail": "YoY growth: +71.4% vs prior quarter YoY: +25.3% (accel: +46.0%)",
      "severity": "HIGH"
    },
    {
      "quarter": "2022-06 (Q2)",
      "signal": "INCREMENTAL MARGIN (YoY)",
      "detail": "YoY Incr OPM: +80.4% vs year-ago OPM: +49.7%",
      "severity": "HIGH"
    },
    {
      "quarter": "2021-06 (Q2)",
      "signal": "YoY REVENUE GROWTH ACCELERATION",
      "detail": "YoY growth: +25.3% vs prior quarter YoY: +4.0% (accel: +21.3%)",
      "severity": "HIGH"
    },
    {
      "quarter": "2021-06 (Q2)",
      "signal": "INCREMENTAL MARGIN (YoY)",
      "detail": "YoY Incr OPM: +74.3% vs year-ago OPM: +43.4%",
      "severity": "HIGH"
    },
    {
      "quarter": "2020-06 (Q2)",
      "signal": "YoY REVENUE GROWTH ACCELERATION",
      "detail": "YoY growth: +4.0% vs prior quarter YoY: -1.0% (accel: +5.0%)",
      "severity": "MEDIUM"
    },
    {
      "quarter": "2018-06 (Q2)",
      "signal": "YoY REVENUE GROWTH ACCELERATION",
      "detail": "YoY growth: -0.4% vs prior quarter YoY: -16.9% (accel: +16.5%)",
      "severity": "HIGH"
    },
    {
      "quarter": "2017-06 (Q2)",
      "signal": "YoY REVENUE GROWTH DECELERATION",
      "detail": "YoY growth: -16.9% vs prior quarter YoY: -3.2% (decel: -13.7%)",
      "severity": "WARNING"
    },
    {
      "quarter": "2017-06 (Q2)",
      "signal": "INCREMENTAL MARGIN (YoY)",
      "detail": "YoY Incr OPM: +84.8% vs year-ago OPM: +48.8%",
      "severity": "HIGH"
    },
    {
      "quarter": "2016-06 (Q2)",
      "signal": "YoY REVENUE GROWTH DECELERATION",
      "detail": "YoY growth: -3.2% vs prior quarter YoY: +3.7% (decel: -6.8%)",
      "severity": "WARNING"
    },
    {
      "quarter": "2016-06 (Q2)",
      "signal": "INCREMENTAL MARGIN (YoY)",
      "detail": "YoY Incr OPM: +61.8% vs year-ago OPM: +49.2%",
      "severity": "MEDIUM"
    },
    {
      "quarter": "2015-06 (Q2)",
      "signal": "YoY REVENUE GROWTH ACCELERATION",
      "detail": "YoY growth: +3.7% vs prior quarter YoY: -6.9% (accel: +10.6%)",
      "severity": "MEDIUM"
    },
    {
      "quarter": "2014-06 (Q2)",
      "signal": "YoY REVENUE GROWTH DECELERATION",
      "detail": "YoY growth: -6.9% vs prior quarter YoY: -0.1% (decel: -6.9%)",
      "severity": "WARNING"
    },
    {
      "quarter": "2013-06 (Q2)",
      "signal": "YoY REVENUE GROWTH DECELERATION",
      "detail": "YoY growth: -0.1% vs prior quarter YoY: +27.8% (decel: -27.8%)",
      "severity": "WARNING"
    },
    {
      "quarter": "2012-06 (Q2)",
      "signal": "INCREMENTAL MARGIN (YoY)",
      "detail": "YoY Incr OPM: +62.5% vs year-ago OPM: +44.4%",
      "severity": "MEDIUM"
    }
  ],
  "data_quality": {
    "n_quarters": 15,
    "coverage": {
      "revenue": [
        15,
        15
      ],
      "gross_profit": [
        0,
        15
      ],
      "op_income": [
        15,
        15
      ],
      "fcf": [
        0,
        15
      ]
    },
    "gaps": [
      [
        "2011-06 (Q2)",
        "2012-06 (Q2)",
        366
      ],
      [
        "2012-06 (Q2)",
        "2013-06 (Q2)",
        365
      ],
      [
        "2013-06 (Q2)",
        "2014-06 (Q2)",
        365
      ],
      [
        "2014-06 (Q2)",
        "2015-06 (Q2)",
        365
      ],
      [
        "2015-06 (Q2)",
        "2016-06 (Q2)",
        366
      ],
      [
        "2016-06 (Q2)",
        "2017-06 (Q2)",
        365
      ],
      [
        "2017-06 (Q2)",
        "2018-06 (Q2)",
        365
      ],
      [
        "2018-06 (Q2)",
        "2019-06 (Q2)",
        365
      ],
      [
        "2019-06 (Q2)",
        "2020-06 (Q2)",
        366
      ],
      [
        "2020-06 (Q2)",
        "2021-06 (Q2)",
        365
      ],
      [
        "2021-06 (Q2)",
        "2022-06 (Q2)",
        365
      ],
      [
        "2022-06 (Q2)",
        "2023-06 (Q2)",
        365
      ],
      [
        "2023-06 (Q2)",
        "2024-06 (Q2)",
        366
      ],
      [
        "2024-06 (Q2)",
        "2025-06 (Q2)",
        365
      ]
    ],
    "warnings": [
      "gross_profit: no data",
      "fcf: no data",
      "gap: 3Q missing between 2011-06 (Q2) and 2012-06 (Q2)",
      "gap: 3Q missing between 2012-06 (Q2) and 2013-06 (Q2)",
      "gap: 3Q missing between 2013-06 (Q2) and 2014-06 (Q2)",
      "gap: 3Q missing between 2014-06 (Q2) and 2015-06 (Q2)",
      "gap: 3Q missing between 2015-06 (Q2) and 2016-06 (Q2)",
      "gap: 3Q missing between 2016-06 (Q2) and 2017-06 (Q2)",
      "gap: 3Q missing between 2017-06 (Q2) and 2018-06 (Q2)",
      "gap: 3Q missing between 2018-06 (Q2) and 2019-06 (Q2)",
      "gap: 3Q missing between 2019-06 (Q2) and 2020-06 (Q2)",
      "gap: 3Q missing between 2020-06 (Q2) and 2021-06 (Q2)",
      "gap: 3Q missing between 2021-06 (Q2) and 2022-06 (Q2)",
      "gap: 3Q missing between 2022-06 (Q2) and 2023-06 (Q2)",
      "gap: 3Q missing between 2023-06 (Q2) and 2024-06 (Q2)",
      "gap: 3Q missing between 2024-06 (Q2) and 2025-06 (Q2)"
    ]
  },
  "market_cap": null,
  "source": "SEC EDGAR",
  "last_updated": "2026-02-02T21:39:44.362973"
}