{
  "ticker": "DAL",
  "name": "DELTA AIR LINES, INC.",
  "quarters": [
    {
      "date": "2020-12-31T00:00:00",
      "quarter_label": "2020-12 (Q4)",
      "revenue": 3973000000,
      "gross_profit": null,
      "operating_income": -858000000,
      "net_income": -755000000,
      "opex": 4831000000,
      "cogs": null,
      "rd": null,
      "sga": null,
      "fcf": -1286000000,
      "ocf": -1286000000,
      "capex": null,
      "gross_margin": null,
      "op_margin": -0.21595771457337026,
      "fcf_margin": -0.32368487289202114
    },
    {
      "date": "2021-03-31T00:00:00",
      "quarter_label": "2021-03 (Q1)",
      "revenue": 4150000000,
      "gross_profit": null,
      "operating_income": -1398000000,
      "net_income": -1177000000,
      "opex": 5548000000,
      "cogs": null,
      "rd": null,
      "sga": null,
      "fcf": 691000000,
      "ocf": 691000000,
      "capex": null,
      "gross_margin": null,
      "op_margin": -0.3368674698795181,
      "fcf_margin": 0.16650602409638554,
      "op_leverage_ratio": 0.3001736617566061,
      "fcf_margin_change": 0.4901908969884067
    },
    {
      "date": "2021-06-30T00:00:00",
      "quarter_label": "2021-06 (Q2)",
      "revenue": 7126000000,
      "gross_profit": null,
      "operating_income": 816000000,
      "net_income": 652000000,
      "opex": 6310000000,
      "cogs": null,
      "rd": null,
      "sga": null,
      "fcf": 1866000000,
      "ocf": 1866000000,
      "capex": null,
      "gross_margin": null,
      "op_margin": 0.11451024417625597,
      "fcf_margin": 0.2618579848442324,
      "op_leverage_ratio": 5.221151693387724,
      "fcf_margin_change": 0.09535196074784685
    },
    {
      "date": "2021-09-30T00:00:00",
      "quarter_label": "2021-09 (Q3)",
      "revenue": 9154000000,
      "gross_profit": null,
      "operating_income": 2205000000,
      "net_income": 1212000000,
      "opex": 6949000000,
      "cogs": null,
      "rd": null,
      "sga": null,
      "fcf": 151000000,
      "ocf": 151000000,
      "capex": null,
      "gross_margin": null,
      "op_margin": 0.24087830456630982,
      "fcf_margin": 0.016495521083679267,
      "op_leverage_ratio": 2.8102867367927273,
      "fcf_margin_change": -0.24536246376055312
    },
    {
      "date": "2021-12-31T00:00:00",
      "quarter_label": "2021-12 (Q4)",
      "revenue": 9470000000,
      "gross_profit": null,
      "operating_income": 263000000,
      "net_income": -408000000,
      "opex": 9207000000,
      "cogs": null,
      "rd": null,
      "sga": null,
      "fcf": 556000000,
      "ocf": 556000000,
      "capex": null,
      "gross_margin": null,
      "op_margin": 0.027771911298838436,
      "fcf_margin": 0.058711721224920806,
      "incr_op_margin_yoy": 0.20392941604511552,
      "rev_growth_yoy": 1.383589227284168,
      "op_leverage_ratio": 0.10623669431224361,
      "fcf_margin_change": 0.04221620014124154
    },
    {
      "date": "2022-03-31T00:00:00",
      "quarter_label": "2022-03 (Q1)",
      "revenue": 9348000000,
      "gross_profit": null,
      "operating_income": -783000000,
      "net_income": -940000000,
      "opex": 10131000000,
      "cogs": null,
      "rd": null,
      "sga": null,
      "fcf": 1771000000,
      "ocf": 1771000000,
      "capex": null,
      "gross_margin": null,
      "op_margin": -0.08376123234916559,
      "fcf_margin": 0.1894522892597347,
      "incr_op_margin_yoy": 0.11831473643709119,
      "rev_growth_yoy": 1.2525301204819277,
      "rev_growth_yoy_accel": -0.13105910680224042,
      "fcf_margin_change": 0.1307405680348139
    },
    {
      "date": "2022-06-30T00:00:00",
      "quarter_label": "2022-06 (Q2)",
      "revenue": 13824000000,
      "gross_profit": null,
      "operating_income": 1519000000,
      "net_income": 735000000,
      "opex": 12305000000,
      "cogs": null,
      "rd": null,
      "sga": null,
      "fcf": 2535000000,
      "ocf": 2535000000,
      "capex": null,
      "gross_margin": null,
      "op_margin": 0.10988136574074074,
      "fcf_margin": 0.1833767361111111,
      "incr_op_margin_yoy": 0.10495670349358018,
      "rev_growth_yoy": 0.939938254280101,
      "rev_growth_yoy_accel": -0.31259186620182666,
      "op_leverage_ratio": 2.2313317736866907,
      "fcf_margin_change": -0.006075553148623597
    },
    {
      "date": "2022-09-30T00:00:00",
      "quarter_label": "2022-09 (Q3)",
      "revenue": 13975000000,
      "gross_profit": null,
      "operating_income": 1456000000,
      "net_income": 695000000,
      "opex": 12519000000,
      "cogs": null,
      "rd": null,
      "sga": null,
      "fcf": 869000000,
      "ocf": 869000000,
      "capex": null,
      "gross_margin": null,
      "op_margin": 0.10418604651162791,
      "fcf_margin": 0.062182468694096604,
      "incr_op_margin_yoy": -0.15536195809997927,
      "rev_growth_yoy": 0.526655014201442,
      "rev_growth_yoy_accel": -0.413283240078659,
      "op_leverage_ratio": 0.6280743634259259,
      "fcf_margin_change": -0.1211942674170145
    },
    {
      "date": "2022-12-31T00:00:00",
      "quarter_label": "2022-12 (Q4)",
      "revenue": 13435000000,
      "gross_profit": null,
      "operating_income": 1470000000,
      "net_income": 829000000,
      "opex": 11965000000,
      "cogs": null,
      "rd": null,
      "sga": null,
      "fcf": 1188000000,
      "ocf": 1188000000,
      "capex": null,
      "gross_margin": null,
      "op_margin": 0.10941570524748791,
      "fcf_margin": 0.08842575362858206,
      "incr_op_margin_yoy": 0.30441361916771753,
      "rev_growth_yoy": 0.4186906019007392,
      "rev_growth_yoy_accel": -0.1079644123007028,
      "fcf_margin_change": 0.026243284934485453
    },
    {
      "date": "2023-03-31T00:00:00",
      "quarter_label": "2023-03 (Q1)",
      "revenue": 12759000000,
      "gross_profit": null,
      "operating_income": -277000000,
      "net_income": -363000000,
      "opex": 13036000000,
      "cogs": null,
      "rd": null,
      "sga": null,
      "fcf": 2235000000,
      "ocf": 2235000000,
      "capex": null,
      "gross_margin": null,
      "op_margin": -0.02171016537346187,
      "fcf_margin": 0.17517046790500823,
      "incr_op_margin_yoy": 0.1483435942538845,
      "rev_growth_yoy": 0.3648908857509628,
      "rev_growth_yoy_accel": -0.05379971614977641,
      "fcf_margin_change": 0.08674471427642617
    },
    {
      "date": "2023-06-30T00:00:00",
      "quarter_label": "2023-06 (Q2)",
      "revenue": 15578000000,
      "gross_profit": null,
      "operating_income": 2491000000,
      "net_income": 1827000000,
      "opex": 13087000000,
      "cogs": null,
      "rd": null,
      "sga": null,
      "fcf": 2608000000,
      "ocf": 2608000000,
      "capex": null,
      "gross_margin": null,
      "op_margin": 0.15990499422262164,
      "fcf_margin": 0.16741558608293747,
      "incr_op_margin_yoy": 0.5541619156214367,
      "rev_growth_yoy": 0.12688078703703703,
      "rev_growth_yoy_accel": -0.23801009871392576,
      "op_leverage_ratio": 56.47452855270175,
      "fcf_margin_change": -0.007754881822070764
    },
    {
      "date": "2023-09-30T00:00:00",
      "quarter_label": "2023-09 (Q3)",
      "revenue": 15488000000,
      "gross_profit": null,
      "operating_income": 1984000000,
      "net_income": 1108000000,
      "opex": 13504000000,
      "cogs": null,
      "rd": null,
      "sga": null,
      "fcf": 1076000000,
      "ocf": 1076000000,
      "capex": null,
      "gross_margin": null,
      "op_margin": 0.128099173553719,
      "fcf_margin": 0.06947314049586777,
      "incr_op_margin_yoy": 0.3489755452742895,
      "rev_growth_yoy": 0.10826475849731663,
      "rev_growth_yoy_accel": -0.0186160285397204,
      "fcf_margin_change": -0.0979424455870697
    },
    {
      "date": "2023-12-31T00:00:00",
      "quarter_label": "2023-12 (Q4)",
      "revenue": 14223000000,
      "gross_profit": null,
      "operating_income": 1322000000,
      "net_income": 2037000000,
      "opex": 12901000000,
      "cogs": null,
      "rd": null,
      "sga": null,
      "fcf": 545000000,
      "ocf": 545000000,
      "capex": null,
      "gross_margin": null,
      "op_margin": 0.09294804190395838,
      "fcf_margin": 0.03831821697250932,
      "incr_op_margin_yoy": -0.18781725888324874,
      "rev_growth_yoy": 0.05865277260885746,
      "rev_growth_yoy_accel": -0.04961198588845917,
      "fcf_margin_change": -0.031154923523358448
    },
    {
      "date": "2024-03-31T00:00:00",
      "quarter_label": "2024-03 (Q1)",
      "revenue": 13748000000,
      "gross_profit": null,
      "operating_income": 614000000,
      "net_income": 37000000,
      "opex": 13134000000,
      "cogs": null,
      "rd": null,
      "sga": null,
      "fcf": 2408000000,
      "ocf": 2408000000,
      "capex": null,
      "gross_margin": null,
      "op_margin": 0.04466104160605179,
      "fcf_margin": 0.17515274949083504,
      "incr_op_margin_yoy": 0.9009100101112234,
      "rev_growth_yoy": 0.07751391174856964,
      "rev_growth_yoy_accel": 0.01886113913971218,
      "fcf_margin_change": 0.13683453251832572
    },
    {
      "date": "2024-06-30T00:00:00",
      "quarter_label": "2024-06 (Q2)",
      "revenue": 16658000000,
      "gross_profit": null,
      "operating_income": 2267000000,
      "net_income": 1305000000,
      "opex": 14391000000,
      "cogs": null,
      "rd": null,
      "sga": null,
      "fcf": 2449000000,
      "ocf": 2449000000,
      "capex": null,
      "gross_margin": null,
      "op_margin": 0.13609076719894345,
      "fcf_margin": 0.1470164485532477,
      "incr_op_margin_yoy": -0.2074074074074074,
      "rev_growth_yoy": 0.0693285402490692,
      "rev_growth_yoy_accel": -0.008185371499500438,
      "op_leverage_ratio": 2.211643889360692,
      "fcf_margin_change": -0.028136300937587344
    },
    {
      "date": "2024-09-30T00:00:00",
      "quarter_label": "2024-09 (Q3)",
      "revenue": 15677000000,
      "gross_profit": null,
      "operating_income": 1397000000,
      "net_income": 1272000000,
      "opex": 14280000000,
      "cogs": null,
      "rd": null,
      "sga": null,
      "fcf": 1274000000,
      "ocf": 1274000000,
      "capex": null,
      "gross_margin": null,
      "op_margin": 0.08911143713720737,
      "fcf_margin": 0.08126554825540601,
      "incr_op_margin_yoy": -3.105820105820106,
      "rev_growth_yoy": 0.012202995867768594,
      "rev_growth_yoy_accel": -0.05712554438130061,
      "fcf_margin_change": -0.06575090029784168
    },
    {
      "date": "2024-12-31T00:00:00",
      "quarter_label": "2024-12 (Q4)",
      "revenue": 15559000000,
      "gross_profit": null,
      "operating_income": 1717000000,
      "net_income": 843000000,
      "opex": 13842000000,
      "cogs": null,
      "rd": null,
      "sga": null,
      "fcf": 1894000000,
      "ocf": 1894000000,
      "capex": null,
      "gross_margin": null,
      "op_margin": 0.11035413586991452,
      "fcf_margin": 0.12173018831544444,
      "incr_op_margin_yoy": 0.29565868263473055,
      "rev_growth_yoy": 0.0939323630738944,
      "rev_growth_yoy_accel": 0.08172936720612581,
      "fcf_margin_change": 0.04046464006003843
    },
    {
      "date": "2025-03-31T00:00:00",
      "quarter_label": "2025-03 (Q1)",
      "revenue": 14040000000,
      "gross_profit": null,
      "operating_income": 569000000,
      "net_income": 240000000,
      "opex": 13471000000,
      "cogs": null,
      "rd": null,
      "sga": null,
      "fcf": 2378000000,
      "ocf": 2378000000,
      "capex": null,
      "gross_margin": null,
      "op_margin": 0.040527065527065524,
      "fcf_margin": 0.16937321937321936,
      "incr_op_margin_yoy": -0.1541095890410959,
      "rev_growth_yoy": 0.021239453011347106,
      "rev_growth_yoy_accel": -0.07269291006254729,
      "fcf_margin_change": 0.047643031057774926
    },
    {
      "date": "2025-06-30T00:00:00",
      "quarter_label": "2025-06 (Q2)",
      "revenue": 16648000000,
      "gross_profit": null,
      "operating_income": 2102000000,
      "net_income": 2130000000,
      "opex": 14546000000,
      "cogs": null,
      "rd": null,
      "sga": null,
      "fcf": 1857000000,
      "ocf": 1857000000,
      "capex": null,
      "gross_margin": null,
      "op_margin": 0.1262614127823162,
      "fcf_margin": 0.1115449303219606,
      "incr_op_margin_yoy": 16.5,
      "rev_growth_yoy": -0.0006003121623244087,
      "rev_growth_yoy_accel": -0.021839765173671515,
      "op_leverage_ratio": 2.327725965679454,
      "fcf_margin_change": -0.057828289051258766
    },
    {
      "date": "2025-09-30T00:00:00",
      "quarter_label": "2025-09 (Q3)",
      "revenue": 16673000000,
      "gross_profit": null,
      "operating_income": 1684000000,
      "net_income": 1417000000,
      "opex": 14989000000,
      "cogs": null,
      "rd": null,
      "sga": null,
      "fcf": 1847000000,
      "ocf": 1847000000,
      "capex": null,
      "gross_margin": null,
      "op_margin": 0.10100161938463384,
      "fcf_margin": 0.1107779043963294,
      "incr_op_margin_yoy": 0.28815261044176704,
      "rev_growth_yoy": 0.0635325636282452,
      "rev_growth_yoy_accel": 0.06413287579056962,
      "fcf_margin_change": -0.0007670259256312012
    }
  ],
  "signals": [
    {
      "quarter": "2025-09 (Q3)",
      "signal": "YoY REVENUE GROWTH ACCELERATION",
      "detail": "YoY growth: +6.4% vs prior quarter YoY: -0.1% (accel: +6.4%)",
      "severity": "MEDIUM"
    },
    {
      "quarter": "2025-09 (Q3)",
      "signal": "INCREMENTAL MARGIN (YoY)",
      "detail": "YoY Incr OPM: +28.8% vs year-ago OPM: +8.9%",
      "severity": "MEDIUM"
    },
    {
      "quarter": "2025-06 (Q2)",
      "signal": "OPERATING LEVERAGE",
      "detail": "Rev growth +18.6% vs OpEx growth +8.0% (leverage: 2.3x)",
      "severity": "MEDIUM"
    },
    {
      "quarter": "2025-06 (Q2)",
      "signal": "INCREMENTAL MARGIN (YoY)",
      "detail": "YoY Incr OPM: +1650.0% vs year-ago OPM: +13.6%",
      "severity": "HIGH"
    },
    {
      "quarter": "2025-03 (Q1)",
      "signal": "YoY REVENUE GROWTH DECELERATION",
      "detail": "YoY growth: +2.1% vs prior quarter YoY: +9.4% (decel: -7.3%)",
      "severity": "WARNING"
    },
    {
      "quarter": "2024-12 (Q4)",
      "signal": "YoY REVENUE GROWTH ACCELERATION",
      "detail": "YoY growth: +9.4% vs prior quarter YoY: +1.2% (accel: +8.2%)",
      "severity": "MEDIUM"
    },
    {
      "quarter": "2024-12 (Q4)",
      "signal": "INCREMENTAL MARGIN (YoY)",
      "detail": "YoY Incr OPM: +29.6% vs year-ago OPM: +9.3%",
      "severity": "HIGH"
    },
    {
      "quarter": "2024-09 (Q3)",
      "signal": "YoY REVENUE GROWTH DECELERATION",
      "detail": "YoY growth: +1.2% vs prior quarter YoY: +6.9% (decel: -5.7%)",
      "severity": "WARNING"
    },
    {
      "quarter": "2024-06 (Q2)",
      "signal": "OPERATING LEVERAGE",
      "detail": "Rev growth +21.2% vs OpEx growth +9.6% (leverage: 2.2x)",
      "severity": "MEDIUM"
    },
    {
      "quarter": "2024-03 (Q1)",
      "signal": "FCF MARGIN EXPANSION",
      "detail": "FCF margin: +3.8% -> +17.5% (+13.7%)",
      "severity": "MEDIUM"
    },
    {
      "quarter": "2024-03 (Q1)",
      "signal": "OP MARGIN TURNED POSITIVE (YoY)",
      "detail": "Op margin: -2.2% (year-ago) -> +4.5%",
      "severity": "HIGH"
    },
    {
      "quarter": "2023-09 (Q3)",
      "signal": "INCREMENTAL MARGIN (YoY)",
      "detail": "YoY Incr OPM: +34.9% vs year-ago OPM: +10.4%",
      "severity": "HIGH"
    },
    {
      "quarter": "2023-06 (Q2)",
      "signal": "OPERATING LEVERAGE",
      "detail": "Rev growth +22.1% vs OpEx growth +0.4% (leverage: 56.5x)",
      "severity": "MEDIUM"
    },
    {
      "quarter": "2023-06 (Q2)",
      "signal": "YoY REVENUE GROWTH DECELERATION",
      "detail": "YoY growth: +12.7% vs prior quarter YoY: +36.5% (decel: -23.8%)",
      "severity": "WARNING"
    },
    {
      "quarter": "2023-06 (Q2)",
      "signal": "INCREMENTAL MARGIN (YoY)",
      "detail": "YoY Incr OPM: +55.4% vs year-ago OPM: +11.0%",
      "severity": "HIGH"
    },
    {
      "quarter": "2023-06 (Q2)",
      "signal": "OP MARGIN TURNED POSITIVE (QoQ)",
      "detail": "Op margin: -2.2% -> +16.0%",
      "severity": "HIGH"
    },
    {
      "quarter": "2023-03 (Q1)",
      "signal": "FCF MARGIN EXPANSION",
      "detail": "FCF margin: +8.8% -> +17.5% (+8.7%)",
      "severity": "MEDIUM"
    },
    {
      "quarter": "2023-03 (Q1)",
      "signal": "YoY REVENUE GROWTH DECELERATION",
      "detail": "YoY growth: +36.5% vs prior quarter YoY: +41.9% (decel: -5.4%)",
      "severity": "WARNING"
    },
    {
      "quarter": "2022-12 (Q4)",
      "signal": "YoY REVENUE GROWTH DECELERATION",
      "detail": "YoY growth: +41.9% vs prior quarter YoY: +52.7% (decel: -10.8%)",
      "severity": "WARNING"
    },
    {
      "quarter": "2022-12 (Q4)",
      "signal": "INCREMENTAL MARGIN (YoY)",
      "detail": "YoY Incr OPM: +30.4% vs year-ago OPM: +2.8%",
      "severity": "HIGH"
    },
    {
      "quarter": "2022-09 (Q3)",
      "signal": "YoY REVENUE GROWTH DECELERATION",
      "detail": "YoY growth: +52.7% vs prior quarter YoY: +94.0% (decel: -41.3%)",
      "severity": "WARNING"
    },
    {
      "quarter": "2022-06 (Q2)",
      "signal": "OPERATING LEVERAGE",
      "detail": "Rev growth +47.9% vs OpEx growth +21.5% (leverage: 2.2x)",
      "severity": "MEDIUM"
    },
    {
      "quarter": "2022-06 (Q2)",
      "signal": "YoY REVENUE GROWTH DECELERATION",
      "detail": "YoY growth: +94.0% vs prior quarter YoY: +125.3% (decel: -31.3%)",
      "severity": "WARNING"
    },
    {
      "quarter": "2022-06 (Q2)",
      "signal": "OP MARGIN TURNED POSITIVE (QoQ)",
      "detail": "Op margin: -8.4% -> +11.0%",
      "severity": "HIGH"
    },
    {
      "quarter": "2022-03 (Q1)",
      "signal": "FCF MARGIN EXPANSION",
      "detail": "FCF margin: +5.9% -> +18.9% (+13.1%)",
      "severity": "MEDIUM"
    },
    {
      "quarter": "2022-03 (Q1)",
      "signal": "YoY REVENUE GROWTH DECELERATION",
      "detail": "YoY growth: +125.3% vs prior quarter YoY: +138.4% (decel: -13.1%)",
      "severity": "WARNING"
    },
    {
      "quarter": "2021-12 (Q4)",
      "signal": "OP MARGIN TURNED POSITIVE (YoY)",
      "detail": "Op margin: -21.6% (year-ago) -> +2.8%",
      "severity": "HIGH"
    },
    {
      "quarter": "2021-09 (Q3)",
      "signal": "OPERATING LEVERAGE",
      "detail": "Rev growth +28.5% vs OpEx growth +10.1% (leverage: 2.8x)",
      "severity": "MEDIUM"
    },
    {
      "quarter": "2021-06 (Q2)",
      "signal": "FCF MARGIN EXPANSION",
      "detail": "FCF margin: +16.7% -> +26.2% (+9.5%)",
      "severity": "MEDIUM"
    },
    {
      "quarter": "2021-06 (Q2)",
      "signal": "OPERATING LEVERAGE",
      "detail": "Rev growth +71.7% vs OpEx growth +13.7% (leverage: 5.2x)",
      "severity": "MEDIUM"
    },
    {
      "quarter": "2021-06 (Q2)",
      "signal": "OP MARGIN TURNED POSITIVE (QoQ)",
      "detail": "Op margin: -33.7% -> +11.5%",
      "severity": "HIGH"
    },
    {
      "quarter": "2021-03 (Q1)",
      "signal": "FCF TURNED POSITIVE",
      "detail": "FCF margin: -32.4% -> +16.7%",
      "severity": "HIGH"
    }
  ],
  "data_quality": {
    "n_quarters": 20,
    "coverage": {
      "revenue": [
        20,
        20
      ],
      "gross_profit": [
        0,
        20
      ],
      "op_income": [
        20,
        20
      ],
      "fcf": [
        20,
        20
      ]
    },
    "gaps": [],
    "warnings": [
      "gross_profit: no data"
    ]
  },
  "market_cap": null,
  "source": "SEC EDGAR",
  "last_updated": "2026-02-02T20:02:03.377719"
}