{
  "ticker": "DAR",
  "name": "DARLING INGREDIENTS INC.",
  "quarters": [
    {
      "date": "2021-01-02T00:00:00",
      "quarter_label": "2021-01 (Q1)",
      "revenue": 1019839000,
      "gross_profit": 248647000,
      "operating_income": 74364000,
      "net_income": 44745000,
      "opex": 1008159000,
      "cogs": 771192000,
      "rd": null,
      "sga": 102117000,
      "fcf": 154238000,
      "ocf": 154238000,
      "capex": null,
      "gross_margin": 0.2438100523710115,
      "op_margin": 0.07291739186283325,
      "fcf_margin": 0.1512375973070259
    },
    {
      "date": "2021-04-03T00:00:00",
      "quarter_label": "2021-04 (Q2)",
      "revenue": 1046716000,
      "gross_profit": 273932000,
      "operating_income": 199511000,
      "net_income": 151766000,
      "opex": 949430000,
      "cogs": 772784000,
      "rd": null,
      "sga": 97398000,
      "fcf": 138805000,
      "ocf": 138805000,
      "capex": null,
      "gross_margin": 0.2617061361439015,
      "op_margin": 0.19060662108919707,
      "fcf_margin": 0.1326099916309677,
      "op_leverage_ratio": Infinity,
      "fcf_margin_change": -0.0186276056760582
    },
    {
      "date": "2021-07-03T00:00:00",
      "quarter_label": "2021-07 (Q3)",
      "revenue": 1198669000,
      "gross_profit": 320596000,
      "operating_income": 268258000,
      "net_income": 196582000,
      "opex": 1056199000,
      "cogs": 878073000,
      "rd": null,
      "sga": 99132000,
      "fcf": 159132000,
      "ocf": 159132000,
      "capex": null,
      "gross_margin": 0.26745999104006196,
      "op_margin": 0.22379656101893017,
      "fcf_margin": 0.13275724991636556,
      "op_leverage_ratio": 1.2909166170823971,
      "fcf_margin_change": 0.00014725828539785546
    },
    {
      "date": "2021-10-02T00:00:00",
      "quarter_label": "2021-10 (Q4)",
      "revenue": 1185916000,
      "gross_profit": 326312000,
      "operating_income": 205663000,
      "net_income": 146812000,
      "opex": 1034204000,
      "cogs": 859604000,
      "rd": null,
      "sga": 97275000,
      "fcf": 154112000,
      "ocf": 154112000,
      "capex": null,
      "gross_margin": 0.2751560818810101,
      "op_margin": 0.17342122038997704,
      "fcf_margin": 0.1299518684291299,
      "fcf_margin_change": -0.002805381487235664
    },
    {
      "date": "2022-01-01T00:00:00",
      "quarter_label": "2022-01 (Q1)",
      "revenue": 1310068000,
      "gross_profit": 321144000,
      "operating_income": 211038000,
      "net_income": 155754000,
      "opex": 1168693000,
      "cogs": 988924000,
      "rd": null,
      "sga": 97733000,
      "fcf": 252371000,
      "ocf": 252371000,
      "capex": null,
      "gross_margin": 0.24513536701911656,
      "op_margin": 0.1610893480338425,
      "fcf_margin": 0.19263961870681523,
      "incr_op_margin_yoy": 0.47091779250178306,
      "rev_growth_yoy": 0.2845831547920799,
      "op_leverage_ratio": 0.8050433009538696,
      "fcf_margin_change": 0.06268775027768533
    },
    {
      "date": "2022-04-02T00:00:00",
      "quarter_label": "2022-04 (Q2)",
      "revenue": 1366334000,
      "gross_profit": 345757000,
      "operating_income": 232899000,
      "net_income": 188053000,
      "opex": 1205239000,
      "cogs": 1020577000,
      "rd": null,
      "sga": 102032000,
      "fcf": 152192000,
      "ocf": 152192000,
      "capex": null,
      "gross_margin": 0.2530545240036477,
      "op_margin": 0.17045539377633873,
      "fcf_margin": 0.1113871132534212,
      "incr_op_margin_yoy": 0.10446220175334306,
      "rev_growth_yoy": 0.30535312348335175,
      "rev_growth_yoy_accel": 0.020769968691271845,
      "op_leverage_ratio": 1.3734498181190116,
      "fcf_margin_change": -0.08125250545339403
    },
    {
      "date": "2022-07-02T00:00:00",
      "quarter_label": "2022-07 (Q3)",
      "revenue": 1650188000,
      "gross_profit": 418681000,
      "operating_income": 278612000,
      "net_income": 201996000,
      "opex": 1445256000,
      "cogs": 1231507000,
      "rd": null,
      "sga": 107776000,
      "fcf": 208843000,
      "ocf": 208843000,
      "capex": null,
      "gross_margin": 0.2537171522275038,
      "op_margin": 0.16883652044494324,
      "fcf_margin": 0.12655709531277648,
      "incr_op_margin_yoy": 0.022931482396089643,
      "rev_growth_yoy": 0.37668363826877976,
      "rev_growth_yoy_accel": 0.07133051478542801,
      "op_leverage_ratio": 1.0432041747458918,
      "fcf_margin_change": 0.015169982059355283
    },
    {
      "date": "2022-10-01T00:00:00",
      "quarter_label": "2022-10 (Q4)",
      "revenue": 1747599000,
      "gross_profit": 376362000,
      "operating_income": 268331000,
      "net_income": 191081000,
      "opex": 1582682000,
      "cogs": 1371237000,
      "rd": null,
      "sga": 105080000,
      "fcf": 277403000,
      "ocf": 277403000,
      "capex": null,
      "gross_margin": 0.2153594731972266,
      "op_margin": 0.1535426605302475,
      "fcf_margin": 0.1587337827499329,
      "incr_op_margin_yoy": 0.11157182966192675,
      "rev_growth_yoy": 0.47362798039658793,
      "rev_growth_yoy_accel": 0.09694434212780817,
      "op_leverage_ratio": 0.6207982046490009,
      "fcf_margin_change": 0.03217668743715643
    },
    {
      "date": "2022-12-31T00:00:00",
      "quarter_label": "2022-12 (Q4)",
      "revenue": 1768083000,
      "gross_profit": 388795000,
      "operating_income": 249226000,
      "net_income": 156560000,
      "opex": 1642305000,
      "cogs": 1379288000,
      "rd": null,
      "sga": 121720000,
      "fcf": 175301000,
      "ocf": 175301000,
      "capex": null,
      "gross_margin": 0.21989635101972022,
      "op_margin": 0.1409583147397492,
      "fcf_margin": 0.09914749477258704,
      "incr_op_margin_yoy": 0.08337718197002282,
      "rev_growth_yoy": 0.3496116232134515,
      "rev_growth_yoy_accel": -0.12401635718313642,
      "op_leverage_ratio": 0.31113783002231116,
      "fcf_margin_change": -0.05958628797734587
    },
    {
      "date": "2023-04-01T00:00:00",
      "quarter_label": "2023-04 (Q2)",
      "revenue": 1791172000,
      "gross_profit": 424199000,
      "operating_income": 255845000,
      "net_income": 185801000,
      "opex": 1629664000,
      "cogs": 1366973000,
      "rd": null,
      "sga": 135466000,
      "fcf": 188426000,
      "ocf": 188426000,
      "capex": null,
      "gross_margin": 0.23682761901146288,
      "op_margin": 0.14283664550361438,
      "fcf_margin": 0.10519704416996246,
      "incr_op_margin_yoy": 0.05401117602474355,
      "rev_growth_yoy": 0.31093275875444804,
      "rev_growth_yoy_accel": -0.03867886445900348,
      "op_leverage_ratio": Infinity,
      "fcf_margin_change": 0.0060495493973754255
    },
    {
      "date": "2023-07-01T00:00:00",
      "quarter_label": "2023-07 (Q3)",
      "revenue": 1757621000,
      "gross_profit": 397919000,
      "operating_income": 356684000,
      "net_income": 252383000,
      "opex": 1613901000,
      "cogs": 1359702000,
      "rd": null,
      "sga": 136751000,
      "fcf": 217274000,
      "ocf": 217274000,
      "capex": null,
      "gross_margin": 0.22639636190054624,
      "op_margin": 0.20293567270759738,
      "fcf_margin": 0.12361823168931185,
      "incr_op_margin_yoy": 0.7267040853369077,
      "rev_growth_yoy": 0.06510349123857403,
      "rev_growth_yoy_accel": -0.245829267515874,
      "fcf_margin_change": 0.01842118751934939
    },
    {
      "date": "2023-09-30T00:00:00",
      "quarter_label": "2023-09 (Q3)",
      "revenue": 1625204000,
      "gross_profit": 386471000,
      "operating_income": 178369000,
      "net_income": 125026000,
      "opex": 1501224000,
      "cogs": 1238733000,
      "rd": null,
      "sga": 137697000,
      "fcf": 276588000,
      "ocf": 276588000,
      "capex": null,
      "gross_margin": 0.23779845484013085,
      "op_margin": 0.10975176039438742,
      "fcf_margin": 0.17018663503166373,
      "incr_op_margin_yoy": 0.7350136851995588,
      "rev_growth_yoy": -0.07003608951481433,
      "rev_growth_yoy_accel": -0.13513958075338836,
      "fcf_margin_change": 0.04656840334235188
    },
    {
      "date": "2023-12-30T00:00:00",
      "quarter_label": "2023-12 (Q4)",
      "revenue": 1614083000,
      "gross_profit": 436431000,
      "operating_income": 158828000,
      "net_income": 84516000,
      "opex": 1459945000,
      "cogs": 1177652000,
      "rd": null,
      "sga": 132620000,
      "fcf": 216975000,
      "ocf": 216975000,
      "capex": null,
      "gross_margin": 0.2703894409395304,
      "op_margin": 0.09840138332415371,
      "fcf_margin": 0.13442617263176676,
      "incr_op_margin_yoy": 0.587,
      "rev_growth_yoy": -0.08709998342837978,
      "rev_growth_yoy_accel": -0.017063893913565456,
      "fcf_margin_change": -0.03576046239989697
    },
    {
      "date": "2024-03-30T00:00:00",
      "quarter_label": "2024-03 (Q1)",
      "revenue": 1420299000,
      "gross_profit": 303633000,
      "operating_income": 137169000,
      "net_income": 81157000,
      "opex": 1361549000,
      "cogs": 1116666000,
      "rd": null,
      "sga": 139143000,
      "fcf": 263908000,
      "ocf": 263908000,
      "capex": null,
      "gross_margin": 0.21378104187920993,
      "op_margin": 0.09657755162821349,
      "fcf_margin": 0.18581157911115898,
      "incr_op_margin_yoy": 0.31999094029492575,
      "rev_growth_yoy": -0.2070560504518829,
      "rev_growth_yoy_accel": -0.11995606702350313,
      "fcf_margin_change": 0.051385406479392215
    },
    {
      "date": "2024-06-29T00:00:00",
      "quarter_label": "2024-06 (Q2)",
      "revenue": 1455292000,
      "gross_profit": 326871000,
      "operating_income": 148502000,
      "net_income": 78866000,
      "opex": 1350987000,
      "cogs": 1128421000,
      "rd": null,
      "sga": 129731000,
      "fcf": 146518000,
      "ocf": 146518000,
      "capex": null,
      "gross_margin": 0.2246085321708633,
      "op_margin": 0.10204275155776298,
      "fcf_margin": 0.10067945127163483,
      "incr_op_margin_yoy": 0.6885942135885079,
      "rev_growth_yoy": -0.17201034807845378,
      "rev_growth_yoy_accel": 0.03504570237342913,
      "op_leverage_ratio": Infinity,
      "fcf_margin_change": -0.08513212783952415
    },
    {
      "date": "2024-09-28T00:00:00",
      "quarter_label": "2024-09 (Q3)",
      "revenue": 1421891000,
      "gross_profit": 313572000,
      "operating_income": 60107000,
      "net_income": 16949000,
      "opex": 1364214000,
      "cogs": 1108319000,
      "rd": null,
      "sga": 115717000,
      "fcf": 274466000,
      "ocf": 274466000,
      "capex": null,
      "gross_margin": 0.22053167225898468,
      "op_margin": 0.04227257926240478,
      "fcf_margin": 0.1930288608620492,
      "incr_op_margin_yoy": 0.5816745608987128,
      "rev_growth_yoy": -0.12509998744772963,
      "rev_growth_yoy_accel": 0.04691036063072415,
      "fcf_margin_change": 0.09234940959041438
    },
    {
      "date": "2024-12-28T00:00:00",
      "quarter_label": "2024-12 (Q4)",
      "revenue": 1417693000,
      "gross_profit": 333762000,
      "operating_income": 122439000,
      "net_income": 101908000,
      "opex": 1319290000,
      "cogs": 1083931000,
      "rd": null,
      "sga": 107514000,
      "fcf": 154397000,
      "ocf": 154397000,
      "capex": null,
      "gross_margin": 0.23542614656346614,
      "op_margin": 0.08636496053800083,
      "fcf_margin": 0.10890721757108203,
      "incr_op_margin_yoy": 0.18528947502418658,
      "rev_growth_yoy": -0.12167280121282487,
      "rev_growth_yoy_accel": 0.003427186234904761,
      "fcf_margin_change": -0.08412164329096718
    },
    {
      "date": "2025-03-29T00:00:00",
      "quarter_label": "2025-03 (Q1)",
      "revenue": 1380594000,
      "gross_profit": 311351000,
      "operating_income": 28400000,
      "net_income": -26160000,
      "opex": 1321671000,
      "cogs": 1069243000,
      "rd": null,
      "sga": 121556000,
      "fcf": 248960000,
      "ocf": 248960000,
      "capex": null,
      "gross_margin": 0.2255195951887376,
      "op_margin": 0.02057085573311198,
      "fcf_margin": 0.18032817758153374,
      "incr_op_margin_yoy": 2.7394282835914874,
      "rev_growth_yoy": -0.02795538122606578,
      "rev_growth_yoy_accel": 0.09371741998675909,
      "fcf_margin_change": 0.07142096001045171
    },
    {
      "date": "2025-06-28T00:00:00",
      "quarter_label": "2025-06 (Q2)",
      "revenue": 1481518000,
      "gross_profit": 345917000,
      "operating_income": 75868000,
      "net_income": 12661000,
      "opex": 1411650000,
      "cogs": 1135601000,
      "rd": null,
      "sga": 138069000,
      "fcf": 145807000,
      "ocf": 145807000,
      "capex": null,
      "gross_margin": 0.23348821951538895,
      "op_margin": 0.05120963768243113,
      "fcf_margin": 0.09841729901357932,
      "incr_op_margin_yoy": -2.7695416761991916,
      "rev_growth_yoy": 0.01802112565725641,
      "rev_growth_yoy_accel": 0.045976506883322193,
      "op_leverage_ratio": 1.073768530954516,
      "fcf_margin_change": -0.08191087856795443
    },
    {
      "date": "2025-09-27T00:00:00",
      "quarter_label": "2025-09 (Q3)",
      "revenue": 1563966000,
      "gross_profit": 387009000,
      "operating_income": 71726000,
      "net_income": 19363000,
      "opex": 1446396000,
      "cogs": 1176957000,
      "rd": null,
      "sga": 139594000,
      "fcf": 224339000,
      "ocf": 224339000,
      "capex": null,
      "gross_margin": 0.24745358914452104,
      "op_margin": 0.04586161080228087,
      "fcf_margin": 0.14344237662455578,
      "incr_op_margin_yoy": 0.08178074960408235,
      "rev_growth_yoy": 0.09991975474913337,
      "rev_growth_yoy_accel": 0.08189862909187695,
      "op_leverage_ratio": 2.2609731756625755,
      "fcf_margin_change": 0.04502507761097646
    }
  ],
  "signals": [
    {
      "quarter": "2025-09 (Q3)",
      "signal": "OPERATING LEVERAGE",
      "detail": "Rev growth +5.6% vs OpEx growth +2.5% (leverage: 2.3x)",
      "severity": "MEDIUM"
    },
    {
      "quarter": "2025-09 (Q3)",
      "signal": "YoY REVENUE GROWTH ACCELERATION",
      "detail": "YoY growth: +10.0% vs prior quarter YoY: +1.8% (accel: +8.2%)",
      "severity": "MEDIUM"
    },
    {
      "quarter": "2025-03 (Q1)",
      "signal": "FCF MARGIN EXPANSION",
      "detail": "FCF margin: +10.9% -> +18.0% (+7.1%)",
      "severity": "MEDIUM"
    },
    {
      "quarter": "2025-03 (Q1)",
      "signal": "YoY REVENUE GROWTH ACCELERATION",
      "detail": "YoY growth: -2.8% vs prior quarter YoY: -12.2% (accel: +9.4%)",
      "severity": "MEDIUM"
    },
    {
      "quarter": "2025-03 (Q1)",
      "signal": "INCREMENTAL MARGIN (YoY)",
      "detail": "YoY Incr OPM: +273.9% vs year-ago OPM: +9.7%",
      "severity": "HIGH"
    },
    {
      "quarter": "2024-09 (Q3)",
      "signal": "FCF MARGIN EXPANSION",
      "detail": "FCF margin: +10.1% -> +19.3% (+9.2%)",
      "severity": "MEDIUM"
    },
    {
      "quarter": "2024-09 (Q3)",
      "signal": "INCREMENTAL MARGIN (YoY)",
      "detail": "YoY Incr OPM: +58.2% vs year-ago OPM: +11.0%",
      "severity": "HIGH"
    },
    {
      "quarter": "2024-06 (Q2)",
      "signal": "INCREMENTAL MARGIN (YoY)",
      "detail": "YoY Incr OPM: +68.9% vs year-ago OPM: +20.3%",
      "severity": "HIGH"
    },
    {
      "quarter": "2024-03 (Q1)",
      "signal": "FCF MARGIN EXPANSION",
      "detail": "FCF margin: +13.4% -> +18.6% (+5.1%)",
      "severity": "MEDIUM"
    },
    {
      "quarter": "2024-03 (Q1)",
      "signal": "YoY REVENUE GROWTH DECELERATION",
      "detail": "YoY growth: -20.7% vs prior quarter YoY: -8.7% (decel: -12.0%)",
      "severity": "WARNING"
    },
    {
      "quarter": "2024-03 (Q1)",
      "signal": "INCREMENTAL MARGIN (YoY)",
      "detail": "YoY Incr OPM: +32.0% vs year-ago OPM: +14.3%",
      "severity": "MEDIUM"
    },
    {
      "quarter": "2023-12 (Q4)",
      "signal": "INCREMENTAL MARGIN (YoY)",
      "detail": "YoY Incr OPM: +58.7% vs year-ago OPM: +14.1%",
      "severity": "HIGH"
    },
    {
      "quarter": "2023-09 (Q3)",
      "signal": "YoY REVENUE GROWTH DECELERATION",
      "detail": "YoY growth: -7.0% vs prior quarter YoY: +6.5% (decel: -13.5%)",
      "severity": "WARNING"
    },
    {
      "quarter": "2023-09 (Q3)",
      "signal": "INCREMENTAL MARGIN (YoY)",
      "detail": "YoY Incr OPM: +73.5% vs year-ago OPM: +15.4%",
      "severity": "HIGH"
    },
    {
      "quarter": "2023-07 (Q3)",
      "signal": "YoY REVENUE GROWTH DECELERATION",
      "detail": "YoY growth: +6.5% vs prior quarter YoY: +31.1% (decel: -24.6%)",
      "severity": "WARNING"
    },
    {
      "quarter": "2023-07 (Q3)",
      "signal": "INCREMENTAL MARGIN (YoY)",
      "detail": "YoY Incr OPM: +72.7% vs year-ago OPM: +16.9%",
      "severity": "HIGH"
    },
    {
      "quarter": "2022-12 (Q4)",
      "signal": "YoY REVENUE GROWTH DECELERATION",
      "detail": "YoY growth: +35.0% vs prior quarter YoY: +47.4% (decel: -12.4%)",
      "severity": "WARNING"
    },
    {
      "quarter": "2022-10 (Q4)",
      "signal": "YoY REVENUE GROWTH ACCELERATION",
      "detail": "YoY growth: +47.4% vs prior quarter YoY: +37.7% (accel: +9.7%)",
      "severity": "MEDIUM"
    },
    {
      "quarter": "2022-07 (Q3)",
      "signal": "YoY REVENUE GROWTH ACCELERATION",
      "detail": "YoY growth: +37.7% vs prior quarter YoY: +30.5% (accel: +7.1%)",
      "severity": "MEDIUM"
    },
    {
      "quarter": "2022-01 (Q1)",
      "signal": "FCF MARGIN EXPANSION",
      "detail": "FCF margin: +13.0% -> +19.3% (+6.3%)",
      "severity": "MEDIUM"
    },
    {
      "quarter": "2022-01 (Q1)",
      "signal": "INCREMENTAL MARGIN (YoY)",
      "detail": "YoY Incr OPM: +47.1% vs year-ago OPM: +7.3%",
      "severity": "HIGH"
    }
  ],
  "data_quality": {
    "n_quarters": 20,
    "coverage": {
      "revenue": [
        20,
        20
      ],
      "gross_profit": [
        20,
        20
      ],
      "op_income": [
        20,
        20
      ],
      "fcf": [
        20,
        20
      ]
    },
    "gaps": [],
    "warnings": []
  },
  "market_cap": null,
  "source": "SEC EDGAR",
  "last_updated": "2026-02-02T20:51:27.108192"
}