{
  "ticker": "DAVE",
  "name": "Dave Inc./DE",
  "quarters": [
    {
      "date": "2021-03-31T00:00:00",
      "quarter_label": "2021-03 (Q1)",
      "revenue": 34426000,
      "gross_profit": null,
      "operating_income": -134242,
      "net_income": 3952000,
      "opex": 44759000,
      "cogs": null,
      "rd": null,
      "sga": null,
      "fcf": -1314326,
      "ocf": -1309326,
      "capex": -5000,
      "gross_margin": null,
      "op_margin": -0.0038994364724336257,
      "fcf_margin": -0.03817829547435078
    },
    {
      "date": "2021-06-30T00:00:00",
      "quarter_label": "2021-06 (Q2)",
      "revenue": 37229000,
      "gross_profit": null,
      "operating_income": -1947996,
      "net_income": -3478664,
      "opex": 43501000,
      "cogs": null,
      "rd": null,
      "sga": null,
      "fcf": 780000,
      "ocf": 798000,
      "capex": -18000,
      "gross_margin": null,
      "op_margin": -0.05232469311558194,
      "fcf_margin": 0.02095140884794112,
      "op_leverage_ratio": Infinity,
      "fcf_margin_change": 0.05912970432229191
    },
    {
      "date": "2021-09-30T00:00:00",
      "quarter_label": "2021-09 (Q3)",
      "revenue": 40198000,
      "gross_profit": null,
      "operating_income": -1319447,
      "net_income": -2676840,
      "opex": 55869000,
      "cogs": null,
      "rd": null,
      "sga": null,
      "fcf": 4719000,
      "ocf": 4912000,
      "capex": -193000,
      "gross_margin": null,
      "op_margin": -0.03282369769640281,
      "fcf_margin": 0.1173939001940395,
      "op_leverage_ratio": 0.28049723900364637,
      "fcf_margin_change": 0.09644249134609838
    },
    {
      "date": "2021-12-31T00:00:00",
      "quarter_label": "2021-12 (Q4)",
      "revenue": 41160000,
      "gross_profit": null,
      "operating_income": -2975243,
      "net_income": -15192000,
      "opex": 55762000,
      "cogs": null,
      "rd": null,
      "sga": null,
      "fcf": -194818,
      "ocf": -39818,
      "capex": -155000,
      "gross_margin": null,
      "op_margin": -0.07228481535471332,
      "fcf_margin": -0.004733187560738581,
      "op_leverage_ratio": Infinity,
      "fcf_margin_change": -0.12212708775477808
    },
    {
      "date": "2022-03-31T00:00:00",
      "quarter_label": "2022-03 (Q1)",
      "revenue": 42551000,
      "gross_profit": null,
      "operating_income": null,
      "net_income": -34835000,
      "opex": 65224000,
      "cogs": null,
      "rd": null,
      "sga": null,
      "fcf": -12740000,
      "ocf": -12512000,
      "capex": -228000,
      "gross_margin": null,
      "op_margin": null,
      "fcf_margin": -0.29940541937909804,
      "rev_growth_yoy": 0.23601347818509266,
      "op_leverage_ratio": 0.1991623134140572,
      "fcf_margin_change": -0.29467223181835944
    },
    {
      "date": "2022-06-30T00:00:00",
      "quarter_label": "2022-06 (Q2)",
      "revenue": 45805000,
      "gross_profit": null,
      "operating_income": null,
      "net_income": -27115000,
      "opex": 98820000,
      "cogs": null,
      "rd": null,
      "sga": null,
      "fcf": -14193000,
      "ocf": -14116000,
      "capex": -77000,
      "gross_margin": null,
      "op_margin": null,
      "fcf_margin": -0.30985700251064296,
      "rev_growth_yoy": 0.2303580542050552,
      "rev_growth_yoy_accel": -0.005655423980037461,
      "op_leverage_ratio": 0.14846621417290645,
      "fcf_margin_change": -0.010451583131544928
    },
    {
      "date": "2022-09-30T00:00:00",
      "quarter_label": "2022-09 (Q3)",
      "revenue": 56807000,
      "gross_profit": null,
      "operating_income": null,
      "net_income": -47504000,
      "opex": 94729000,
      "cogs": null,
      "rd": null,
      "sga": null,
      "fcf": -14521000,
      "ocf": -14316000,
      "capex": -205000,
      "gross_margin": null,
      "op_margin": null,
      "fcf_margin": -0.2556199059975003,
      "rev_growth_yoy": 0.413179760187074,
      "rev_growth_yoy_accel": 0.18282170598201877,
      "op_leverage_ratio": Infinity,
      "fcf_margin_change": 0.05423709651314268
    },
    {
      "date": "2022-12-31T00:00:00",
      "quarter_label": "2022-12 (Q4)",
      "revenue": 59675000,
      "gross_profit": null,
      "operating_income": null,
      "net_income": -21492000,
      "opex": 80460000,
      "cogs": null,
      "rd": null,
      "sga": null,
      "fcf": -4157000,
      "ocf": -3939000,
      "capex": -218000,
      "gross_margin": null,
      "op_margin": null,
      "fcf_margin": -0.06966066191872644,
      "rev_growth_yoy": 0.44982993197278914,
      "rev_growth_yoy_accel": 0.03665017178571517,
      "op_leverage_ratio": Infinity,
      "fcf_margin_change": 0.18595924407877384
    },
    {
      "date": "2023-03-31T00:00:00",
      "quarter_label": "2023-03 (Q1)",
      "revenue": 58928000,
      "gross_profit": null,
      "operating_income": null,
      "net_income": -14025000,
      "opex": 71410000,
      "cogs": null,
      "rd": null,
      "sga": null,
      "fcf": -7193000,
      "ocf": -6929000,
      "capex": -264000,
      "gross_margin": null,
      "op_margin": null,
      "fcf_margin": -0.12206421395601412,
      "rev_growth_yoy": 0.3848793212850462,
      "rev_growth_yoy_accel": -0.06495061068774294,
      "fcf_margin_change": -0.05240355203728768
    },
    {
      "date": "2023-06-30T00:00:00",
      "quarter_label": "2023-06 (Q2)",
      "revenue": 61235000,
      "gross_profit": null,
      "operating_income": null,
      "net_income": -22618000,
      "opex": 82152000,
      "cogs": null,
      "rd": null,
      "sga": null,
      "fcf": 9351000,
      "ocf": 9681000,
      "capex": -330000,
      "gross_margin": null,
      "op_margin": null,
      "fcf_margin": 0.15270678533518411,
      "rev_growth_yoy": 0.33686278790525054,
      "rev_growth_yoy_accel": -0.04801653337979567,
      "op_leverage_ratio": 0.260255417174109,
      "fcf_margin_change": 0.27477099929119825
    },
    {
      "date": "2023-09-30T00:00:00",
      "quarter_label": "2023-09 (Q3)",
      "revenue": 65811000,
      "gross_profit": null,
      "operating_income": null,
      "net_income": -12053000,
      "opex": 76385000,
      "cogs": null,
      "rd": null,
      "sga": null,
      "fcf": 15305000,
      "ocf": 15369000,
      "capex": -64000,
      "gross_margin": null,
      "op_margin": null,
      "fcf_margin": 0.23255990639862636,
      "rev_growth_yoy": 0.15850159311352474,
      "rev_growth_yoy_accel": -0.1783611947917258,
      "op_leverage_ratio": Infinity,
      "fcf_margin_change": 0.07985312106344225
    },
    {
      "date": "2023-12-31T00:00:00",
      "quarter_label": "2023-12 (Q4)",
      "revenue": 73119000,
      "gross_profit": null,
      "operating_income": null,
      "net_income": 179000,
      "opex": 71346000,
      "cogs": null,
      "rd": null,
      "sga": null,
      "fcf": 15603000,
      "ocf": 15633000,
      "capex": -30000,
      "gross_margin": null,
      "op_margin": null,
      "fcf_margin": 0.21339186805071186,
      "rev_growth_yoy": 0.22528697109342272,
      "rev_growth_yoy_accel": 0.06678537797989798,
      "op_leverage_ratio": Infinity,
      "fcf_margin_change": -0.0191680383479145
    },
    {
      "date": "2024-03-31T00:00:00",
      "quarter_label": "2024-03 (Q1)",
      "revenue": 73630000,
      "gross_profit": null,
      "operating_income": null,
      "net_income": 34243000,
      "opex": 68231000,
      "cogs": null,
      "rd": null,
      "sga": null,
      "fcf": 18332000,
      "ocf": 18344000,
      "capex": -12000,
      "gross_margin": null,
      "op_margin": null,
      "fcf_margin": 0.24897460274344696,
      "rev_growth_yoy": 0.2494909041542221,
      "rev_growth_yoy_accel": 0.024203933060799376,
      "fcf_margin_change": 0.035582734692735096
    },
    {
      "date": "2024-06-30T00:00:00",
      "quarter_label": "2024-06 (Q2)",
      "revenue": 80117000,
      "gross_profit": null,
      "operating_income": null,
      "net_income": 6358000,
      "opex": 74448000,
      "cogs": null,
      "rd": null,
      "sga": null,
      "fcf": 27912000,
      "ocf": 28047000,
      "capex": -135000,
      "gross_margin": null,
      "op_margin": null,
      "fcf_margin": 0.3483904789245728,
      "rev_growth_yoy": 0.30835306605699353,
      "rev_growth_yoy_accel": 0.05886216190277144,
      "op_leverage_ratio": 0.9669187155799079,
      "fcf_margin_change": 0.09941587618112585
    },
    {
      "date": "2024-09-30T00:00:00",
      "quarter_label": "2024-09 (Q3)",
      "revenue": 92489000,
      "gross_profit": null,
      "operating_income": null,
      "net_income": 466000,
      "opex": 89939000,
      "cogs": null,
      "rd": null,
      "sga": null,
      "fcf": 36967000,
      "ocf": 37032000,
      "capex": -65000,
      "gross_margin": null,
      "op_margin": null,
      "fcf_margin": 0.3996907740379937,
      "rev_growth_yoy": 0.40537296196684447,
      "rev_growth_yoy_accel": 0.09701989590985094,
      "op_leverage_ratio": 0.7421450821221539,
      "fcf_margin_change": 0.05130029511342088
    },
    {
      "date": "2024-12-31T00:00:00",
      "quarter_label": "2024-12 (Q4)",
      "revenue": 100840000,
      "gross_profit": null,
      "operating_income": null,
      "net_income": 16806000,
      "opex": 79847000,
      "cogs": null,
      "rd": null,
      "sga": null,
      "fcf": 41664000,
      "ocf": 41714000,
      "capex": -50000,
      "gross_margin": null,
      "op_margin": null,
      "fcf_margin": 0.41316937723125746,
      "rev_growth_yoy": 0.3791217057126055,
      "rev_growth_yoy_accel": -0.026251256254238964,
      "op_leverage_ratio": Infinity,
      "fcf_margin_change": 0.013478603193263772
    },
    {
      "date": "2025-03-31T00:00:00",
      "quarter_label": "2025-03 (Q1)",
      "revenue": 107979000,
      "gross_profit": null,
      "operating_income": null,
      "net_income": 28812000,
      "opex": 72830000,
      "cogs": null,
      "rd": null,
      "sga": null,
      "fcf": 45210000,
      "ocf": 45247000,
      "capex": -37000,
      "gross_margin": null,
      "op_margin": null,
      "fcf_margin": 0.4186925235462451,
      "rev_growth_yoy": 0.466508216759473,
      "rev_growth_yoy_accel": 0.08738651104686751,
      "op_leverage_ratio": Infinity,
      "fcf_margin_change": 0.005523146314987626
    },
    {
      "date": "2025-06-30T00:00:00",
      "quarter_label": "2025-06 (Q2)",
      "revenue": 131757000,
      "gross_profit": null,
      "operating_income": null,
      "net_income": 9040000,
      "opex": 90675000,
      "cogs": null,
      "rd": null,
      "sga": null,
      "fcf": 68110000,
      "ocf": 68237000,
      "capex": -127000,
      "gross_margin": null,
      "op_margin": null,
      "fcf_margin": 0.5169364815531623,
      "rev_growth_yoy": 0.644557334897712,
      "rev_growth_yoy_accel": 0.17804911813823904,
      "op_leverage_ratio": 0.8987311182678597,
      "fcf_margin_change": 0.09824395800691721
    },
    {
      "date": "2025-09-30T00:00:00",
      "quarter_label": "2025-09 (Q3)",
      "revenue": 150725000,
      "gross_profit": null,
      "operating_income": null,
      "net_income": 92072000,
      "opex": 104827000,
      "cogs": null,
      "rd": null,
      "sga": null,
      "fcf": 83185000,
      "ocf": 83247000,
      "capex": -62000,
      "gross_margin": null,
      "op_margin": null,
      "fcf_margin": 0.5518991540885719,
      "rev_growth_yoy": 0.6296532560628831,
      "rev_growth_yoy_accel": -0.014904078834828915,
      "op_leverage_ratio": 0.9223963751245596,
      "fcf_margin_change": 0.034962672535409633
    }
  ],
  "signals": [
    {
      "quarter": "2025-06 (Q2)",
      "signal": "FCF MARGIN EXPANSION",
      "detail": "FCF margin: +41.9% -> +51.7% (+9.8%)",
      "severity": "MEDIUM"
    },
    {
      "quarter": "2025-06 (Q2)",
      "signal": "YoY REVENUE GROWTH ACCELERATION",
      "detail": "YoY growth: +64.5% vs prior quarter YoY: +46.7% (accel: +17.8%)",
      "severity": "HIGH"
    },
    {
      "quarter": "2025-03 (Q1)",
      "signal": "YoY REVENUE GROWTH ACCELERATION",
      "detail": "YoY growth: +46.7% vs prior quarter YoY: +37.9% (accel: +8.7%)",
      "severity": "MEDIUM"
    },
    {
      "quarter": "2024-09 (Q3)",
      "signal": "FCF MARGIN EXPANSION",
      "detail": "FCF margin: +34.8% -> +40.0% (+5.1%)",
      "severity": "MEDIUM"
    },
    {
      "quarter": "2024-09 (Q3)",
      "signal": "YoY REVENUE GROWTH ACCELERATION",
      "detail": "YoY growth: +40.5% vs prior quarter YoY: +30.8% (accel: +9.7%)",
      "severity": "MEDIUM"
    },
    {
      "quarter": "2024-06 (Q2)",
      "signal": "FCF MARGIN EXPANSION",
      "detail": "FCF margin: +24.9% -> +34.8% (+9.9%)",
      "severity": "MEDIUM"
    },
    {
      "quarter": "2024-06 (Q2)",
      "signal": "YoY REVENUE GROWTH ACCELERATION",
      "detail": "YoY growth: +30.8% vs prior quarter YoY: +24.9% (accel: +5.9%)",
      "severity": "MEDIUM"
    },
    {
      "quarter": "2023-12 (Q4)",
      "signal": "YoY REVENUE GROWTH ACCELERATION",
      "detail": "YoY growth: +22.5% vs prior quarter YoY: +15.9% (accel: +6.7%)",
      "severity": "MEDIUM"
    },
    {
      "quarter": "2023-09 (Q3)",
      "signal": "FCF MARGIN EXPANSION",
      "detail": "FCF margin: +15.3% -> +23.3% (+8.0%)",
      "severity": "MEDIUM"
    },
    {
      "quarter": "2023-09 (Q3)",
      "signal": "YoY REVENUE GROWTH DECELERATION",
      "detail": "YoY growth: +15.9% vs prior quarter YoY: +33.7% (decel: -17.8%)",
      "severity": "WARNING"
    },
    {
      "quarter": "2023-06 (Q2)",
      "signal": "FCF TURNED POSITIVE",
      "detail": "FCF margin: -12.2% -> +15.3%",
      "severity": "HIGH"
    },
    {
      "quarter": "2023-03 (Q1)",
      "signal": "YoY REVENUE GROWTH DECELERATION",
      "detail": "YoY growth: +38.5% vs prior quarter YoY: +45.0% (decel: -6.5%)",
      "severity": "WARNING"
    },
    {
      "quarter": "2022-12 (Q4)",
      "signal": "FCF MARGIN EXPANSION",
      "detail": "FCF margin: -25.6% -> -7.0% (+18.6%)",
      "severity": "MEDIUM"
    },
    {
      "quarter": "2022-09 (Q3)",
      "signal": "FCF MARGIN EXPANSION",
      "detail": "FCF margin: -31.0% -> -25.6% (+5.4%)",
      "severity": "MEDIUM"
    },
    {
      "quarter": "2022-09 (Q3)",
      "signal": "YoY REVENUE GROWTH ACCELERATION",
      "detail": "YoY growth: +41.3% vs prior quarter YoY: +23.0% (accel: +18.3%)",
      "severity": "HIGH"
    },
    {
      "quarter": "2021-09 (Q3)",
      "signal": "FCF MARGIN EXPANSION",
      "detail": "FCF margin: +2.1% -> +11.7% (+9.6%)",
      "severity": "MEDIUM"
    },
    {
      "quarter": "2021-06 (Q2)",
      "signal": "FCF TURNED POSITIVE",
      "detail": "FCF margin: -3.8% -> +2.1%",
      "severity": "HIGH"
    }
  ],
  "data_quality": {
    "n_quarters": 19,
    "coverage": {
      "revenue": [
        19,
        19
      ],
      "gross_profit": [
        0,
        19
      ],
      "op_income": [
        4,
        19
      ],
      "fcf": [
        19,
        19
      ]
    },
    "gaps": [],
    "warnings": [
      "gross_profit: no data",
      "op_income: 4/19Q"
    ]
  },
  "market_cap": null,
  "source": "SEC EDGAR",
  "last_updated": "2026-02-02T21:30:16.762854"
}