{
  "ticker": "DAY",
  "name": "Dayforce, Inc.",
  "quarters": [
    {
      "date": "2020-12-31T00:00:00",
      "quarter_label": "2020-12 (Q4)",
      "revenue": 222800000,
      "gross_profit": 85500000,
      "operating_income": -21900000,
      "net_income": -17300000,
      "opex": 107400000,
      "cogs": 137300000,
      "rd": null,
      "sga": 107400000,
      "fcf": -77500000,
      "ocf": -77500000,
      "capex": null,
      "gross_margin": 0.38375224416517056,
      "op_margin": -0.09829443447037702,
      "fcf_margin": -0.3478456014362657
    },
    {
      "date": "2021-03-31T00:00:00",
      "quarter_label": "2021-03 (Q1)",
      "revenue": 234500000,
      "gross_profit": 93200000,
      "operating_income": -2400000,
      "net_income": -19200000,
      "opex": 95600000,
      "cogs": 141300000,
      "rd": null,
      "sga": 95600000,
      "fcf": -4500000,
      "ocf": -4500000,
      "capex": null,
      "gross_margin": 0.3974413646055437,
      "op_margin": -0.01023454157782516,
      "fcf_margin": -0.019189765458422176,
      "op_leverage_ratio": Infinity,
      "fcf_margin_change": 0.32865583597784354
    },
    {
      "date": "2021-06-30T00:00:00",
      "quarter_label": "2021-06 (Q2)",
      "revenue": 250400000,
      "gross_profit": 92100000,
      "operating_income": -19700000,
      "net_income": -25800000,
      "opex": 111800000,
      "cogs": 158300000,
      "rd": null,
      "sga": 111800000,
      "fcf": 27600000,
      "ocf": 27600000,
      "capex": null,
      "gross_margin": 0.3678115015974441,
      "op_margin": -0.0786741214057508,
      "fcf_margin": 0.11022364217252396,
      "op_leverage_ratio": 0.4001263523651583,
      "fcf_margin_change": 0.12941340763094614
    },
    {
      "date": "2021-09-30T00:00:00",
      "quarter_label": "2021-09 (Q3)",
      "revenue": 257200000,
      "gross_profit": 93100000,
      "operating_income": -16000000,
      "net_income": -20900000,
      "opex": 109100000,
      "cogs": 164100000,
      "rd": null,
      "sga": 109100000,
      "fcf": 25800000,
      "ocf": 25800000,
      "capex": null,
      "gross_margin": 0.3619751166407465,
      "op_margin": -0.06220839813374806,
      "fcf_margin": 0.10031104199066875,
      "op_leverage_ratio": Infinity,
      "fcf_margin_change": -0.009912600181855219
    },
    {
      "date": "2021-12-31T00:00:00",
      "quarter_label": "2021-12 (Q4)",
      "revenue": 282100000,
      "gross_profit": 103900000,
      "operating_income": 2600000,
      "net_income": -9500000,
      "opex": 101300000,
      "cogs": 178200000,
      "rd": null,
      "sga": 101300000,
      "fcf": -100000,
      "ocf": -100000,
      "capex": null,
      "gross_margin": 0.3683091102445941,
      "op_margin": 0.009216589861751152,
      "fcf_margin": -0.0003544842254519674,
      "incr_op_margin_yoy": 0.4131534569983137,
      "rev_growth_yoy": 0.2661579892280072,
      "op_leverage_ratio": Infinity,
      "fcf_margin_change": -0.10066552621612071
    },
    {
      "date": "2022-03-31T00:00:00",
      "quarter_label": "2022-03 (Q1)",
      "revenue": 293300000,
      "gross_profit": 103100000,
      "operating_income": -18900000,
      "net_income": -27400000,
      "opex": 122000000,
      "cogs": 190200000,
      "rd": null,
      "sga": 122000000,
      "fcf": 5500000,
      "ocf": 5500000,
      "capex": null,
      "gross_margin": 0.35151721786566653,
      "op_margin": -0.06443914081145585,
      "fcf_margin": 0.018752130923968633,
      "incr_op_margin_yoy": -0.28061224489795916,
      "rev_growth_yoy": 0.2507462686567164,
      "rev_growth_yoy_accel": -0.01541172057129081,
      "op_leverage_ratio": 0.19429160523129668,
      "fcf_margin_change": 0.0191066151494206
    },
    {
      "date": "2022-06-30T00:00:00",
      "quarter_label": "2022-06 (Q2)",
      "revenue": 301200000,
      "gross_profit": 116000000,
      "operating_income": -6500000,
      "net_income": -19800000,
      "opex": 122500000,
      "cogs": 185200000,
      "rd": null,
      "sga": 122500000,
      "fcf": 33200000,
      "ocf": 33200000,
      "capex": null,
      "gross_margin": 0.3851261620185923,
      "op_margin": -0.02158034528552457,
      "fcf_margin": 0.1102257636122178,
      "incr_op_margin_yoy": 0.25984251968503935,
      "rev_growth_yoy": 0.20287539936102236,
      "rev_growth_yoy_accel": -0.047870869295694035,
      "op_leverage_ratio": 6.572110467098534,
      "fcf_margin_change": 0.09147363268824917
    },
    {
      "date": "2022-09-30T00:00:00",
      "quarter_label": "2022-09 (Q3)",
      "revenue": 315600000,
      "gross_profit": 119000000,
      "operating_income": -3700000,
      "net_income": -21000000,
      "opex": 122700000,
      "cogs": 196600000,
      "rd": null,
      "sga": 122700000,
      "fcf": 52100000,
      "ocf": 52100000,
      "capex": null,
      "gross_margin": 0.3770595690747782,
      "op_margin": -0.011723700887198986,
      "fcf_margin": 0.16508238276299111,
      "incr_op_margin_yoy": 0.2106164383561644,
      "rev_growth_yoy": 0.22706065318818042,
      "rev_growth_yoy_accel": 0.024185253827158054,
      "op_leverage_ratio": 29.28286852589641,
      "fcf_margin_change": 0.05485661915077332
    },
    {
      "date": "2022-12-31T00:00:00",
      "quarter_label": "2022-12 (Q4)",
      "revenue": 336100000,
      "gross_profit": 135100000,
      "operating_income": 3300000,
      "net_income": -5200000,
      "opex": 131800000,
      "cogs": 201000000,
      "rd": null,
      "sga": 131800000,
      "fcf": 41800000,
      "ocf": 41800000,
      "capex": null,
      "gross_margin": 0.40196370127938114,
      "op_margin": 0.009818506396905683,
      "fcf_margin": 0.12436774769413865,
      "incr_op_margin_yoy": 0.012962962962962963,
      "rev_growth_yoy": 0.1914214817440624,
      "rev_growth_yoy_accel": -0.03563917144411802,
      "op_leverage_ratio": 0.8758304433209376,
      "fcf_margin_change": -0.040714635068852464
    },
    {
      "date": "2023-03-31T00:00:00",
      "quarter_label": "2023-03 (Q1)",
      "revenue": 370600000,
      "gross_profit": 160300000,
      "operating_income": 38400000,
      "net_income": 9900000,
      "opex": 121900000,
      "cogs": 210300000,
      "rd": null,
      "sga": 121900000,
      "fcf": 11300000,
      "ocf": 11300000,
      "capex": null,
      "gross_margin": 0.43254182406907715,
      "op_margin": 0.10361575822989746,
      "fcf_margin": 0.03049109552077712,
      "incr_op_margin_yoy": 0.741267787839586,
      "rev_growth_yoy": 0.2635526764405046,
      "rev_growth_yoy_accel": 0.07213119469644222,
      "op_leverage_ratio": Infinity,
      "fcf_margin_change": -0.09387665217336152
    },
    {
      "date": "2023-06-30T00:00:00",
      "quarter_label": "2023-06 (Q2)",
      "revenue": 365900000,
      "gross_profit": 155900000,
      "operating_income": 29400000,
      "net_income": 3100000,
      "opex": 126500000,
      "cogs": 210000000,
      "rd": null,
      "sga": 126500000,
      "fcf": 81700000,
      "ocf": 81700000,
      "capex": null,
      "gross_margin": 0.42607269745832194,
      "op_margin": 0.08034982235583493,
      "fcf_margin": 0.22328505056026238,
      "incr_op_margin_yoy": 0.5548686244204019,
      "rev_growth_yoy": 0.2148074369189907,
      "rev_growth_yoy_accel": -0.04874523952151391,
      "fcf_margin_change": 0.19279395503948527
    },
    {
      "date": "2023-09-30T00:00:00",
      "quarter_label": "2023-09 (Q3)",
      "revenue": 377500000,
      "gross_profit": 160500000,
      "operating_income": 26500000,
      "net_income": -3800000,
      "opex": 134000000,
      "cogs": 217000000,
      "rd": null,
      "sga": 134000000,
      "fcf": 36600000,
      "ocf": 36600000,
      "capex": null,
      "gross_margin": 0.4251655629139073,
      "op_margin": 0.07019867549668875,
      "fcf_margin": 0.09695364238410596,
      "incr_op_margin_yoy": 0.4878836833602585,
      "rev_growth_yoy": 0.19613434727503168,
      "rev_growth_yoy_accel": -0.01867308964395903,
      "op_leverage_ratio": 0.53471804682518,
      "fcf_margin_change": -0.1263314081761564
    },
    {
      "date": "2023-12-31T00:00:00",
      "quarter_label": "2023-12 (Q4)",
      "revenue": 399700000,
      "gross_profit": 169800000,
      "operating_income": 38800000,
      "net_income": 45600000,
      "opex": 131000000,
      "cogs": 229900000,
      "rd": null,
      "sga": null,
      "fcf": 89900000,
      "ocf": 89900000,
      "capex": null,
      "gross_margin": 0.4248186139604703,
      "op_margin": 0.09707280460345259,
      "fcf_margin": 0.22491868901676257,
      "incr_op_margin_yoy": 0.5581761006289309,
      "rev_growth_yoy": 0.18922939601309136,
      "rev_growth_yoy_accel": -0.006904951261940323,
      "op_leverage_ratio": Infinity,
      "fcf_margin_change": 0.12796504663265662
    },
    {
      "date": "2024-03-31T00:00:00",
      "quarter_label": "2024-03 (Q1)",
      "revenue": 431500000,
      "gross_profit": 205400000,
      "operating_income": 40700000,
      "net_income": 7100000,
      "opex": 390800000,
      "cogs": 226100000,
      "rd": null,
      "sga": null,
      "fcf": 9100000,
      "ocf": 9100000,
      "capex": null,
      "gross_margin": 0.47601390498261875,
      "op_margin": 0.09432213209733488,
      "fcf_margin": 0.02108922363847045,
      "incr_op_margin_yoy": 0.03776683087027915,
      "rev_growth_yoy": 0.164328116567728,
      "rev_growth_yoy_accel": -0.024901279445363356,
      "op_leverage_ratio": 0.040116692600281625,
      "fcf_margin_change": -0.2038294653782921
    },
    {
      "date": "2024-06-30T00:00:00",
      "quarter_label": "2024-06 (Q2)",
      "revenue": 423300000,
      "gross_profit": 186800000,
      "operating_income": 14100000,
      "net_income": -1800000,
      "opex": 409200000,
      "cogs": 236500000,
      "rd": null,
      "sga": null,
      "fcf": 99200000,
      "ocf": 99200000,
      "capex": null,
      "gross_margin": 0.4412945901252067,
      "op_margin": 0.03330970942593905,
      "fcf_margin": 0.2343491613512875,
      "incr_op_margin_yoy": -0.2665505226480836,
      "rev_growth_yoy": 0.15687346269472532,
      "rev_growth_yoy_accel": -0.007454653873002676,
      "fcf_margin_change": 0.21325993771281704
    },
    {
      "date": "2024-09-30T00:00:00",
      "quarter_label": "2024-09 (Q3)",
      "revenue": 440000000,
      "gross_profit": 201300000,
      "operating_income": 20800000,
      "net_income": 2000000,
      "opex": 419200000,
      "cogs": 238700000,
      "rd": null,
      "sga": null,
      "fcf": 91800000,
      "ocf": 91800000,
      "capex": null,
      "gross_margin": 0.4575,
      "op_margin": 0.04727272727272727,
      "fcf_margin": 0.20863636363636365,
      "incr_op_margin_yoy": -0.0912,
      "rev_growth_yoy": 0.16556291390728478,
      "rev_growth_yoy_accel": 0.008689451212559457,
      "op_leverage_ratio": 1.6143727852586818,
      "fcf_margin_change": -0.025712797714923852
    },
    {
      "date": "2024-12-31T00:00:00",
      "quarter_label": "2024-12 (Q4)",
      "revenue": 465200000,
      "gross_profit": 218600000,
      "operating_income": 28500000,
      "net_income": 10800000,
      "opex": 190100000,
      "cogs": 246600000,
      "rd": null,
      "sga": null,
      "fcf": 81000000,
      "ocf": 81000000,
      "capex": null,
      "gross_margin": 0.4699054170249355,
      "op_margin": 0.06126397248495271,
      "fcf_margin": 0.17411865864144455,
      "incr_op_margin_yoy": -0.15725190839694655,
      "rev_growth_yoy": 0.16387290467850887,
      "rev_growth_yoy_accel": -0.0016900092287759072,
      "op_leverage_ratio": Infinity,
      "fcf_margin_change": -0.0345177049949191
    },
    {
      "date": "2025-03-31T00:00:00",
      "quarter_label": "2025-03 (Q1)",
      "revenue": 481800000,
      "gross_profit": null,
      "operating_income": 31000000,
      "net_income": 14900000,
      "opex": 450800000,
      "cogs": null,
      "rd": null,
      "sga": null,
      "fcf": 49600000,
      "ocf": 49600000,
      "capex": null,
      "gross_margin": null,
      "op_margin": 0.06434205064342051,
      "fcf_margin": 0.10294728102947281,
      "incr_op_margin_yoy": -0.19284294234592445,
      "rev_growth_yoy": 0.11657010428736964,
      "rev_growth_yoy_accel": -0.04730280039113924,
      "op_leverage_ratio": 0.026020130338947886,
      "fcf_margin_change": -0.07117137761197173
    },
    {
      "date": "2025-06-30T00:00:00",
      "quarter_label": "2025-06 (Q2)",
      "revenue": 464700000,
      "gross_profit": null,
      "operating_income": 42300000,
      "net_income": 21300000,
      "opex": 422400000,
      "cogs": null,
      "rd": null,
      "sga": null,
      "fcf": 112700000,
      "ocf": 112700000,
      "capex": null,
      "gross_margin": null,
      "op_margin": 0.09102646868947709,
      "fcf_margin": 0.2425220572412309,
      "incr_op_margin_yoy": 0.6811594202898551,
      "rev_growth_yoy": 0.09780297661233169,
      "rev_growth_yoy_accel": -0.01876712767503795,
      "fcf_margin_change": 0.1395747762117581
    },
    {
      "date": "2025-09-30T00:00:00",
      "quarter_label": "2025-09 (Q3)",
      "revenue": 481600000,
      "gross_profit": null,
      "operating_income": 30500000,
      "net_income": -196800000,
      "opex": 451100000,
      "cogs": null,
      "rd": null,
      "sga": null,
      "fcf": 31200000,
      "ocf": 31200000,
      "capex": null,
      "gross_margin": null,
      "op_margin": 0.06333056478405316,
      "fcf_margin": 0.06478405315614617,
      "incr_op_margin_yoy": 0.23317307692307693,
      "rev_growth_yoy": 0.09454545454545454,
      "rev_growth_yoy_accel": -0.0032575220668771415,
      "op_leverage_ratio": 0.5352492222699594,
      "fcf_margin_change": -0.17773800408508472
    }
  ],
  "signals": [
    {
      "quarter": "2025-09 (Q3)",
      "signal": "INCREMENTAL MARGIN (YoY)",
      "detail": "YoY Incr OPM: +23.3% vs year-ago OPM: +4.7%",
      "severity": "MEDIUM"
    },
    {
      "quarter": "2025-06 (Q2)",
      "signal": "FCF MARGIN EXPANSION",
      "detail": "FCF margin: +10.3% -> +24.3% (+14.0%)",
      "severity": "MEDIUM"
    },
    {
      "quarter": "2025-06 (Q2)",
      "signal": "INCREMENTAL MARGIN (YoY)",
      "detail": "YoY Incr OPM: +68.1% vs year-ago OPM: +3.3%",
      "severity": "HIGH"
    },
    {
      "quarter": "2024-09 (Q3)",
      "signal": "OPERATING LEVERAGE",
      "detail": "Rev growth +3.9% vs OpEx growth +2.4% (leverage: 1.6x)",
      "severity": "MEDIUM"
    },
    {
      "quarter": "2024-06 (Q2)",
      "signal": "FCF MARGIN EXPANSION",
      "detail": "FCF margin: +2.1% -> +23.4% (+21.3%)",
      "severity": "MEDIUM"
    },
    {
      "quarter": "2024-03 (Q1)",
      "signal": "GROSS MARGIN INFLECTION",
      "detail": "GM: +42.5% -> +42.5% -> +47.6% (reversal +5.1%)",
      "severity": "HIGH"
    },
    {
      "quarter": "2023-12 (Q4)",
      "signal": "FCF MARGIN EXPANSION",
      "detail": "FCF margin: +9.7% -> +22.5% (+12.8%)",
      "severity": "MEDIUM"
    },
    {
      "quarter": "2023-12 (Q4)",
      "signal": "INCREMENTAL MARGIN (YoY)",
      "detail": "YoY Incr OPM: +55.8% vs year-ago OPM: +1.0%",
      "severity": "HIGH"
    },
    {
      "quarter": "2023-09 (Q3)",
      "signal": "OP MARGIN TURNED POSITIVE (YoY)",
      "detail": "Op margin: -1.2% (year-ago) -> +7.0%",
      "severity": "HIGH"
    },
    {
      "quarter": "2023-06 (Q2)",
      "signal": "FCF MARGIN EXPANSION",
      "detail": "FCF margin: +3.0% -> +22.3% (+19.3%)",
      "severity": "MEDIUM"
    },
    {
      "quarter": "2023-06 (Q2)",
      "signal": "OP MARGIN TURNED POSITIVE (YoY)",
      "detail": "Op margin: -2.2% (year-ago) -> +8.0%",
      "severity": "HIGH"
    },
    {
      "quarter": "2023-03 (Q1)",
      "signal": "YoY REVENUE GROWTH ACCELERATION",
      "detail": "YoY growth: +26.4% vs prior quarter YoY: +19.1% (accel: +7.2%)",
      "severity": "MEDIUM"
    },
    {
      "quarter": "2023-03 (Q1)",
      "signal": "OP MARGIN TURNED POSITIVE (YoY)",
      "detail": "Op margin: -6.4% (year-ago) -> +10.4%",
      "severity": "HIGH"
    },
    {
      "quarter": "2022-12 (Q4)",
      "signal": "GROSS MARGIN INFLECTION",
      "detail": "GM: +38.5% -> +37.7% -> +40.2% (reversal +2.5%)",
      "severity": "MEDIUM"
    },
    {
      "quarter": "2022-12 (Q4)",
      "signal": "OP MARGIN TURNED POSITIVE (QoQ)",
      "detail": "Op margin: -1.2% -> +1.0%",
      "severity": "HIGH"
    },
    {
      "quarter": "2022-09 (Q3)",
      "signal": "FCF MARGIN EXPANSION",
      "detail": "FCF margin: +11.0% -> +16.5% (+5.5%)",
      "severity": "MEDIUM"
    },
    {
      "quarter": "2022-09 (Q3)",
      "signal": "OPERATING LEVERAGE",
      "detail": "Rev growth +4.8% vs OpEx growth +0.2% (leverage: 29.3x)",
      "severity": "MEDIUM"
    },
    {
      "quarter": "2022-06 (Q2)",
      "signal": "FCF MARGIN EXPANSION",
      "detail": "FCF margin: +1.9% -> +11.0% (+9.1%)",
      "severity": "MEDIUM"
    },
    {
      "quarter": "2022-06 (Q2)",
      "signal": "OPERATING LEVERAGE",
      "detail": "Rev growth +2.7% vs OpEx growth +0.4% (leverage: 6.6x)",
      "severity": "MEDIUM"
    },
    {
      "quarter": "2022-06 (Q2)",
      "signal": "GROSS MARGIN INFLECTION",
      "detail": "GM: +36.8% -> +35.2% -> +38.5% (reversal +3.4%)",
      "severity": "MEDIUM"
    },
    {
      "quarter": "2022-03 (Q1)",
      "signal": "FCF TURNED POSITIVE",
      "detail": "FCF margin: -0.0% -> +1.9%",
      "severity": "HIGH"
    },
    {
      "quarter": "2021-12 (Q4)",
      "signal": "OP MARGIN TURNED POSITIVE (YoY)",
      "detail": "Op margin: -9.8% (year-ago) -> +0.9%",
      "severity": "HIGH"
    },
    {
      "quarter": "2021-12 (Q4)",
      "signal": "OP MARGIN TURNED POSITIVE (QoQ)",
      "detail": "Op margin: -6.2% -> +0.9%",
      "severity": "HIGH"
    },
    {
      "quarter": "2021-06 (Q2)",
      "signal": "FCF TURNED POSITIVE",
      "detail": "FCF margin: -1.9% -> +11.0%",
      "severity": "HIGH"
    },
    {
      "quarter": "2021-03 (Q1)",
      "signal": "FCF MARGIN EXPANSION",
      "detail": "FCF margin: -34.8% -> -1.9% (+32.9%)",
      "severity": "MEDIUM"
    }
  ],
  "data_quality": {
    "n_quarters": 20,
    "coverage": {
      "revenue": [
        20,
        20
      ],
      "gross_profit": [
        17,
        20
      ],
      "op_income": [
        20,
        20
      ],
      "fcf": [
        20,
        20
      ]
    },
    "gaps": [],
    "warnings": []
  },
  "market_cap": null,
  "source": "SEC EDGAR",
  "last_updated": "2026-02-02T20:35:13.545151"
}