{
  "ticker": "DBRG-PH",
  "name": "DigitalBridge Group, Inc.",
  "quarters": [
    {
      "date": "2020-12-31T00:00:00",
      "quarter_label": "2020-12 (Q4)",
      "revenue": 338844000,
      "gross_profit": null,
      "operating_income": null,
      "net_income": -122059000,
      "opex": 500093000,
      "cogs": null,
      "rd": null,
      "sga": null,
      "fcf": 7000,
      "ocf": 7000,
      "capex": null,
      "gross_margin": null,
      "op_margin": null,
      "fcf_margin": 2.0658474106078315e-05
    },
    {
      "date": "2021-03-31T00:00:00",
      "quarter_label": "2021-03 (Q1)",
      "revenue": 315704000,
      "gross_profit": null,
      "operating_income": null,
      "net_income": -246290000,
      "opex": 504084000,
      "cogs": null,
      "rd": null,
      "sga": null,
      "fcf": -23937000,
      "ocf": -23937000,
      "capex": null,
      "gross_margin": null,
      "op_margin": null,
      "fcf_margin": -0.07582102222334845,
      "fcf_margin_change": -0.07584168069745453
    },
    {
      "date": "2021-06-30T00:00:00",
      "quarter_label": "2021-06 (Q2)",
      "revenue": 237187000,
      "gross_profit": null,
      "operating_income": null,
      "net_income": -122744000,
      "opex": 344212000,
      "cogs": null,
      "rd": null,
      "sga": null,
      "fcf": 128833000,
      "ocf": 128833000,
      "capex": null,
      "gross_margin": null,
      "op_margin": null,
      "fcf_margin": 0.543170578488703,
      "fcf_margin_change": 0.6189916007120514
    },
    {
      "date": "2021-09-30T00:00:00",
      "quarter_label": "2021-09 (Q3)",
      "revenue": 252174000,
      "gross_profit": null,
      "operating_income": null,
      "net_income": 61357000,
      "opex": 374108000,
      "cogs": null,
      "rd": null,
      "sga": null,
      "fcf": 76516000,
      "ocf": 76516000,
      "capex": null,
      "gross_margin": null,
      "op_margin": null,
      "fcf_margin": 0.3034254126119267,
      "op_leverage_ratio": 0.7275062808885665,
      "fcf_margin_change": -0.2397451658767763
    },
    {
      "date": "2021-12-31T00:00:00",
      "quarter_label": "2021-12 (Q4)",
      "revenue": 255857000,
      "gross_profit": null,
      "operating_income": null,
      "net_income": -2420000,
      "opex": 405778000,
      "cogs": null,
      "rd": null,
      "sga": null,
      "fcf": 66825000,
      "ocf": 66825000,
      "capex": null,
      "gross_margin": null,
      "op_margin": null,
      "fcf_margin": 0.26118105035234523,
      "rev_growth_yoy": -0.24491211294873158,
      "op_leverage_ratio": 0.17252432762599812,
      "fcf_margin_change": -0.04224436225958145
    },
    {
      "date": "2022-03-31T00:00:00",
      "quarter_label": "2022-03 (Q1)",
      "revenue": 257459000,
      "gross_profit": null,
      "operating_income": null,
      "net_income": -246557000,
      "opex": 339405000,
      "cogs": null,
      "rd": null,
      "sga": null,
      "fcf": 1257000,
      "ocf": 1257000,
      "capex": null,
      "gross_margin": null,
      "op_margin": null,
      "fcf_margin": 0.004882330778881298,
      "rev_growth_yoy": -0.1844924359526645,
      "rev_growth_yoy_accel": 0.06041967699606707,
      "fcf_margin_change": -0.25629871957346395
    },
    {
      "date": "2022-06-30T00:00:00",
      "quarter_label": "2022-06 (Q2)",
      "revenue": 289409000,
      "gross_profit": null,
      "operating_income": null,
      "net_income": -21562000,
      "opex": 437187000,
      "cogs": null,
      "rd": null,
      "sga": null,
      "fcf": 72810000,
      "ocf": 72810000,
      "capex": null,
      "gross_margin": null,
      "op_margin": null,
      "fcf_margin": 0.2515816716135296,
      "rev_growth_yoy": 0.22017226913785326,
      "rev_growth_yoy_accel": 0.4046647050905178,
      "op_leverage_ratio": 0.43074684426025334,
      "fcf_margin_change": 0.2466993408346483
    },
    {
      "date": "2022-09-30T00:00:00",
      "quarter_label": "2022-09 (Q3)",
      "revenue": 296623000,
      "gross_profit": null,
      "operating_income": null,
      "net_income": -49088000,
      "opex": 494286000,
      "cogs": null,
      "rd": null,
      "sga": null,
      "fcf": 120706000,
      "ocf": 120706000,
      "capex": null,
      "gross_margin": null,
      "op_margin": null,
      "fcf_margin": 0.4069340543383352,
      "rev_growth_yoy": 0.17626321508164997,
      "rev_growth_yoy_accel": -0.043909054056203295,
      "op_leverage_ratio": 0.1908546925905767,
      "fcf_margin_change": 0.15535238272480556
    },
    {
      "date": "2022-12-31T00:00:00",
      "quarter_label": "2022-12 (Q4)",
      "revenue": 301081000,
      "gross_profit": null,
      "operating_income": null,
      "net_income": -4590000,
      "opex": 508719000,
      "cogs": null,
      "rd": null,
      "sga": null,
      "fcf": 67809000,
      "ocf": 67809000,
      "capex": null,
      "gross_margin": null,
      "op_margin": null,
      "fcf_margin": 0.22521846280569016,
      "rev_growth_yoy": 0.17675498422947195,
      "rev_growth_yoy_accel": 0.0004917691478219799,
      "op_leverage_ratio": 0.5147032841667892,
      "fcf_margin_change": -0.18171559153264502
    },
    {
      "date": "2023-03-31T00:00:00",
      "quarter_label": "2023-03 (Q1)",
      "revenue": 250160000,
      "gross_profit": null,
      "operating_income": null,
      "net_income": -197797000,
      "opex": 384499000,
      "cogs": null,
      "rd": null,
      "sga": null,
      "fcf": 19734000,
      "ocf": 19734000,
      "capex": null,
      "gross_margin": null,
      "op_margin": null,
      "fcf_margin": 0.07888551327150624,
      "rev_growth_yoy": -0.028350145071642473,
      "rev_growth_yoy_accel": -0.2051051293011144,
      "fcf_margin_change": -0.1463329495341839
    },
    {
      "date": "2023-06-30T00:00:00",
      "quarter_label": "2023-06 (Q2)",
      "revenue": 424933000,
      "gross_profit": null,
      "operating_income": null,
      "net_income": -8663000,
      "opex": 458665000,
      "cogs": null,
      "rd": null,
      "sga": null,
      "fcf": 72116000,
      "ocf": 72116000,
      "capex": null,
      "gross_margin": null,
      "op_margin": null,
      "fcf_margin": 0.16971146039493284,
      "rev_growth_yoy": 0.46827845713160265,
      "rev_growth_yoy_accel": 0.4966286022032451,
      "op_leverage_ratio": 3.621986527872492,
      "fcf_margin_change": 0.0908259471234266
    },
    {
      "date": "2023-09-30T00:00:00",
      "quarter_label": "2023-09 (Q3)",
      "revenue": 477080000,
      "gross_profit": null,
      "operating_income": null,
      "net_income": 276473000,
      "opex": 450670000,
      "cogs": null,
      "rd": null,
      "sga": null,
      "fcf": 100230000,
      "ocf": 100230000,
      "capex": null,
      "gross_margin": null,
      "op_margin": null,
      "fcf_margin": 0.2100905508510103,
      "rev_growth_yoy": 0.6083715692984023,
      "rev_growth_yoy_accel": 0.14009311216679965,
      "op_leverage_ratio": Infinity,
      "fcf_margin_change": 0.04037909045607746
    },
    {
      "date": "2023-12-31T00:00:00",
      "quarter_label": "2023-12 (Q4)",
      "revenue": 350310000,
      "gross_profit": null,
      "operating_income": null,
      "net_income": 115267000,
      "opex": -741961000,
      "cogs": null,
      "rd": null,
      "sga": null,
      "fcf": 41557000,
      "ocf": 41557000,
      "capex": null,
      "gross_margin": null,
      "op_margin": null,
      "fcf_margin": 0.11862921412463247,
      "rev_growth_yoy": 0.1635074946609052,
      "rev_growth_yoy_accel": -0.4448640746374971,
      "fcf_margin_change": -0.09146133672637784
    },
    {
      "date": "2024-03-31T00:00:00",
      "quarter_label": "2024-03 (Q1)",
      "revenue": 74393000,
      "gross_profit": null,
      "operating_income": null,
      "net_income": -29628000,
      "opex": 83899000,
      "cogs": null,
      "rd": null,
      "sga": null,
      "fcf": -30064000,
      "ocf": -27009000,
      "capex": -3055000,
      "gross_margin": null,
      "op_margin": null,
      "fcf_margin": -0.40412404392886425,
      "rev_growth_yoy": -0.7026183242724656,
      "rev_growth_yoy_accel": -0.8661258189333708,
      "fcf_margin_change": -0.5227532580534967
    },
    {
      "date": "2024-06-30T00:00:00",
      "quarter_label": "2024-06 (Q2)",
      "revenue": 390336000,
      "gross_profit": null,
      "operating_income": null,
      "net_income": 91423000,
      "opex": 268503000,
      "cogs": null,
      "rd": null,
      "sga": null,
      "fcf": 22276000,
      "ocf": 22526000,
      "capex": -250000,
      "gross_margin": null,
      "op_margin": null,
      "fcf_margin": 0.05706878176750287,
      "rev_growth_yoy": -0.08141754111824688,
      "rev_growth_yoy_accel": 0.6212007831542188,
      "op_leverage_ratio": 1.930155694373914,
      "fcf_margin_change": 0.4611928256963671
    },
    {
      "date": "2024-09-30T00:00:00",
      "quarter_label": "2024-09 (Q3)",
      "revenue": 76125000,
      "gross_profit": null,
      "operating_income": null,
      "net_income": 13778000,
      "opex": 76272000,
      "cogs": null,
      "rd": null,
      "sga": null,
      "fcf": 35901000,
      "ocf": 35901000,
      "capex": null,
      "gross_margin": null,
      "op_margin": null,
      "fcf_margin": 0.47160591133004925,
      "rev_growth_yoy": -0.8404355663620358,
      "rev_growth_yoy_accel": -0.7590180252437889,
      "fcf_margin_change": 0.4145371295625464
    },
    {
      "date": "2024-12-31T00:00:00",
      "quarter_label": "2024-12 (Q4)",
      "revenue": 66174000,
      "gross_profit": null,
      "operating_income": null,
      "net_income": -5051000,
      "opex": 68191000,
      "cogs": null,
      "rd": null,
      "sga": null,
      "fcf": 28421000,
      "ocf": 28704000,
      "capex": -283000,
      "gross_margin": null,
      "op_margin": null,
      "fcf_margin": 0.42948892314201953,
      "rev_growth_yoy": -0.8110987411150125,
      "rev_growth_yoy_accel": 0.0293368252470233,
      "fcf_margin_change": -0.042116988188029725
    },
    {
      "date": "2025-03-31T00:00:00",
      "quarter_label": "2025-03 (Q1)",
      "revenue": 45447000,
      "gross_profit": null,
      "operating_income": null,
      "net_income": 13782000,
      "opex": 55297000,
      "cogs": null,
      "rd": null,
      "sga": null,
      "fcf": 49992000,
      "ocf": 50298000,
      "capex": -306000,
      "gross_margin": null,
      "op_margin": null,
      "fcf_margin": 1.1000066010957819,
      "rev_growth_yoy": -0.3890957482558843,
      "rev_growth_yoy_accel": 0.4220029928591282,
      "fcf_margin_change": 0.6705176779537623
    },
    {
      "date": "2025-06-30T00:00:00",
      "quarter_label": "2025-06 (Q2)",
      "revenue": -3207000,
      "gross_profit": null,
      "operating_income": null,
      "net_income": 31622000,
      "opex": 32433000,
      "cogs": null,
      "rd": null,
      "sga": null,
      "fcf": 76351000,
      "ocf": 76973000,
      "capex": -622000,
      "gross_margin": null,
      "op_margin": null,
      "fcf_margin": -23.807608356719676,
      "rev_growth_yoy": -1.0082159985243482,
      "rev_growth_yoy_accel": -0.6191202502684638,
      "fcf_margin_change": -24.907614957815458
    },
    {
      "date": "2025-09-30T00:00:00",
      "quarter_label": "2025-09 (Q3)",
      "revenue": 3818000,
      "gross_profit": null,
      "operating_income": null,
      "net_income": 31414000,
      "opex": 23250000,
      "cogs": null,
      "rd": null,
      "sga": null,
      "fcf": 56136000,
      "ocf": 56499000,
      "capex": -363000,
      "gross_margin": null,
      "op_margin": null,
      "fcf_margin": 14.702985856469356,
      "rev_growth_yoy": -0.9498456486042693,
      "rev_growth_yoy_accel": 0.058370349920078834,
      "fcf_margin_change": 38.51059421318903
    }
  ],
  "signals": [
    {
      "quarter": "2025-09 (Q3)",
      "signal": "FCF TURNED POSITIVE",
      "detail": "FCF margin: -2380.8% -> +1470.3%",
      "severity": "HIGH"
    },
    {
      "quarter": "2025-09 (Q3)",
      "signal": "YoY REVENUE GROWTH ACCELERATION",
      "detail": "YoY growth: -95.0% vs prior quarter YoY: -100.8% (accel: +5.8%)",
      "severity": "MEDIUM"
    },
    {
      "quarter": "2025-06 (Q2)",
      "signal": "YoY REVENUE GROWTH DECELERATION",
      "detail": "YoY growth: -100.8% vs prior quarter YoY: -38.9% (decel: -61.9%)",
      "severity": "WARNING"
    },
    {
      "quarter": "2025-03 (Q1)",
      "signal": "FCF MARGIN EXPANSION",
      "detail": "FCF margin: +42.9% -> +110.0% (+67.1%)",
      "severity": "MEDIUM"
    },
    {
      "quarter": "2025-03 (Q1)",
      "signal": "YoY REVENUE GROWTH ACCELERATION",
      "detail": "YoY growth: -38.9% vs prior quarter YoY: -81.1% (accel: +42.2%)",
      "severity": "HIGH"
    },
    {
      "quarter": "2024-09 (Q3)",
      "signal": "FCF MARGIN EXPANSION",
      "detail": "FCF margin: +5.7% -> +47.2% (+41.5%)",
      "severity": "MEDIUM"
    },
    {
      "quarter": "2024-09 (Q3)",
      "signal": "YoY REVENUE GROWTH DECELERATION",
      "detail": "YoY growth: -84.0% vs prior quarter YoY: -8.1% (decel: -75.9%)",
      "severity": "WARNING"
    },
    {
      "quarter": "2024-06 (Q2)",
      "signal": "FCF TURNED POSITIVE",
      "detail": "FCF margin: -40.4% -> +5.7%",
      "severity": "HIGH"
    },
    {
      "quarter": "2024-06 (Q2)",
      "signal": "OPERATING LEVERAGE",
      "detail": "Rev growth +424.7% vs OpEx growth +220.0% (leverage: 1.9x)",
      "severity": "MEDIUM"
    },
    {
      "quarter": "2024-06 (Q2)",
      "signal": "YoY REVENUE GROWTH ACCELERATION",
      "detail": "YoY growth: -8.1% vs prior quarter YoY: -70.3% (accel: +62.1%)",
      "severity": "HIGH"
    },
    {
      "quarter": "2024-03 (Q1)",
      "signal": "YoY REVENUE GROWTH DECELERATION",
      "detail": "YoY growth: -70.3% vs prior quarter YoY: +16.4% (decel: -86.6%)",
      "severity": "WARNING"
    },
    {
      "quarter": "2023-12 (Q4)",
      "signal": "YoY REVENUE GROWTH DECELERATION",
      "detail": "YoY growth: +16.4% vs prior quarter YoY: +60.8% (decel: -44.5%)",
      "severity": "WARNING"
    },
    {
      "quarter": "2023-09 (Q3)",
      "signal": "YoY REVENUE GROWTH ACCELERATION",
      "detail": "YoY growth: +60.8% vs prior quarter YoY: +46.8% (accel: +14.0%)",
      "severity": "MEDIUM"
    },
    {
      "quarter": "2023-06 (Q2)",
      "signal": "FCF MARGIN EXPANSION",
      "detail": "FCF margin: +7.9% -> +17.0% (+9.1%)",
      "severity": "MEDIUM"
    },
    {
      "quarter": "2023-06 (Q2)",
      "signal": "OPERATING LEVERAGE",
      "detail": "Rev growth +69.9% vs OpEx growth +19.3% (leverage: 3.6x)",
      "severity": "MEDIUM"
    },
    {
      "quarter": "2023-06 (Q2)",
      "signal": "YoY REVENUE GROWTH ACCELERATION",
      "detail": "YoY growth: +46.8% vs prior quarter YoY: -2.8% (accel: +49.7%)",
      "severity": "HIGH"
    },
    {
      "quarter": "2023-03 (Q1)",
      "signal": "YoY REVENUE GROWTH DECELERATION",
      "detail": "YoY growth: -2.8% vs prior quarter YoY: +17.7% (decel: -20.5%)",
      "severity": "WARNING"
    },
    {
      "quarter": "2022-09 (Q3)",
      "signal": "FCF MARGIN EXPANSION",
      "detail": "FCF margin: +25.2% -> +40.7% (+15.5%)",
      "severity": "MEDIUM"
    },
    {
      "quarter": "2022-06 (Q2)",
      "signal": "FCF MARGIN EXPANSION",
      "detail": "FCF margin: +0.5% -> +25.2% (+24.7%)",
      "severity": "MEDIUM"
    },
    {
      "quarter": "2022-06 (Q2)",
      "signal": "YoY REVENUE GROWTH ACCELERATION",
      "detail": "YoY growth: +22.0% vs prior quarter YoY: -18.4% (accel: +40.5%)",
      "severity": "HIGH"
    },
    {
      "quarter": "2022-03 (Q1)",
      "signal": "YoY REVENUE GROWTH ACCELERATION",
      "detail": "YoY growth: -18.4% vs prior quarter YoY: -24.5% (accel: +6.0%)",
      "severity": "MEDIUM"
    },
    {
      "quarter": "2021-06 (Q2)",
      "signal": "FCF TURNED POSITIVE",
      "detail": "FCF margin: -7.6% -> +54.3%",
      "severity": "HIGH"
    }
  ],
  "data_quality": {
    "n_quarters": 20,
    "coverage": {
      "revenue": [
        20,
        20
      ],
      "gross_profit": [
        0,
        20
      ],
      "op_income": [
        0,
        20
      ],
      "fcf": [
        20,
        20
      ]
    },
    "gaps": [],
    "warnings": [
      "gross_profit: no data",
      "op_income: no data"
    ]
  },
  "market_cap": null,
  "source": "SEC EDGAR",
  "last_updated": "2026-02-03T01:12:19.036771",
  "sector": "Financial Services",
  "industry": "Asset Management"
}