{
  "ticker": "DCGO",
  "name": "DOCGO INC.",
  "quarters": [
    {
      "date": "2021-03-31T00:00:00",
      "quarter_label": "2021-03 (Q1)",
      "revenue": 49688856,
      "gross_profit": null,
      "operating_income": -382816,
      "net_income": 1989868,
      "opex": 51562814,
      "cogs": null,
      "rd": 569351,
      "sga": null,
      "fcf": -2144224,
      "ocf": -1384175,
      "capex": -760049,
      "gross_margin": null,
      "op_margin": -0.007704262702284794,
      "fcf_margin": -0.04315301604045785
    },
    {
      "date": "2021-06-30T00:00:00",
      "quarter_label": "2021-06 (Q2)",
      "revenue": 62185997,
      "gross_profit": null,
      "operating_income": -245345,
      "net_income": -3042567,
      "opex": 61927238,
      "cogs": null,
      "rd": 664882,
      "sga": null,
      "fcf": -1582860,
      "ocf": 238782,
      "capex": -1821642,
      "gross_margin": null,
      "op_margin": -0.003945341585501958,
      "fcf_margin": -0.02545364031069567,
      "op_leverage_ratio": 1.251247178381131,
      "fcf_margin_change": 0.017699375729762178
    },
    {
      "date": "2021-09-30T00:00:00",
      "quarter_label": "2021-09 (Q3)",
      "revenue": 85838988,
      "gross_profit": null,
      "operating_income": -348325,
      "net_income": 544487,
      "opex": 84319770,
      "cogs": null,
      "rd": 854618,
      "sga": null,
      "fcf": 7755169,
      "ocf": 7998394,
      "capex": -243225,
      "gross_margin": null,
      "op_margin": -0.004057888007719755,
      "fcf_margin": 0.09034553156661167,
      "op_leverage_ratio": 1.0518939858201481,
      "fcf_margin_change": 0.11579917187730734
    },
    {
      "date": "2021-12-31T00:00:00",
      "quarter_label": "2021-12 (Q4)",
      "revenue": 121324201,
      "gross_profit": null,
      "operating_income": 16333784,
      "net_income": 19687700,
      "opex": 105870919,
      "cogs": null,
      "rd": 1339284,
      "sga": null,
      "fcf": -10783914,
      "ocf": -8800421,
      "capex": -1983493,
      "gross_margin": null,
      "op_margin": 0.13462923196996782,
      "fcf_margin": -0.08888510215698844,
      "op_leverage_ratio": 1.6174162841133277,
      "fcf_margin_change": -0.1792306337236001
    },
    {
      "date": "2022-03-31T00:00:00",
      "quarter_label": "2022-03 (Q1)",
      "revenue": 117891552,
      "gross_profit": null,
      "operating_income": 10094565,
      "net_income": 9372437,
      "opex": 107796987,
      "cogs": null,
      "rd": 1141833,
      "sga": null,
      "fcf": 17662266,
      "ocf": 18264682,
      "capex": -602416,
      "gross_margin": null,
      "op_margin": 0.08562585553204016,
      "fcf_margin": 0.14981791061669966,
      "incr_op_margin_yoy": 0.15362121462177977,
      "rev_growth_yoy": 1.3725954165658392,
      "fcf_margin_change": 0.2387030127736881
    },
    {
      "date": "2022-06-30T00:00:00",
      "quarter_label": "2022-06 (Q2)",
      "revenue": 109519304,
      "gross_profit": null,
      "operating_income": 7457757,
      "net_income": 11755862,
      "opex": 102061547,
      "cogs": null,
      "rd": 1148320,
      "sga": null,
      "fcf": 11583056,
      "ocf": 11922295,
      "capex": -339239,
      "gross_margin": null,
      "op_margin": 0.06809536517872684,
      "fcf_margin": 0.10576268819239391,
      "incr_op_margin_yoy": 0.16274168208868228,
      "rev_growth_yoy": 0.7611570013101181,
      "rev_growth_yoy_accel": -0.6114384152557211,
      "fcf_margin_change": -0.04405522242430575
    },
    {
      "date": "2022-09-30T00:00:00",
      "quarter_label": "2022-09 (Q3)",
      "revenue": 104319894,
      "gross_profit": null,
      "operating_income": 4199190,
      "net_income": 2466486,
      "opex": 100120704,
      "cogs": null,
      "rd": 1373146,
      "sga": null,
      "fcf": 6368062,
      "ocf": 7420568,
      "capex": -1052506,
      "gross_margin": null,
      "op_margin": 0.04025301252702577,
      "fcf_margin": 0.061043601137094713,
      "incr_op_margin_yoy": 0.24606558791002994,
      "rev_growth_yoy": 0.2152973425082784,
      "rev_growth_yoy_accel": -0.5458596588018397,
      "fcf_margin_change": -0.0447190870552992
    },
    {
      "date": "2022-12-31T00:00:00",
      "quarter_label": "2022-12 (Q4)",
      "revenue": 108784996,
      "gross_profit": null,
      "operating_income": 80116,
      "net_income": 10989712,
      "opex": 108704880,
      "cogs": null,
      "rd": 1721554,
      "sga": null,
      "fcf": -9941717,
      "ocf": -8737644,
      "capex": -1204073,
      "gross_margin": null,
      "op_margin": 0.0007364618554566109,
      "fcf_margin": -0.09138867826956577,
      "incr_op_margin_yoy": 1.2962279506555638,
      "rev_growth_yoy": -0.10335287516132087,
      "rev_growth_yoy_accel": -0.3186502176695993,
      "op_leverage_ratio": 0.499217186746818,
      "fcf_margin_change": -0.1524322794066605
    },
    {
      "date": "2023-03-31T00:00:00",
      "quarter_label": "2023-03 (Q1)",
      "revenue": 113002703,
      "gross_profit": null,
      "operating_income": -6902587,
      "net_income": -3465670,
      "opex": 119905290,
      "cogs": null,
      "rd": 1863579,
      "sga": null,
      "fcf": -25094026,
      "ocf": -23117951,
      "capex": -1976075,
      "gross_margin": null,
      "op_margin": -0.06108337957190281,
      "fcf_margin": -0.2220657146581706,
      "incr_op_margin_yoy": 3.476718548680886,
      "rev_growth_yoy": -0.04146903588138359,
      "rev_growth_yoy_accel": 0.06188383927993728,
      "op_leverage_ratio": 0.37628986971700207,
      "fcf_margin_change": -0.13067703638860484
    },
    {
      "date": "2023-06-30T00:00:00",
      "quarter_label": "2023-06 (Q2)",
      "revenue": 125486760,
      "gross_profit": null,
      "operating_income": 1575954,
      "net_income": null,
      "opex": 123910806,
      "cogs": null,
      "rd": 2574389,
      "sga": null,
      "fcf": 9109588,
      "ocf": 10693169,
      "capex": -1583581,
      "gross_margin": null,
      "op_margin": 0.012558727311152188,
      "fcf_margin": 0.07259401708993045,
      "incr_op_margin_yoy": -0.36836193567716735,
      "rev_growth_yoy": 0.14579581331159666,
      "rev_growth_yoy_accel": 0.18726484919298025,
      "op_leverage_ratio": 3.307095862887146,
      "fcf_margin_change": 0.29465973174810106
    },
    {
      "date": "2023-09-30T00:00:00",
      "quarter_label": "2023-09 (Q3)",
      "revenue": 186552910,
      "gross_profit": null,
      "operating_income": 8707955,
      "net_income": null,
      "opex": 177844955,
      "cogs": null,
      "rd": 3235301,
      "sga": null,
      "fcf": -46679480,
      "ocf": -45878329,
      "capex": -801151,
      "gross_margin": null,
      "op_margin": 0.04667820512689939,
      "fcf_margin": -0.25022113029488524,
      "incr_op_margin_yoy": 0.05482913334955391,
      "rev_growth_yoy": 0.7882774114015109,
      "rev_growth_yoy_accel": 0.6424815980899142,
      "op_leverage_ratio": 1.1180159137063252,
      "fcf_margin_change": -0.3228151473848157
    },
    {
      "date": "2023-12-31T00:00:00",
      "quarter_label": "2023-12 (Q4)",
      "revenue": 199246269,
      "gross_profit": null,
      "operating_income": 11673658,
      "net_income": null,
      "opex": 187572611,
      "cogs": null,
      "rd": 3185455,
      "sga": null,
      "fcf": -9142521,
      "ocf": -5918767,
      "capex": -3223754,
      "gross_margin": null,
      "op_margin": 0.05858909207479313,
      "fcf_margin": -0.045885531738614385,
      "incr_op_margin_yoy": 0.1281602791506151,
      "rev_growth_yoy": 0.8315601997172478,
      "rev_growth_yoy_accel": 0.04328278831573695,
      "op_leverage_ratio": 1.2439641970119653,
      "fcf_margin_change": 0.20433559855627087
    },
    {
      "date": "2024-03-31T00:00:00",
      "quarter_label": "2024-03 (Q1)",
      "revenue": 192087529,
      "gross_profit": null,
      "operating_income": 15875367,
      "net_income": 11227449,
      "opex": 176212162,
      "cogs": null,
      "rd": 2388919,
      "sga": null,
      "fcf": -11591446,
      "ocf": -10639744,
      "capex": -951702,
      "gross_margin": null,
      "op_margin": 0.08264652620941362,
      "fcf_margin": -0.06034460467238349,
      "incr_op_margin_yoy": 0.28801927186385917,
      "rev_growth_yoy": 0.699848976178915,
      "rev_growth_yoy_accel": -0.13171122353833287,
      "fcf_margin_change": -0.014459072933769107
    },
    {
      "date": "2024-06-30T00:00:00",
      "quarter_label": "2024-06 (Q2)",
      "revenue": 164949716,
      "gross_profit": null,
      "operating_income": 10149149,
      "net_income": 6529603,
      "opex": 154800567,
      "cogs": null,
      "rd": 2368999,
      "sga": null,
      "fcf": 35853339,
      "ocf": 36887180,
      "capex": -1033841,
      "gross_margin": null,
      "op_margin": 0.06152874491763296,
      "fcf_margin": 0.2173592041831706,
      "incr_op_margin_yoy": 0.21724665025093406,
      "rev_growth_yoy": 0.3144790414542538,
      "rev_growth_yoy_accel": -0.38536993472466113,
      "fcf_margin_change": 0.27770380885555407
    },
    {
      "date": "2024-09-30T00:00:00",
      "quarter_label": "2024-09 (Q3)",
      "revenue": 138684814,
      "gross_profit": null,
      "operating_income": 10137397,
      "net_income": 5497901,
      "opex": 128547417,
      "cogs": null,
      "rd": 3145834,
      "sga": null,
      "fcf": 30247219,
      "ocf": 31149380,
      "capex": -902161,
      "gross_margin": null,
      "op_margin": 0.0730966621911466,
      "fcf_margin": 0.218100440326509,
      "incr_op_margin_yoy": -0.029862102724954844,
      "rev_growth_yoy": -0.2565925988503744,
      "rev_growth_yoy_accel": -0.5710716403046282,
      "fcf_margin_change": 0.0007412361433384029
    },
    {
      "date": "2024-12-31T00:00:00",
      "quarter_label": "2024-12 (Q4)",
      "revenue": 120833073,
      "gross_profit": null,
      "operating_income": -7473187,
      "net_income": null,
      "opex": 128306260,
      "cogs": null,
      "rd": 3685650,
      "sga": null,
      "fcf": 11993812,
      "ocf": 12940254,
      "capex": -946442,
      "gross_margin": null,
      "op_margin": -0.06184719807630813,
      "fcf_margin": 0.09925934764565658,
      "incr_op_margin_yoy": 0.24417886244555062,
      "rev_growth_yoy": -0.3935491308999116,
      "rev_growth_yoy_accel": -0.13695653204953723,
      "fcf_margin_change": -0.11884109268085241
    },
    {
      "date": "2025-03-31T00:00:00",
      "quarter_label": "2025-03 (Q1)",
      "revenue": 96033055,
      "gross_profit": null,
      "operating_income": -13997438,
      "net_income": -9405315,
      "opex": 110030493,
      "cogs": null,
      "rd": 3639444,
      "sga": null,
      "fcf": 8187103,
      "ocf": 9655467,
      "capex": -1468364,
      "gross_margin": null,
      "op_margin": -0.14575645854440433,
      "fcf_margin": 0.08525296836594441,
      "incr_op_margin_yoy": 0.31099857982669293,
      "rev_growth_yoy": -0.5000557532290396,
      "rev_growth_yoy_accel": -0.106506622329128,
      "fcf_margin_change": -0.01400637927971217
    },
    {
      "date": "2025-06-30T00:00:00",
      "quarter_label": "2025-06 (Q2)",
      "revenue": 80417622,
      "gross_profit": null,
      "operating_income": -17480244,
      "net_income": -11155246,
      "opex": 97897866,
      "cogs": null,
      "rd": 2957203,
      "sga": null,
      "fcf": 32902232,
      "ocf": 33604751,
      "capex": -702519,
      "gross_margin": null,
      "op_margin": -0.21736832755387867,
      "fcf_margin": 0.4091420659019238,
      "incr_op_margin_yoy": 0.32685092362671153,
      "rev_growth_yoy": -0.5124718977994481,
      "rev_growth_yoy_accel": -0.012416144570408516,
      "fcf_margin_change": 0.3238890975359794
    },
    {
      "date": "2025-09-30T00:00:00",
      "quarter_label": "2025-09 (Q3)",
      "revenue": 70809635,
      "gross_profit": null,
      "operating_income": -41976309,
      "net_income": -27768386,
      "opex": 112785944,
      "cogs": null,
      "rd": 3193480,
      "sga": null,
      "fcf": 782559,
      "ocf": 1658736,
      "capex": -876177,
      "gross_margin": null,
      "op_margin": -0.5928050469402928,
      "fcf_margin": 0.011051589236408295,
      "incr_op_margin_yoy": 0.7677873821887085,
      "rev_growth_yoy": -0.4894204133986869,
      "rev_growth_yoy_accel": 0.023051484400761213,
      "fcf_margin_change": -0.3980904766655155
    }
  ],
  "signals": [
    {
      "quarter": "2025-06 (Q2)",
      "signal": "FCF MARGIN EXPANSION",
      "detail": "FCF margin: +8.5% -> +40.9% (+32.4%)",
      "severity": "MEDIUM"
    },
    {
      "quarter": "2025-03 (Q1)",
      "signal": "YoY REVENUE GROWTH DECELERATION",
      "detail": "YoY growth: -50.0% vs prior quarter YoY: -39.4% (decel: -10.7%)",
      "severity": "WARNING"
    },
    {
      "quarter": "2024-12 (Q4)",
      "signal": "YoY REVENUE GROWTH DECELERATION",
      "detail": "YoY growth: -39.4% vs prior quarter YoY: -25.7% (decel: -13.7%)",
      "severity": "WARNING"
    },
    {
      "quarter": "2024-09 (Q3)",
      "signal": "YoY REVENUE GROWTH DECELERATION",
      "detail": "YoY growth: -25.7% vs prior quarter YoY: +31.4% (decel: -57.1%)",
      "severity": "WARNING"
    },
    {
      "quarter": "2024-06 (Q2)",
      "signal": "FCF TURNED POSITIVE",
      "detail": "FCF margin: -6.0% -> +21.7%",
      "severity": "HIGH"
    },
    {
      "quarter": "2024-06 (Q2)",
      "signal": "YoY REVENUE GROWTH DECELERATION",
      "detail": "YoY growth: +31.4% vs prior quarter YoY: +70.0% (decel: -38.5%)",
      "severity": "WARNING"
    },
    {
      "quarter": "2024-06 (Q2)",
      "signal": "INCREMENTAL MARGIN (YoY)",
      "detail": "YoY Incr OPM: +21.7% vs year-ago OPM: +1.3%",
      "severity": "HIGH"
    },
    {
      "quarter": "2024-03 (Q1)",
      "signal": "YoY REVENUE GROWTH DECELERATION",
      "detail": "YoY growth: +70.0% vs prior quarter YoY: +83.2% (decel: -13.2%)",
      "severity": "WARNING"
    },
    {
      "quarter": "2024-03 (Q1)",
      "signal": "OP MARGIN TURNED POSITIVE (YoY)",
      "detail": "Op margin: -6.1% (year-ago) -> +8.3%",
      "severity": "HIGH"
    },
    {
      "quarter": "2023-12 (Q4)",
      "signal": "FCF MARGIN EXPANSION",
      "detail": "FCF margin: -25.0% -> -4.6% (+20.4%)",
      "severity": "MEDIUM"
    },
    {
      "quarter": "2023-12 (Q4)",
      "signal": "INCREMENTAL MARGIN (YoY)",
      "detail": "YoY Incr OPM: +12.8% vs year-ago OPM: +0.1%",
      "severity": "MEDIUM"
    },
    {
      "quarter": "2023-09 (Q3)",
      "signal": "YoY REVENUE GROWTH ACCELERATION",
      "detail": "YoY growth: +78.8% vs prior quarter YoY: +14.6% (accel: +64.2%)",
      "severity": "HIGH"
    },
    {
      "quarter": "2023-06 (Q2)",
      "signal": "FCF TURNED POSITIVE",
      "detail": "FCF margin: -22.2% -> +7.3%",
      "severity": "HIGH"
    },
    {
      "quarter": "2023-06 (Q2)",
      "signal": "OPERATING LEVERAGE",
      "detail": "Rev growth +11.0% vs OpEx growth +3.3% (leverage: 3.3x)",
      "severity": "MEDIUM"
    },
    {
      "quarter": "2023-06 (Q2)",
      "signal": "YoY REVENUE GROWTH ACCELERATION",
      "detail": "YoY growth: +14.6% vs prior quarter YoY: -4.1% (accel: +18.7%)",
      "severity": "HIGH"
    },
    {
      "quarter": "2023-06 (Q2)",
      "signal": "OP MARGIN TURNED POSITIVE (QoQ)",
      "detail": "Op margin: -6.1% -> +1.3%",
      "severity": "HIGH"
    },
    {
      "quarter": "2023-03 (Q1)",
      "signal": "YoY REVENUE GROWTH ACCELERATION",
      "detail": "YoY growth: -4.1% vs prior quarter YoY: -10.3% (accel: +6.2%)",
      "severity": "MEDIUM"
    },
    {
      "quarter": "2022-12 (Q4)",
      "signal": "YoY REVENUE GROWTH DECELERATION",
      "detail": "YoY growth: -10.3% vs prior quarter YoY: +21.5% (decel: -31.9%)",
      "severity": "WARNING"
    },
    {
      "quarter": "2022-12 (Q4)",
      "signal": "INCREMENTAL MARGIN (YoY)",
      "detail": "YoY Incr OPM: +129.6% vs year-ago OPM: +13.5%",
      "severity": "HIGH"
    },
    {
      "quarter": "2022-09 (Q3)",
      "signal": "YoY REVENUE GROWTH DECELERATION",
      "detail": "YoY growth: +21.5% vs prior quarter YoY: +76.1% (decel: -54.6%)",
      "severity": "WARNING"
    },
    {
      "quarter": "2022-09 (Q3)",
      "signal": "OP MARGIN TURNED POSITIVE (YoY)",
      "detail": "Op margin: -0.4% (year-ago) -> +4.0%",
      "severity": "HIGH"
    },
    {
      "quarter": "2022-06 (Q2)",
      "signal": "YoY REVENUE GROWTH DECELERATION",
      "detail": "YoY growth: +76.1% vs prior quarter YoY: +137.3% (decel: -61.1%)",
      "severity": "WARNING"
    },
    {
      "quarter": "2022-06 (Q2)",
      "signal": "OP MARGIN TURNED POSITIVE (YoY)",
      "detail": "Op margin: -0.4% (year-ago) -> +6.8%",
      "severity": "HIGH"
    },
    {
      "quarter": "2022-03 (Q1)",
      "signal": "FCF TURNED POSITIVE",
      "detail": "FCF margin: -8.9% -> +15.0%",
      "severity": "HIGH"
    },
    {
      "quarter": "2022-03 (Q1)",
      "signal": "OP MARGIN TURNED POSITIVE (YoY)",
      "detail": "Op margin: -0.8% (year-ago) -> +8.6%",
      "severity": "HIGH"
    },
    {
      "quarter": "2021-12 (Q4)",
      "signal": "OPERATING LEVERAGE",
      "detail": "Rev growth +41.3% vs OpEx growth +25.6% (leverage: 1.6x)",
      "severity": "MEDIUM"
    },
    {
      "quarter": "2021-12 (Q4)",
      "signal": "OP MARGIN TURNED POSITIVE (QoQ)",
      "detail": "Op margin: -0.4% -> +13.5%",
      "severity": "HIGH"
    },
    {
      "quarter": "2021-09 (Q3)",
      "signal": "FCF TURNED POSITIVE",
      "detail": "FCF margin: -2.5% -> +9.0%",
      "severity": "HIGH"
    }
  ],
  "data_quality": {
    "n_quarters": 19,
    "coverage": {
      "revenue": [
        19,
        19
      ],
      "gross_profit": [
        0,
        19
      ],
      "op_income": [
        19,
        19
      ],
      "fcf": [
        19,
        19
      ]
    },
    "gaps": [],
    "warnings": [
      "gross_profit: no data"
    ]
  },
  "market_cap": null,
  "source": "SEC EDGAR",
  "last_updated": "2026-02-02T23:26:17.043679"
}