{
  "ticker": "DCOMP",
  "name": "DIME COMMUNITY BANCSHARES,\u00a0INC.",
  "quarters": [
    {
      "date": "2020-12-31T00:00:00",
      "quarter_label": "2020-12 (Q4)",
      "revenue": 1653000,
      "gross_profit": null,
      "operating_income": null,
      "net_income": 8977000,
      "opex": null,
      "cogs": null,
      "rd": null,
      "sga": null,
      "fcf": 10250000,
      "ocf": 11958000,
      "capex": -1708000,
      "gross_margin": null,
      "op_margin": null,
      "fcf_margin": 6.200846944948578
    },
    {
      "date": "2021-03-31T00:00:00",
      "quarter_label": "2021-03 (Q1)",
      "revenue": 2920000,
      "gross_profit": null,
      "operating_income": null,
      "net_income": -21034000,
      "opex": null,
      "cogs": null,
      "rd": null,
      "sga": null,
      "fcf": -8918000,
      "ocf": -8918000,
      "capex": null,
      "gross_margin": null,
      "op_margin": null,
      "fcf_margin": -3.054109589041096,
      "fcf_margin_change": -9.254956533989674
    },
    {
      "date": "2021-06-30T00:00:00",
      "quarter_label": "2021-06 (Q2)",
      "revenue": 3876000,
      "gross_profit": null,
      "operating_income": null,
      "net_income": 51278000,
      "opex": null,
      "cogs": null,
      "rd": null,
      "sga": null,
      "fcf": 66639000,
      "ocf": 66639000,
      "capex": null,
      "gross_margin": null,
      "op_margin": null,
      "fcf_margin": 17.192724458204335,
      "fcf_margin_change": 20.246834047245432
    },
    {
      "date": "2021-09-30T00:00:00",
      "quarter_label": "2021-09 (Q3)",
      "revenue": 4581000,
      "gross_profit": null,
      "operating_income": null,
      "net_income": 38395000,
      "opex": null,
      "cogs": null,
      "rd": null,
      "sga": null,
      "fcf": 101562000,
      "ocf": 101562000,
      "capex": null,
      "gross_margin": null,
      "op_margin": null,
      "fcf_margin": 22.17026850032744,
      "fcf_margin_change": 4.977544042123103
    },
    {
      "date": "2021-12-31T00:00:00",
      "quarter_label": "2021-12 (Q4)",
      "revenue": 4621000,
      "gross_profit": null,
      "operating_income": null,
      "net_income": 35357000,
      "opex": null,
      "cogs": null,
      "rd": null,
      "sga": null,
      "fcf": -12956000,
      "ocf": -12956000,
      "capex": null,
      "gross_margin": null,
      "op_margin": null,
      "fcf_margin": -2.803722138065354,
      "rev_growth_yoy": 1.7955232909860859,
      "fcf_margin_change": -24.97399063839279
    },
    {
      "date": "2022-03-31T00:00:00",
      "quarter_label": "2022-03 (Q1)",
      "revenue": 4058000,
      "gross_profit": null,
      "operating_income": null,
      "net_income": 34531000,
      "opex": null,
      "cogs": null,
      "rd": null,
      "sga": null,
      "fcf": 79623000,
      "ocf": 79623000,
      "capex": null,
      "gross_margin": null,
      "op_margin": null,
      "fcf_margin": 19.621241991128635,
      "rev_growth_yoy": 0.38972602739726026,
      "rev_growth_yoy_accel": -1.4057972635888256,
      "fcf_margin_change": 22.424964129193988
    },
    {
      "date": "2022-06-30T00:00:00",
      "quarter_label": "2022-06 (Q2)",
      "revenue": 4337000,
      "gross_profit": null,
      "operating_income": null,
      "net_income": 38485000,
      "opex": null,
      "cogs": null,
      "rd": null,
      "sga": null,
      "fcf": 67786000,
      "ocf": 67786000,
      "capex": null,
      "gross_margin": null,
      "op_margin": null,
      "fcf_margin": 15.629697947890246,
      "rev_growth_yoy": 0.11893704850361198,
      "rev_growth_yoy_accel": -0.2707889788936483,
      "fcf_margin_change": -3.991544043238388
    },
    {
      "date": "2022-09-30T00:00:00",
      "quarter_label": "2022-09 (Q3)",
      "revenue": 3866000,
      "gross_profit": null,
      "operating_income": null,
      "net_income": 39481000,
      "opex": null,
      "cogs": null,
      "rd": null,
      "sga": null,
      "fcf": 100042000,
      "ocf": 100042000,
      "capex": null,
      "gross_margin": null,
      "op_margin": null,
      "fcf_margin": 25.877392653905847,
      "rev_growth_yoy": -0.15607945863348613,
      "rev_growth_yoy_accel": -0.27501650713709813,
      "fcf_margin_change": 10.2476947060156
    },
    {
      "date": "2022-12-31T00:00:00",
      "quarter_label": "2022-12 (Q4)",
      "revenue": 3945000,
      "gross_profit": null,
      "operating_income": null,
      "net_income": 40059000,
      "opex": null,
      "cogs": null,
      "rd": null,
      "sga": null,
      "fcf": 47721000,
      "ocf": 47721000,
      "capex": null,
      "gross_margin": null,
      "op_margin": null,
      "fcf_margin": 12.096577946768061,
      "rev_growth_yoy": -0.14628868210344081,
      "rev_growth_yoy_accel": 0.009790776530045314,
      "fcf_margin_change": -13.780814707137786
    },
    {
      "date": "2023-03-31T00:00:00",
      "quarter_label": "2023-03 (Q1)",
      "revenue": 3814000,
      "gross_profit": null,
      "operating_income": null,
      "net_income": 37303000,
      "opex": null,
      "cogs": null,
      "rd": null,
      "sga": null,
      "fcf": 13417000,
      "ocf": 13417000,
      "capex": null,
      "gross_margin": null,
      "op_margin": null,
      "fcf_margin": 3.5178290508652332,
      "rev_growth_yoy": -0.06012814194184327,
      "rev_growth_yoy_accel": 0.08616054016159755,
      "fcf_margin_change": -8.578748895902828
    },
    {
      "date": "2023-06-30T00:00:00",
      "quarter_label": "2023-06 (Q2)",
      "revenue": 4856000,
      "gross_profit": null,
      "operating_income": null,
      "net_income": 27498000,
      "opex": null,
      "cogs": null,
      "rd": null,
      "sga": null,
      "fcf": 31195000,
      "ocf": 31195000,
      "capex": null,
      "gross_margin": null,
      "op_margin": null,
      "fcf_margin": 6.424011532125206,
      "rev_growth_yoy": 0.11966797325340096,
      "rev_growth_yoy_accel": 0.17979611519524424,
      "fcf_margin_change": 2.906182481259973
    },
    {
      "date": "2023-09-30T00:00:00",
      "quarter_label": "2023-09 (Q3)",
      "revenue": 3963000,
      "gross_profit": null,
      "operating_income": null,
      "net_income": 14985000,
      "opex": null,
      "cogs": null,
      "rd": null,
      "sga": null,
      "fcf": 86304000,
      "ocf": 86304000,
      "capex": null,
      "gross_margin": null,
      "op_margin": null,
      "fcf_margin": 21.777441332323995,
      "rev_growth_yoy": 0.025090532850491464,
      "rev_growth_yoy_accel": -0.0945774404029095,
      "fcf_margin_change": 15.35342980019879
    },
    {
      "date": "2023-12-31T00:00:00",
      "quarter_label": "2023-12 (Q4)",
      "revenue": 3804000,
      "gross_profit": null,
      "operating_income": null,
      "net_income": 16308000,
      "opex": null,
      "cogs": null,
      "rd": null,
      "sga": null,
      "fcf": -40042000,
      "ocf": -40042000,
      "capex": null,
      "gross_margin": null,
      "op_margin": null,
      "fcf_margin": -10.526288117770768,
      "rev_growth_yoy": -0.03574144486692015,
      "rev_growth_yoy_accel": -0.06083197771741161,
      "fcf_margin_change": -32.303729450094764
    },
    {
      "date": "2024-03-31T00:00:00",
      "quarter_label": "2024-03 (Q1)",
      "revenue": 4544000,
      "gross_profit": null,
      "operating_income": null,
      "net_income": 17691000,
      "opex": null,
      "cogs": null,
      "rd": null,
      "sga": null,
      "fcf": 30737000,
      "ocf": 30737000,
      "capex": null,
      "gross_margin": null,
      "op_margin": null,
      "fcf_margin": 6.764304577464789,
      "rev_growth_yoy": 0.19140010487676978,
      "rev_growth_yoy_accel": 0.22714154974368994,
      "fcf_margin_change": 17.290592695235556
    },
    {
      "date": "2024-06-30T00:00:00",
      "quarter_label": "2024-06 (Q2)",
      "revenue": 3972000,
      "gross_profit": null,
      "operating_income": null,
      "net_income": 18479000,
      "opex": null,
      "cogs": null,
      "rd": null,
      "sga": null,
      "fcf": 12621000,
      "ocf": 12621000,
      "capex": null,
      "gross_margin": null,
      "op_margin": null,
      "fcf_margin": 3.1774924471299095,
      "rev_growth_yoy": -0.18204283360790774,
      "rev_growth_yoy_accel": -0.3734429384846775,
      "fcf_margin_change": -3.5868121303348794
    },
    {
      "date": "2024-09-30T00:00:00",
      "quarter_label": "2024-09 (Q3)",
      "revenue": 4267000,
      "gross_profit": null,
      "operating_income": null,
      "net_income": 13327000,
      "opex": null,
      "cogs": null,
      "rd": null,
      "sga": null,
      "fcf": -33317000,
      "ocf": -33317000,
      "capex": null,
      "gross_margin": null,
      "op_margin": null,
      "fcf_margin": -7.8080618701663935,
      "rev_growth_yoy": 0.07670956346202372,
      "rev_growth_yoy_accel": 0.2587523970699315,
      "fcf_margin_change": -10.985554317296303
    },
    {
      "date": "2024-12-31T00:00:00",
      "quarter_label": "2024-12 (Q4)",
      "revenue": 3942000,
      "gross_profit": null,
      "operating_income": null,
      "net_income": -20413000,
      "opex": null,
      "cogs": null,
      "rd": null,
      "sga": null,
      "fcf": 89015000,
      "ocf": 89015000,
      "capex": null,
      "gross_margin": null,
      "op_margin": null,
      "fcf_margin": 22.58117706747844,
      "rev_growth_yoy": 0.03627760252365931,
      "rev_growth_yoy_accel": -0.04043196093836441,
      "fcf_margin_change": 30.389238937644834
    },
    {
      "date": "2025-03-31T00:00:00",
      "quarter_label": "2025-03 (Q1)",
      "revenue": 4643000,
      "gross_profit": null,
      "operating_income": null,
      "net_income": 21458000,
      "opex": null,
      "cogs": null,
      "rd": null,
      "sga": null,
      "fcf": 65420000,
      "ocf": 65420000,
      "capex": null,
      "gross_margin": null,
      "op_margin": null,
      "fcf_margin": 14.090027999138488,
      "rev_growth_yoy": 0.021786971830985914,
      "rev_growth_yoy_accel": -0.014490630692673395,
      "fcf_margin_change": -8.49114906833995
    },
    {
      "date": "2025-06-30T00:00:00",
      "quarter_label": "2025-06 (Q2)",
      "revenue": 4642000,
      "gross_profit": null,
      "operating_income": null,
      "net_income": 29697000,
      "opex": null,
      "cogs": null,
      "rd": null,
      "sga": null,
      "fcf": 23063000,
      "ocf": 23063000,
      "capex": null,
      "gross_margin": null,
      "op_margin": null,
      "fcf_margin": 4.968332615252047,
      "rev_growth_yoy": 0.1686807653575025,
      "rev_growth_yoy_accel": 0.1468937935265166,
      "fcf_margin_change": -9.121695383886442
    },
    {
      "date": "2025-09-30T00:00:00",
      "quarter_label": "2025-09 (Q3)",
      "revenue": 5209000,
      "gross_profit": null,
      "operating_income": null,
      "net_income": 27671000,
      "opex": null,
      "cogs": null,
      "rd": null,
      "sga": null,
      "fcf": 52094000,
      "ocf": 52094000,
      "capex": null,
      "gross_margin": null,
      "op_margin": null,
      "fcf_margin": 10.000767901708581,
      "rev_growth_yoy": 0.22076400281228029,
      "rev_growth_yoy_accel": 0.052083237454777775,
      "fcf_margin_change": 5.0324352864565345
    }
  ],
  "signals": [
    {
      "quarter": "2025-09 (Q3)",
      "signal": "FCF MARGIN EXPANSION",
      "detail": "FCF margin: +496.8% -> +1000.1% (+503.2%)",
      "severity": "MEDIUM"
    },
    {
      "quarter": "2025-09 (Q3)",
      "signal": "YoY REVENUE GROWTH ACCELERATION",
      "detail": "YoY growth: +22.1% vs prior quarter YoY: +16.9% (accel: +5.2%)",
      "severity": "MEDIUM"
    },
    {
      "quarter": "2025-06 (Q2)",
      "signal": "YoY REVENUE GROWTH ACCELERATION",
      "detail": "YoY growth: +16.9% vs prior quarter YoY: +2.2% (accel: +14.7%)",
      "severity": "MEDIUM"
    },
    {
      "quarter": "2024-12 (Q4)",
      "signal": "FCF TURNED POSITIVE",
      "detail": "FCF margin: -780.8% -> +2258.1%",
      "severity": "HIGH"
    },
    {
      "quarter": "2024-09 (Q3)",
      "signal": "YoY REVENUE GROWTH ACCELERATION",
      "detail": "YoY growth: +7.7% vs prior quarter YoY: -18.2% (accel: +25.9%)",
      "severity": "HIGH"
    },
    {
      "quarter": "2024-06 (Q2)",
      "signal": "YoY REVENUE GROWTH DECELERATION",
      "detail": "YoY growth: -18.2% vs prior quarter YoY: +19.1% (decel: -37.3%)",
      "severity": "WARNING"
    },
    {
      "quarter": "2024-03 (Q1)",
      "signal": "FCF TURNED POSITIVE",
      "detail": "FCF margin: -1052.6% -> +676.4%",
      "severity": "HIGH"
    },
    {
      "quarter": "2024-03 (Q1)",
      "signal": "YoY REVENUE GROWTH ACCELERATION",
      "detail": "YoY growth: +19.1% vs prior quarter YoY: -3.6% (accel: +22.7%)",
      "severity": "HIGH"
    },
    {
      "quarter": "2023-12 (Q4)",
      "signal": "YoY REVENUE GROWTH DECELERATION",
      "detail": "YoY growth: -3.6% vs prior quarter YoY: +2.5% (decel: -6.1%)",
      "severity": "WARNING"
    },
    {
      "quarter": "2023-09 (Q3)",
      "signal": "FCF MARGIN EXPANSION",
      "detail": "FCF margin: +642.4% -> +2177.7% (+1535.3%)",
      "severity": "MEDIUM"
    },
    {
      "quarter": "2023-09 (Q3)",
      "signal": "YoY REVENUE GROWTH DECELERATION",
      "detail": "YoY growth: +2.5% vs prior quarter YoY: +12.0% (decel: -9.5%)",
      "severity": "WARNING"
    },
    {
      "quarter": "2023-06 (Q2)",
      "signal": "FCF MARGIN EXPANSION",
      "detail": "FCF margin: +351.8% -> +642.4% (+290.6%)",
      "severity": "MEDIUM"
    },
    {
      "quarter": "2023-06 (Q2)",
      "signal": "YoY REVENUE GROWTH ACCELERATION",
      "detail": "YoY growth: +12.0% vs prior quarter YoY: -6.0% (accel: +18.0%)",
      "severity": "HIGH"
    },
    {
      "quarter": "2023-03 (Q1)",
      "signal": "YoY REVENUE GROWTH ACCELERATION",
      "detail": "YoY growth: -6.0% vs prior quarter YoY: -14.6% (accel: +8.6%)",
      "severity": "MEDIUM"
    },
    {
      "quarter": "2022-09 (Q3)",
      "signal": "FCF MARGIN EXPANSION",
      "detail": "FCF margin: +1563.0% -> +2587.7% (+1024.8%)",
      "severity": "MEDIUM"
    },
    {
      "quarter": "2022-09 (Q3)",
      "signal": "YoY REVENUE GROWTH DECELERATION",
      "detail": "YoY growth: -15.6% vs prior quarter YoY: +11.9% (decel: -27.5%)",
      "severity": "WARNING"
    },
    {
      "quarter": "2022-06 (Q2)",
      "signal": "YoY REVENUE GROWTH DECELERATION",
      "detail": "YoY growth: +11.9% vs prior quarter YoY: +39.0% (decel: -27.1%)",
      "severity": "WARNING"
    },
    {
      "quarter": "2022-03 (Q1)",
      "signal": "FCF TURNED POSITIVE",
      "detail": "FCF margin: -280.4% -> +1962.1%",
      "severity": "HIGH"
    },
    {
      "quarter": "2022-03 (Q1)",
      "signal": "YoY REVENUE GROWTH DECELERATION",
      "detail": "YoY growth: +39.0% vs prior quarter YoY: +179.6% (decel: -140.6%)",
      "severity": "WARNING"
    },
    {
      "quarter": "2021-09 (Q3)",
      "signal": "FCF MARGIN EXPANSION",
      "detail": "FCF margin: +1719.3% -> +2217.0% (+497.8%)",
      "severity": "MEDIUM"
    },
    {
      "quarter": "2021-06 (Q2)",
      "signal": "FCF TURNED POSITIVE",
      "detail": "FCF margin: -305.4% -> +1719.3%",
      "severity": "HIGH"
    }
  ],
  "data_quality": {
    "n_quarters": 20,
    "coverage": {
      "revenue": [
        20,
        20
      ],
      "gross_profit": [
        0,
        20
      ],
      "op_income": [
        0,
        20
      ],
      "fcf": [
        20,
        20
      ]
    },
    "gaps": [],
    "warnings": [
      "gross_profit: no data",
      "op_income: no data"
    ]
  },
  "market_cap": null,
  "source": "SEC EDGAR",
  "last_updated": "2026-02-03T01:07:40.043637"
}