{
  "ticker": "DCTH",
  "name": "DELCATH SYSTEMS, INC.",
  "quarters": [
    {
      "date": "2017-09-30T00:00:00",
      "quarter_label": "2017-09 (Q3)",
      "revenue": 684000,
      "gross_profit": null,
      "operating_income": null,
      "net_income": null,
      "opex": null,
      "cogs": null,
      "rd": null,
      "sga": null,
      "fcf": null,
      "ocf": null,
      "capex": null,
      "gross_margin": null,
      "op_margin": null,
      "fcf_margin": null
    },
    {
      "date": "2017-12-31T00:00:00",
      "quarter_label": "2017-12 (Q4)",
      "revenue": 704000,
      "gross_profit": null,
      "operating_income": null,
      "net_income": null,
      "opex": null,
      "cogs": null,
      "rd": null,
      "sga": null,
      "fcf": null,
      "ocf": null,
      "capex": null,
      "gross_margin": null,
      "op_margin": null,
      "fcf_margin": null
    },
    {
      "date": "2018-03-31T00:00:00",
      "quarter_label": "2018-03 (Q1)",
      "revenue": 702000,
      "gross_profit": null,
      "operating_income": null,
      "net_income": null,
      "opex": null,
      "cogs": null,
      "rd": null,
      "sga": null,
      "fcf": null,
      "ocf": null,
      "capex": null,
      "gross_margin": null,
      "op_margin": null,
      "fcf_margin": null
    },
    {
      "date": "2018-06-30T00:00:00",
      "quarter_label": "2018-06 (Q2)",
      "revenue": 858000,
      "gross_profit": null,
      "operating_income": null,
      "net_income": null,
      "opex": null,
      "cogs": null,
      "rd": null,
      "sga": null,
      "fcf": null,
      "ocf": null,
      "capex": null,
      "gross_margin": null,
      "op_margin": null,
      "fcf_margin": null
    },
    {
      "date": "2018-09-30T00:00:00",
      "quarter_label": "2018-09 (Q3)",
      "revenue": 824000,
      "gross_profit": null,
      "operating_income": null,
      "net_income": null,
      "opex": null,
      "cogs": null,
      "rd": null,
      "sga": null,
      "fcf": null,
      "ocf": null,
      "capex": null,
      "gross_margin": null,
      "op_margin": null,
      "fcf_margin": null,
      "rev_growth_yoy": 0.2046783625730994
    },
    {
      "date": "2022-03-31T00:00:00",
      "quarter_label": "2022-03 (Q1)",
      "revenue": 378000,
      "gross_profit": 345000,
      "operating_income": -7543000,
      "net_income": -8203000,
      "opex": 7888000,
      "cogs": 33000,
      "rd": 4240000,
      "sga": 3648000,
      "fcf": -6464000,
      "ocf": -6375000,
      "capex": -89000,
      "gross_margin": 0.9126984126984127,
      "op_margin": -19.955026455026456,
      "fcf_margin": -17.1005291005291
    },
    {
      "date": "2022-06-30T00:00:00",
      "quarter_label": "2022-06 (Q2)",
      "revenue": 797000,
      "gross_profit": 617000,
      "operating_income": -8984000,
      "net_income": -9657000,
      "opex": 9601000,
      "cogs": 180000,
      "rd": 5456000,
      "sga": 4145000,
      "fcf": -6089000,
      "ocf": -6037000,
      "capex": -52000,
      "gross_margin": 0.7741530740276035,
      "op_margin": -11.272271016311167,
      "fcf_margin": -7.639899623588457,
      "op_leverage_ratio": 5.1042479390407,
      "fcf_margin_change": 9.460629476940644
    },
    {
      "date": "2022-09-30T00:00:00",
      "quarter_label": "2022-09 (Q3)",
      "revenue": 906000,
      "gross_profit": 671000,
      "operating_income": -7801000,
      "net_income": -8505000,
      "opex": 8472000,
      "cogs": 235000,
      "rd": 3953000,
      "sga": 4519000,
      "fcf": -5247000,
      "ocf": -5179000,
      "capex": -68000,
      "gross_margin": 0.7406181015452539,
      "op_margin": -8.610375275938189,
      "fcf_margin": -5.791390728476821,
      "op_leverage_ratio": Infinity,
      "fcf_margin_change": 1.8485088951116362
    },
    {
      "date": "2022-12-31T00:00:00",
      "quarter_label": "2022-12 (Q4)",
      "revenue": 639000,
      "gross_profit": 402000,
      "operating_income": -9526000,
      "net_income": -10143000,
      "opex": 9928000,
      "cogs": 237000,
      "rd": 4934000,
      "sga": 4994000,
      "fcf": -7359000,
      "ocf": -7359000,
      "capex": null,
      "gross_margin": 0.6291079812206573,
      "op_margin": -14.907668231611893,
      "fcf_margin": -11.51643192488263,
      "fcf_margin_change": -5.725041196405809
    },
    {
      "date": "2023-03-31T00:00:00",
      "quarter_label": "2023-03 (Q1)",
      "revenue": 597000,
      "gross_profit": 416000,
      "operating_income": -8325000,
      "net_income": -9000000,
      "opex": 8741000,
      "cogs": 181000,
      "rd": 4576000,
      "sga": 4165000,
      "fcf": -4264000,
      "ocf": -4264000,
      "capex": null,
      "gross_margin": 0.6968174204355109,
      "op_margin": -13.944723618090451,
      "fcf_margin": -7.142378559463987,
      "rev_growth_yoy": 0.5793650793650794,
      "fcf_margin_change": 4.374053365418643
    },
    {
      "date": "2023-06-30T00:00:00",
      "quarter_label": "2023-06 (Q2)",
      "revenue": 495000,
      "gross_profit": 345000,
      "operating_income": -7997000,
      "net_income": -7202000,
      "opex": 8342000,
      "cogs": 150000,
      "rd": 3555000,
      "sga": 4787000,
      "fcf": -9688000,
      "ocf": -9648000,
      "capex": -40000,
      "gross_margin": 0.696969696969697,
      "op_margin": -16.155555555555555,
      "fcf_margin": -19.57171717171717,
      "rev_growth_yoy": -0.37892095357590966,
      "rev_growth_yoy_accel": -0.958286032940989,
      "fcf_margin_change": -12.429338612253185
    },
    {
      "date": "2023-09-30T00:00:00",
      "quarter_label": "2023-09 (Q3)",
      "revenue": 434000,
      "gross_profit": 301000,
      "operating_income": -10556000,
      "net_income": -20340000,
      "opex": 10857000,
      "cogs": 133000,
      "rd": 4662000,
      "sga": 6195000,
      "fcf": -9160000,
      "ocf": -9161000,
      "capex": 1000,
      "gross_margin": 0.6935483870967742,
      "op_margin": -24.322580645161292,
      "fcf_margin": -21.10599078341014,
      "rev_growth_yoy": -0.5209713024282561,
      "rev_growth_yoy_accel": -0.1420503488523464,
      "fcf_margin_change": -1.5342736116929672
    },
    {
      "date": "2023-12-31T00:00:00",
      "quarter_label": "2023-12 (Q4)",
      "revenue": 539000,
      "gross_profit": 368000,
      "operating_income": -11304000,
      "net_income": -11136000,
      "opex": 11672000,
      "cogs": 171000,
      "rd": 4709000,
      "sga": 6963000,
      "fcf": -8197000,
      "ocf": -8178000,
      "capex": -19000,
      "gross_margin": 0.6827458256029685,
      "op_margin": -20.9721706864564,
      "fcf_margin": -15.207792207792208,
      "rev_growth_yoy": -0.1564945226917058,
      "rev_growth_yoy_accel": 0.36447677973655024,
      "op_leverage_ratio": 3.2229368691866216,
      "fcf_margin_change": 5.898198575617931
    },
    {
      "date": "2024-03-31T00:00:00",
      "quarter_label": "2024-03 (Q1)",
      "revenue": 3139000,
      "gross_profit": 2236000,
      "operating_income": -10278000,
      "net_income": -11111000,
      "opex": 12514000,
      "cogs": 903000,
      "rd": 3700000,
      "sga": 8814000,
      "fcf": -9597000,
      "ocf": -9584000,
      "capex": -13000,
      "gross_margin": 0.7123287671232876,
      "op_margin": -3.2742911755336093,
      "fcf_margin": -3.0573431028990123,
      "incr_op_margin_yoy": -0.7682926829268293,
      "rev_growth_yoy": 4.257956448911223,
      "rev_growth_yoy_accel": 4.414450971602928,
      "op_leverage_ratio": 66.86791322013582,
      "fcf_margin_change": 12.150449104893195
    },
    {
      "date": "2024-06-30T00:00:00",
      "quarter_label": "2024-06 (Q2)",
      "revenue": 7766000,
      "gross_profit": 6247000,
      "operating_income": -3912000,
      "net_income": -13741000,
      "opex": 10159000,
      "cogs": 1519000,
      "rd": 3394000,
      "sga": 6765000,
      "fcf": -4552000,
      "ocf": -4451000,
      "capex": -101000,
      "gross_margin": 0.8044038114859645,
      "op_margin": -0.5037342261138296,
      "fcf_margin": -0.5861447334535154,
      "incr_op_margin_yoy": 0.5618209324714619,
      "rev_growth_yoy": 14.688888888888888,
      "rev_growth_yoy_accel": 10.430932439977665,
      "op_leverage_ratio": Infinity,
      "fcf_margin_change": 2.471198369445497
    },
    {
      "date": "2024-09-30T00:00:00",
      "quarter_label": "2024-09 (Q3)",
      "revenue": 11200000,
      "gross_profit": 9560000,
      "operating_income": -1259000,
      "net_income": 1864000,
      "opex": 10819000,
      "cogs": 1640000,
      "rd": 3866000,
      "sga": 6953000,
      "fcf": -3856000,
      "ocf": -3640000,
      "capex": -216000,
      "gross_margin": 0.8535714285714285,
      "op_margin": -0.11241071428571428,
      "fcf_margin": -0.3442857142857143,
      "incr_op_margin_yoy": 0.8635519227196731,
      "rev_growth_yoy": 24.806451612903224,
      "rev_growth_yoy_accel": 10.117562724014336,
      "op_leverage_ratio": 6.806281850178322,
      "fcf_margin_change": 0.24185901916780106
    },
    {
      "date": "2024-12-31T00:00:00",
      "quarter_label": "2024-12 (Q4)",
      "revenue": 15100000,
      "gross_profit": 12974000,
      "operating_income": 3039000,
      "net_income": -3398000,
      "opex": 9935000,
      "cogs": 2126000,
      "rd": 2914000,
      "sga": 7021000,
      "fcf": -1235000,
      "ocf": -1006000,
      "capex": -229000,
      "gross_margin": 0.8592052980132451,
      "op_margin": 0.20125827814569536,
      "fcf_margin": -0.08178807947019867,
      "incr_op_margin_yoy": 0.9850285007897809,
      "rev_growth_yoy": 27.014842300556587,
      "rev_growth_yoy_accel": 2.208390687653363,
      "op_leverage_ratio": Infinity,
      "fcf_margin_change": 0.26249763481551563
    },
    {
      "date": "2025-03-31T00:00:00",
      "quarter_label": "2025-03 (Q1)",
      "revenue": 19784000,
      "gross_profit": 16939000,
      "operating_income": 642000,
      "net_income": 1069000,
      "opex": 16297000,
      "cogs": 2845000,
      "rd": 5007000,
      "sga": 11290000,
      "fcf": 2063000,
      "ocf": 2203000,
      "capex": -140000,
      "gross_margin": 0.8561969268095431,
      "op_margin": 0.032450465022240194,
      "fcf_margin": 0.10427618277395875,
      "incr_op_margin_yoy": 0.6560528687293482,
      "rev_growth_yoy": 5.302644154189232,
      "rev_growth_yoy_accel": -21.712198146367356,
      "op_leverage_ratio": 0.4844111664664575,
      "fcf_margin_change": 0.18606426224415742
    },
    {
      "date": "2025-06-30T00:00:00",
      "quarter_label": "2025-06 (Q2)",
      "revenue": 24156000,
      "gross_profit": 20838000,
      "operating_income": 2590000,
      "net_income": 2697000,
      "opex": 18248000,
      "cogs": 3318000,
      "rd": 6882000,
      "sga": 11366000,
      "fcf": 6895000,
      "ocf": 7293000,
      "capex": -398000,
      "gross_margin": 0.8626428216592151,
      "op_margin": 0.10721973836727935,
      "fcf_margin": 0.28543633051829775,
      "incr_op_margin_yoy": 0.3967053081147041,
      "rev_growth_yoy": 2.1104815864022664,
      "rev_growth_yoy_accel": -3.1921625677869656,
      "op_leverage_ratio": 1.8459351773111676,
      "fcf_margin_change": 0.181160147744339
    },
    {
      "date": "2025-09-30T00:00:00",
      "quarter_label": "2025-09 (Q3)",
      "revenue": 20563000,
      "gross_profit": 17939000,
      "operating_income": -388000,
      "net_income": 830000,
      "opex": 18327000,
      "cogs": 2624000,
      "rd": 7986000,
      "sga": 10341000,
      "fcf": 4313000,
      "ocf": 4772000,
      "capex": -459000,
      "gross_margin": 0.872392160676944,
      "op_margin": -0.018868842095025044,
      "fcf_margin": 0.20974565968000777,
      "incr_op_margin_yoy": 0.09302573961337178,
      "rev_growth_yoy": 0.8359821428571429,
      "rev_growth_yoy_accel": -1.2744994435451233,
      "fcf_margin_change": -0.07569067083828998
    }
  ],
  "signals": [
    {
      "quarter": "2025-09 (Q3)",
      "signal": "YoY REVENUE GROWTH DECELERATION",
      "detail": "YoY growth: +83.6% vs prior quarter YoY: +211.0% (decel: -127.4%)",
      "severity": "WARNING"
    },
    {
      "quarter": "2025-06 (Q2)",
      "signal": "FCF MARGIN EXPANSION",
      "detail": "FCF margin: +10.4% -> +28.5% (+18.1%)",
      "severity": "MEDIUM"
    },
    {
      "quarter": "2025-06 (Q2)",
      "signal": "OPERATING LEVERAGE",
      "detail": "Rev growth +22.1% vs OpEx growth +12.0% (leverage: 1.8x)",
      "severity": "MEDIUM"
    },
    {
      "quarter": "2025-06 (Q2)",
      "signal": "YoY REVENUE GROWTH DECELERATION",
      "detail": "YoY growth: +211.0% vs prior quarter YoY: +530.3% (decel: -319.2%)",
      "severity": "WARNING"
    },
    {
      "quarter": "2025-06 (Q2)",
      "signal": "OP MARGIN TURNED POSITIVE (YoY)",
      "detail": "Op margin: -50.4% (year-ago) -> +10.7%",
      "severity": "HIGH"
    },
    {
      "quarter": "2025-03 (Q1)",
      "signal": "FCF TURNED POSITIVE",
      "detail": "FCF margin: -8.2% -> +10.4%",
      "severity": "HIGH"
    },
    {
      "quarter": "2025-03 (Q1)",
      "signal": "YoY REVENUE GROWTH DECELERATION",
      "detail": "YoY growth: +530.3% vs prior quarter YoY: +2701.5% (decel: -2171.2%)",
      "severity": "WARNING"
    },
    {
      "quarter": "2025-03 (Q1)",
      "signal": "OP MARGIN TURNED POSITIVE (YoY)",
      "detail": "Op margin: -327.4% (year-ago) -> +3.2%",
      "severity": "HIGH"
    },
    {
      "quarter": "2024-12 (Q4)",
      "signal": "FCF MARGIN EXPANSION",
      "detail": "FCF margin: -34.4% -> -8.2% (+26.2%)",
      "severity": "MEDIUM"
    },
    {
      "quarter": "2024-12 (Q4)",
      "signal": "YoY REVENUE GROWTH ACCELERATION",
      "detail": "YoY growth: +2701.5% vs prior quarter YoY: +2480.6% (accel: +220.8%)",
      "severity": "HIGH"
    },
    {
      "quarter": "2024-12 (Q4)",
      "signal": "OP MARGIN TURNED POSITIVE (YoY)",
      "detail": "Op margin: -2097.2% (year-ago) -> +20.1%",
      "severity": "HIGH"
    },
    {
      "quarter": "2024-12 (Q4)",
      "signal": "OP MARGIN TURNED POSITIVE (QoQ)",
      "detail": "Op margin: -11.2% -> +20.1%",
      "severity": "HIGH"
    },
    {
      "quarter": "2024-09 (Q3)",
      "signal": "FCF MARGIN EXPANSION",
      "detail": "FCF margin: -58.6% -> -34.4% (+24.2%)",
      "severity": "MEDIUM"
    },
    {
      "quarter": "2024-09 (Q3)",
      "signal": "OPERATING LEVERAGE",
      "detail": "Rev growth +44.2% vs OpEx growth +6.5% (leverage: 6.8x)",
      "severity": "MEDIUM"
    },
    {
      "quarter": "2024-09 (Q3)",
      "signal": "YoY REVENUE GROWTH ACCELERATION",
      "detail": "YoY growth: +2480.6% vs prior quarter YoY: +1468.9% (accel: +1011.8%)",
      "severity": "HIGH"
    },
    {
      "quarter": "2024-06 (Q2)",
      "signal": "FCF MARGIN EXPANSION",
      "detail": "FCF margin: -305.7% -> -58.6% (+247.1%)",
      "severity": "MEDIUM"
    },
    {
      "quarter": "2024-06 (Q2)",
      "signal": "YoY REVENUE GROWTH ACCELERATION",
      "detail": "YoY growth: +1468.9% vs prior quarter YoY: +425.8% (accel: +1043.1%)",
      "severity": "HIGH"
    },
    {
      "quarter": "2024-03 (Q1)",
      "signal": "FCF MARGIN EXPANSION",
      "detail": "FCF margin: -1520.8% -> -305.7% (+1215.0%)",
      "severity": "MEDIUM"
    },
    {
      "quarter": "2024-03 (Q1)",
      "signal": "OPERATING LEVERAGE",
      "detail": "Rev growth +482.4% vs OpEx growth +7.2% (leverage: 66.9x)",
      "severity": "MEDIUM"
    },
    {
      "quarter": "2024-03 (Q1)",
      "signal": "GROSS MARGIN INFLECTION",
      "detail": "GM: +69.4% -> +68.3% -> +71.2% (reversal +3.0%)",
      "severity": "MEDIUM"
    },
    {
      "quarter": "2024-03 (Q1)",
      "signal": "YoY REVENUE GROWTH ACCELERATION",
      "detail": "YoY growth: +425.8% vs prior quarter YoY: -15.6% (accel: +441.4%)",
      "severity": "HIGH"
    },
    {
      "quarter": "2023-12 (Q4)",
      "signal": "FCF MARGIN EXPANSION",
      "detail": "FCF margin: -2110.6% -> -1520.8% (+589.8%)",
      "severity": "MEDIUM"
    },
    {
      "quarter": "2023-12 (Q4)",
      "signal": "OPERATING LEVERAGE",
      "detail": "Rev growth +24.2% vs OpEx growth +7.5% (leverage: 3.2x)",
      "severity": "MEDIUM"
    },
    {
      "quarter": "2023-12 (Q4)",
      "signal": "YoY REVENUE GROWTH ACCELERATION",
      "detail": "YoY growth: -15.6% vs prior quarter YoY: -52.1% (accel: +36.4%)",
      "severity": "HIGH"
    },
    {
      "quarter": "2023-09 (Q3)",
      "signal": "YoY REVENUE GROWTH DECELERATION",
      "detail": "YoY growth: -52.1% vs prior quarter YoY: -37.9% (decel: -14.2%)",
      "severity": "WARNING"
    },
    {
      "quarter": "2023-06 (Q2)",
      "signal": "YoY REVENUE GROWTH DECELERATION",
      "detail": "YoY growth: -37.9% vs prior quarter YoY: +57.9% (decel: -95.8%)",
      "severity": "WARNING"
    },
    {
      "quarter": "2023-03 (Q1)",
      "signal": "FCF MARGIN EXPANSION",
      "detail": "FCF margin: -1151.6% -> -714.2% (+437.4%)",
      "severity": "MEDIUM"
    },
    {
      "quarter": "2023-03 (Q1)",
      "signal": "GROSS MARGIN INFLECTION",
      "detail": "GM: +74.1% -> +62.9% -> +69.7% (reversal +6.8%)",
      "severity": "HIGH"
    },
    {
      "quarter": "2022-09 (Q3)",
      "signal": "FCF MARGIN EXPANSION",
      "detail": "FCF margin: -764.0% -> -579.1% (+184.9%)",
      "severity": "MEDIUM"
    },
    {
      "quarter": "2022-06 (Q2)",
      "signal": "FCF MARGIN EXPANSION",
      "detail": "FCF margin: -1710.1% -> -764.0% (+946.1%)",
      "severity": "MEDIUM"
    },
    {
      "quarter": "2022-06 (Q2)",
      "signal": "OPERATING LEVERAGE",
      "detail": "Rev growth +110.8% vs OpEx growth +21.7% (leverage: 5.1x)",
      "severity": "MEDIUM"
    }
  ],
  "data_quality": {
    "n_quarters": 20,
    "coverage": {
      "revenue": [
        20,
        20
      ],
      "gross_profit": [
        15,
        20
      ],
      "op_income": [
        15,
        20
      ],
      "fcf": [
        15,
        20
      ]
    },
    "gaps": [
      [
        "2018-09 (Q3)",
        "2022-03 (Q1)",
        1278
      ]
    ],
    "warnings": [
      "gross_profit: 15/20Q",
      "op_income: 15/20Q",
      "fcf: 15/20Q",
      "gap: 13Q missing between 2018-09 (Q3) and 2022-03 (Q1)"
    ]
  },
  "market_cap": null,
  "source": "SEC EDGAR",
  "last_updated": "2026-02-02T22:38:33.305905"
}