{
  "ticker": "DD",
  "name": "DuPont de Nemours, Inc.",
  "quarters": [
    {
      "date": "2020-12-31T00:00:00",
      "quarter_label": "2020-12 (Q4)",
      "revenue": 5252000000,
      "gross_profit": 1731000000,
      "operating_income": null,
      "net_income": 222000000,
      "opex": null,
      "cogs": 3521000000,
      "rd": 216000000,
      "sga": 537000000,
      "fcf": 1301000000,
      "ocf": 1301000000,
      "capex": null,
      "gross_margin": 0.3295887281035796,
      "op_margin": null,
      "fcf_margin": 0.2477151561309977
    },
    {
      "date": "2021-03-31T00:00:00",
      "quarter_label": "2021-03 (Q1)",
      "revenue": 3976000000,
      "gross_profit": 1464000000,
      "operating_income": null,
      "net_income": 5394000000,
      "opex": null,
      "cogs": 2512000000,
      "rd": 156000000,
      "sga": 456000000,
      "fcf": 378000000,
      "ocf": 378000000,
      "capex": null,
      "gross_margin": 0.3682092555331992,
      "op_margin": null,
      "fcf_margin": 0.09507042253521127,
      "fcf_margin_change": -0.15264473359578645
    },
    {
      "date": "2021-06-30T00:00:00",
      "quarter_label": "2021-06 (Q2)",
      "revenue": 4135000000,
      "gross_profit": 1480000000,
      "operating_income": null,
      "net_income": 478000000,
      "opex": null,
      "cogs": 2655000000,
      "rd": 148000000,
      "sga": 459000000,
      "fcf": 440000000,
      "ocf": 440000000,
      "capex": null,
      "gross_margin": 0.35792019347037485,
      "op_margin": null,
      "fcf_margin": 0.10640870616686819,
      "fcf_margin_change": 0.011338283631656926
    },
    {
      "date": "2021-09-30T00:00:00",
      "quarter_label": "2021-09 (Q3)",
      "revenue": 4271000000,
      "gross_profit": 1493000000,
      "operating_income": null,
      "net_income": 391000000,
      "opex": null,
      "cogs": 2778000000,
      "rd": 152000000,
      "sga": 475000000,
      "fcf": 842000000,
      "ocf": 842000000,
      "capex": null,
      "gross_margin": 0.3495668461718567,
      "op_margin": null,
      "fcf_margin": 0.1971435261062983,
      "fcf_margin_change": 0.0907348199394301
    },
    {
      "date": "2021-12-31T00:00:00",
      "quarter_label": "2021-12 (Q4)",
      "revenue": 4271000000,
      "gross_profit": 1413000000,
      "operating_income": null,
      "net_income": 204000000,
      "opex": null,
      "cogs": 2858000000,
      "rd": 162000000,
      "sga": 465000000,
      "fcf": 621000000,
      "ocf": 621000000,
      "capex": null,
      "gross_margin": 0.33083586981971436,
      "op_margin": null,
      "fcf_margin": 0.14539920393350503,
      "rev_growth_yoy": -0.1867859862909368,
      "fcf_margin_change": -0.05174432217279326
    },
    {
      "date": "2022-03-31T00:00:00",
      "quarter_label": "2022-03 (Q1)",
      "revenue": 3274000000,
      "gross_profit": 1164000000,
      "operating_income": null,
      "net_income": 488000000,
      "opex": null,
      "cogs": 2110000000,
      "rd": 143000000,
      "sga": 389000000,
      "fcf": 209000000,
      "ocf": 209000000,
      "capex": null,
      "gross_margin": 0.3555284056200366,
      "op_margin": null,
      "fcf_margin": 0.06383628588882101,
      "rev_growth_yoy": -0.17655935613682092,
      "rev_growth_yoy_accel": 0.010226630154115873,
      "fcf_margin_change": -0.08156291804468402
    },
    {
      "date": "2022-06-30T00:00:00",
      "quarter_label": "2022-06 (Q2)",
      "revenue": 3322000000,
      "gross_profit": 1173000000,
      "operating_income": null,
      "net_income": 787000000,
      "opex": null,
      "cogs": 2149000000,
      "rd": 141000000,
      "sga": 385000000,
      "fcf": 86000000,
      "ocf": 86000000,
      "capex": null,
      "gross_margin": 0.3531005418422637,
      "op_margin": null,
      "fcf_margin": 0.02588801926550271,
      "rev_growth_yoy": -0.1966142684401451,
      "rev_growth_yoy_accel": -0.02005491230332418,
      "fcf_margin_change": -0.0379482666233183
    },
    {
      "date": "2022-09-30T00:00:00",
      "quarter_label": "2022-09 (Q3)",
      "revenue": 3317000000,
      "gross_profit": 1222000000,
      "operating_income": null,
      "net_income": 367000000,
      "opex": null,
      "cogs": 2095000000,
      "rd": 129000000,
      "sga": 356000000,
      "fcf": 419000000,
      "ocf": 419000000,
      "capex": null,
      "gross_margin": 0.36840518540850165,
      "op_margin": null,
      "fcf_margin": 0.12631896291829967,
      "rev_growth_yoy": -0.2233668929992976,
      "rev_growth_yoy_accel": -0.026752624559152505,
      "fcf_margin_change": 0.10043094365279695
    },
    {
      "date": "2022-12-31T00:00:00",
      "quarter_label": "2022-12 (Q4)",
      "revenue": 3104000000,
      "gross_profit": 1056000000,
      "operating_income": null,
      "net_income": 4226000000,
      "opex": null,
      "cogs": 2048000000,
      "rd": 123000000,
      "sga": 337000000,
      "fcf": -126000000,
      "ocf": -126000000,
      "capex": null,
      "gross_margin": 0.3402061855670103,
      "op_margin": null,
      "fcf_margin": -0.04059278350515464,
      "rev_growth_yoy": -0.2732381175368766,
      "rev_growth_yoy_accel": -0.049871224537579,
      "fcf_margin_change": -0.1669117464234543
    },
    {
      "date": "2023-03-31T00:00:00",
      "quarter_label": "2023-03 (Q1)",
      "revenue": 3018000000,
      "gross_profit": 1035000000,
      "operating_income": null,
      "net_income": 257000000,
      "opex": null,
      "cogs": 1983000000,
      "rd": 127000000,
      "sga": 340000000,
      "fcf": 343000000,
      "ocf": 343000000,
      "capex": null,
      "gross_margin": 0.3429423459244533,
      "op_margin": null,
      "fcf_margin": 0.11365142478462557,
      "rev_growth_yoy": -0.07819181429444105,
      "rev_growth_yoy_accel": 0.19504630324243555,
      "fcf_margin_change": 0.15424420828978022
    },
    {
      "date": "2023-06-30T00:00:00",
      "quarter_label": "2023-06 (Q2)",
      "revenue": 3094000000,
      "gross_profit": 1064000000,
      "operating_income": null,
      "net_income": -131000000,
      "opex": null,
      "cogs": 2030000000,
      "rd": 125000000,
      "sga": 358000000,
      "fcf": null,
      "ocf": null,
      "capex": null,
      "gross_margin": 0.3438914027149321,
      "op_margin": null,
      "fcf_margin": null,
      "rev_growth_yoy": -0.06863335340156532,
      "rev_growth_yoy_accel": 0.009558460892875736
    },
    {
      "date": "2023-09-30T00:00:00",
      "quarter_label": "2023-09 (Q3)",
      "revenue": 3058000000,
      "gross_profit": 1104000000,
      "operating_income": null,
      "net_income": 319000000,
      "opex": null,
      "cogs": 1954000000,
      "rd": 128000000,
      "sga": 360000000,
      "fcf": null,
      "ocf": null,
      "capex": null,
      "gross_margin": 0.36102027468933945,
      "op_margin": null,
      "fcf_margin": null,
      "rev_growth_yoy": -0.07808260476334036,
      "rev_growth_yoy_accel": -0.009449251361775046
    },
    {
      "date": "2023-12-31T00:00:00",
      "quarter_label": "2023-12 (Q4)",
      "revenue": 2898000000,
      "gross_profit": 1030000000,
      "operating_income": null,
      "net_income": -22000000,
      "opex": null,
      "cogs": 1868000000,
      "rd": 128000000,
      "sga": 350000000,
      "fcf": null,
      "ocf": null,
      "capex": null,
      "gross_margin": 0.3554175293305728,
      "op_margin": null,
      "fcf_margin": null,
      "rev_growth_yoy": -0.0663659793814433,
      "rev_growth_yoy_accel": 0.011716625381897064
    },
    {
      "date": "2024-03-31T00:00:00",
      "quarter_label": "2024-03 (Q1)",
      "revenue": 2931000000,
      "gross_profit": 1013000000,
      "operating_income": null,
      "net_income": 189000000,
      "opex": null,
      "cogs": 1918000000,
      "rd": 125000000,
      "sga": 384000000,
      "fcf": null,
      "ocf": null,
      "capex": null,
      "gross_margin": 0.3456158307744797,
      "op_margin": null,
      "fcf_margin": null,
      "rev_growth_yoy": -0.02882703777335984,
      "rev_growth_yoy_accel": 0.03753894160808346
    },
    {
      "date": "2024-06-30T00:00:00",
      "quarter_label": "2024-06 (Q2)",
      "revenue": 3171000000,
      "gross_profit": 1175000000,
      "operating_income": null,
      "net_income": 178000000,
      "opex": null,
      "cogs": 1996000000,
      "rd": 134000000,
      "sga": 418000000,
      "fcf": null,
      "ocf": null,
      "capex": null,
      "gross_margin": 0.3705455692210659,
      "op_margin": null,
      "fcf_margin": null,
      "rev_growth_yoy": 0.024886877828054297,
      "rev_growth_yoy_accel": 0.05371391560141414
    },
    {
      "date": "2024-09-30T00:00:00",
      "quarter_label": "2024-09 (Q3)",
      "revenue": 3192000000,
      "gross_profit": 1194000000,
      "operating_income": null,
      "net_income": 454000000,
      "opex": null,
      "cogs": 1998000000,
      "rd": 134000000,
      "sga": 387000000,
      "fcf": null,
      "ocf": null,
      "capex": null,
      "gross_margin": 0.37406015037593987,
      "op_margin": null,
      "fcf_margin": null,
      "rev_growth_yoy": 0.04381948986265533,
      "rev_growth_yoy_accel": 0.018932612034601035
    },
    {
      "date": "2024-12-31T00:00:00",
      "quarter_label": "2024-12 (Q4)",
      "revenue": 3092000000,
      "gross_profit": 1125000000,
      "operating_income": null,
      "net_income": -118000000,
      "opex": null,
      "cogs": 1967000000,
      "rd": 138000000,
      "sga": 363000000,
      "fcf": null,
      "ocf": null,
      "capex": null,
      "gross_margin": 0.36384217335058217,
      "op_margin": null,
      "fcf_margin": null,
      "rev_growth_yoy": 0.06694271911663216,
      "rev_growth_yoy_accel": 0.023123229253976828
    },
    {
      "date": "2025-03-31T00:00:00",
      "quarter_label": "2025-03 (Q1)",
      "revenue": 3066000000,
      "gross_profit": 1146000000,
      "operating_income": null,
      "net_income": -589000000,
      "opex": null,
      "cogs": 1920000000,
      "rd": 137000000,
      "sga": 369000000,
      "fcf": null,
      "ocf": null,
      "capex": null,
      "gross_margin": 0.37377690802348335,
      "op_margin": null,
      "fcf_margin": null,
      "rev_growth_yoy": 0.04605936540429888,
      "rev_growth_yoy_accel": -0.020883353712333283
    },
    {
      "date": "2025-06-30T00:00:00",
      "quarter_label": "2025-06 (Q2)",
      "revenue": 3257000000,
      "gross_profit": 1216000000,
      "operating_income": null,
      "net_income": 59000000,
      "opex": null,
      "cogs": 2041000000,
      "rd": 142000000,
      "sga": 405000000,
      "fcf": null,
      "ocf": null,
      "capex": null,
      "gross_margin": 0.3733497083205404,
      "op_margin": null,
      "fcf_margin": null,
      "rev_growth_yoy": 0.027120782087669507,
      "rev_growth_yoy_accel": -0.01893858331662937
    },
    {
      "date": "2025-09-30T00:00:00",
      "quarter_label": "2025-09 (Q3)",
      "revenue": 3072000000,
      "gross_profit": 1195000000,
      "operating_income": null,
      "net_income": -123000000,
      "opex": null,
      "cogs": 1877000000,
      "rd": 140000000,
      "sga": 387000000,
      "fcf": null,
      "ocf": null,
      "capex": null,
      "gross_margin": 0.3889973958333333,
      "op_margin": null,
      "fcf_margin": null,
      "rev_growth_yoy": -0.03759398496240601,
      "rev_growth_yoy_accel": -0.06471476705007552
    }
  ],
  "signals": [
    {
      "quarter": "2025-09 (Q3)",
      "signal": "YoY REVENUE GROWTH DECELERATION",
      "detail": "YoY growth: -3.8% vs prior quarter YoY: +2.7% (decel: -6.5%)",
      "severity": "WARNING"
    },
    {
      "quarter": "2024-06 (Q2)",
      "signal": "GROSS MARGIN INFLECTION",
      "detail": "GM: +35.5% -> +34.6% -> +37.1% (reversal +2.5%)",
      "severity": "MEDIUM"
    },
    {
      "quarter": "2024-06 (Q2)",
      "signal": "YoY REVENUE GROWTH ACCELERATION",
      "detail": "YoY growth: +2.5% vs prior quarter YoY: -2.9% (accel: +5.4%)",
      "severity": "MEDIUM"
    },
    {
      "quarter": "2023-03 (Q1)",
      "signal": "FCF TURNED POSITIVE",
      "detail": "FCF margin: -4.1% -> +11.4%",
      "severity": "HIGH"
    },
    {
      "quarter": "2023-03 (Q1)",
      "signal": "YoY REVENUE GROWTH ACCELERATION",
      "detail": "YoY growth: -7.8% vs prior quarter YoY: -27.3% (accel: +19.5%)",
      "severity": "HIGH"
    },
    {
      "quarter": "2022-09 (Q3)",
      "signal": "FCF MARGIN EXPANSION",
      "detail": "FCF margin: +2.6% -> +12.6% (+10.0%)",
      "severity": "MEDIUM"
    },
    {
      "quarter": "2022-03 (Q1)",
      "signal": "GROSS MARGIN INFLECTION",
      "detail": "GM: +35.0% -> +33.1% -> +35.6% (reversal +2.5%)",
      "severity": "MEDIUM"
    },
    {
      "quarter": "2021-09 (Q3)",
      "signal": "FCF MARGIN EXPANSION",
      "detail": "FCF margin: +10.6% -> +19.7% (+9.1%)",
      "severity": "MEDIUM"
    }
  ],
  "data_quality": {
    "n_quarters": 20,
    "coverage": {
      "revenue": [
        20,
        20
      ],
      "gross_profit": [
        20,
        20
      ],
      "op_income": [
        0,
        20
      ],
      "fcf": [
        10,
        20
      ]
    },
    "gaps": [],
    "warnings": [
      "op_income: no data",
      "fcf: 10/20Q"
    ]
  },
  "market_cap": null,
  "source": "SEC EDGAR",
  "last_updated": "2026-02-02T20:20:16.176840",
  "sector": "Basic Materials",
  "industry": "Specialty Chemicals"
}