{
  "ticker": "DDI",
  "name": "DoubleDown Interactive Co., Ltd.",
  "quarters": [
    {
      "date": "2021-06-30T00:00:00",
      "quarter_label": "2021-06 (Q2)",
      "revenue": 93228000,
      "gross_profit": null,
      "operating_income": 21732000,
      "net_income": 18422000,
      "opex": 71496000,
      "cogs": null,
      "rd": 4407000,
      "sga": null,
      "fcf": null,
      "ocf": null,
      "capex": null,
      "gross_margin": null,
      "op_margin": 0.233105933839619,
      "fcf_margin": null
    },
    {
      "date": "2022-03-31T00:00:00",
      "quarter_label": "2022-03 (Q1)",
      "revenue": 85486000,
      "gross_profit": null,
      "operating_income": 24685000,
      "net_income": 18495000,
      "opex": 60801000,
      "cogs": null,
      "rd": 4680000,
      "sga": null,
      "fcf": 28310000,
      "ocf": 28382000,
      "capex": -72000,
      "gross_margin": null,
      "op_margin": 0.28876073275156167,
      "fcf_margin": 0.33116533701424794
    },
    {
      "date": "2022-06-30T00:00:00",
      "quarter_label": "2022-06 (Q2)",
      "revenue": 80570000,
      "gross_profit": null,
      "operating_income": -47984000,
      "net_income": -34056000,
      "opex": 128554000,
      "cogs": null,
      "rd": 4333000,
      "sga": null,
      "fcf": 21103000,
      "ocf": 21130000,
      "capex": -27000,
      "gross_margin": null,
      "op_margin": -0.5955566588060072,
      "fcf_margin": 0.26192131066153657,
      "incr_op_margin_yoy": 5.507663137936483,
      "rev_growth_yoy": -0.13577465997339855,
      "fcf_margin_change": -0.06924402635271137
    },
    {
      "date": "2022-09-30T00:00:00",
      "quarter_label": "2022-09 (Q3)",
      "revenue": 78801000,
      "gross_profit": null,
      "operating_income": -45339000,
      "net_income": -23999000,
      "opex": 124140000,
      "cogs": null,
      "rd": 4691000,
      "sga": null,
      "fcf": 22119000,
      "ocf": 22184000,
      "capex": -65000,
      "gross_margin": null,
      "op_margin": -0.5753607187726044,
      "fcf_margin": 0.2806944074313778,
      "fcf_margin_change": 0.018773096769841235
    },
    {
      "date": "2022-12-31T00:00:00",
      "quarter_label": "2022-12 (Q4)",
      "revenue": 76170000,
      "gross_profit": null,
      "operating_income": -245234000,
      "net_income": -194417000,
      "opex": 321404000,
      "cogs": null,
      "rd": 4478000,
      "sga": null,
      "fcf": -21010000,
      "ocf": -20905000,
      "capex": -105000,
      "gross_margin": null,
      "op_margin": -3.219561507155048,
      "fcf_margin": -0.27583037941446764,
      "fcf_margin_change": -0.5565247868458454
    },
    {
      "date": "2023-03-31T00:00:00",
      "quarter_label": "2023-03 (Q1)",
      "revenue": 77596000,
      "gross_profit": null,
      "operating_income": 25392000,
      "net_income": 23672000,
      "opex": 52204000,
      "cogs": null,
      "rd": 5043000,
      "sga": null,
      "fcf": 19186000,
      "ocf": 19226000,
      "capex": -40000,
      "gross_margin": null,
      "op_margin": 0.32723336254446106,
      "fcf_margin": 0.24725501314500747,
      "incr_op_margin_yoy": -0.08960709759188847,
      "rev_growth_yoy": -0.0922958145193365,
      "op_leverage_ratio": Infinity,
      "fcf_margin_change": 0.5230853925594752
    },
    {
      "date": "2023-06-30T00:00:00",
      "quarter_label": "2023-06 (Q2)",
      "revenue": 75187000,
      "gross_profit": null,
      "operating_income": 27522000,
      "net_income": 24357000,
      "opex": 47665000,
      "cogs": null,
      "rd": 5069000,
      "sga": null,
      "fcf": -56899000,
      "ocf": -56821000,
      "capex": -78000,
      "gross_margin": null,
      "op_margin": 0.3660473220104539,
      "fcf_margin": -0.7567664622873636,
      "incr_op_margin_yoy": -14.02675088240758,
      "rev_growth_yoy": -0.06681146828844484,
      "rev_growth_yoy_accel": 0.025484346230891658,
      "fcf_margin_change": -1.004021475432371
    },
    {
      "date": "2023-09-30T00:00:00",
      "quarter_label": "2023-09 (Q3)",
      "revenue": 72983000,
      "gross_profit": null,
      "operating_income": 29680000,
      "net_income": 26930000,
      "opex": 43303000,
      "cogs": null,
      "rd": 4361000,
      "sga": null,
      "fcf": 28659000,
      "ocf": 28714000,
      "capex": -55000,
      "gross_margin": null,
      "op_margin": 0.4066700464491731,
      "fcf_margin": 0.39268048723675375,
      "incr_op_margin_yoy": -12.894293571674115,
      "rev_growth_yoy": -0.07383155036103603,
      "rev_growth_yoy_accel": -0.007020082072591194,
      "fcf_margin_change": 1.1494469495241173
    },
    {
      "date": "2023-12-31T00:00:00",
      "quarter_label": "2023-12 (Q4)",
      "revenue": 83098000,
      "gross_profit": null,
      "operating_income": 35597000,
      "net_income": 25926000,
      "opex": 47501000,
      "cogs": null,
      "rd": 4658000,
      "sga": null,
      "fcf": 29689000,
      "ocf": 29714000,
      "capex": -25000,
      "gross_margin": null,
      "op_margin": 0.4283737274061951,
      "fcf_margin": 0.3572769501071025,
      "incr_op_margin_yoy": 40.53565242494226,
      "rev_growth_yoy": 0.09095444400682684,
      "rev_growth_yoy_accel": 0.16478599436786287,
      "op_leverage_ratio": 1.4296170748372115,
      "fcf_margin_change": -0.035403537129651275
    },
    {
      "date": "2024-03-31T00:00:00",
      "quarter_label": "2024-03 (Q1)",
      "revenue": 88143000,
      "gross_profit": null,
      "operating_income": 31056000,
      "net_income": 30308000,
      "opex": 57087000,
      "cogs": null,
      "rd": 3256000,
      "sga": null,
      "fcf": 34901000,
      "ocf": 34915000,
      "capex": -14000,
      "gross_margin": null,
      "op_margin": 0.3523365440250502,
      "fcf_margin": 0.39595883961290174,
      "incr_op_margin_yoy": 0.5370247463733763,
      "rev_growth_yoy": 0.13592195473993504,
      "rev_growth_yoy_accel": 0.0449675107331082,
      "op_leverage_ratio": 0.30084024047942265,
      "fcf_margin_change": 0.03868188950579926
    },
    {
      "date": "2024-06-30T00:00:00",
      "quarter_label": "2024-06 (Q2)",
      "revenue": 88236000,
      "gross_profit": null,
      "operating_income": 36193000,
      "net_income": 33177000,
      "opex": 52043000,
      "cogs": null,
      "rd": 3191000,
      "sga": null,
      "fcf": 34375000,
      "ocf": 34377000,
      "capex": -2000,
      "gross_margin": null,
      "op_margin": 0.41018405186091844,
      "fcf_margin": 0.3895802166915998,
      "incr_op_margin_yoy": 0.6644953636293969,
      "rev_growth_yoy": 0.1735539388458111,
      "rev_growth_yoy_accel": 0.037631984105876065,
      "fcf_margin_change": -0.006378622921301924
    },
    {
      "date": "2024-09-30T00:00:00",
      "quarter_label": "2024-09 (Q3)",
      "revenue": 82981000,
      "gross_profit": null,
      "operating_income": 35239000,
      "net_income": 25042000,
      "opex": 47742000,
      "cogs": null,
      "rd": 2537000,
      "sga": null,
      "fcf": 31561000,
      "ocf": 31836000,
      "capex": -275000,
      "gross_margin": null,
      "op_margin": 0.4246634771815235,
      "fcf_margin": 0.3803400778491462,
      "incr_op_margin_yoy": 0.5560112022404481,
      "rev_growth_yoy": 0.13699080607812777,
      "rev_growth_yoy_accel": -0.03656313276768333,
      "fcf_margin_change": -0.009240138842453616
    }
  ],
  "signals": [
    {
      "quarter": "2024-09 (Q3)",
      "signal": "INCREMENTAL MARGIN (YoY)",
      "detail": "YoY Incr OPM: +55.6% vs year-ago OPM: +40.7%",
      "severity": "MEDIUM"
    },
    {
      "quarter": "2024-06 (Q2)",
      "signal": "INCREMENTAL MARGIN (YoY)",
      "detail": "YoY Incr OPM: +66.4% vs year-ago OPM: +36.6%",
      "severity": "HIGH"
    },
    {
      "quarter": "2024-03 (Q1)",
      "signal": "INCREMENTAL MARGIN (YoY)",
      "detail": "YoY Incr OPM: +53.7% vs year-ago OPM: +32.7%",
      "severity": "HIGH"
    },
    {
      "quarter": "2023-12 (Q4)",
      "signal": "YoY REVENUE GROWTH ACCELERATION",
      "detail": "YoY growth: +9.1% vs prior quarter YoY: -7.4% (accel: +16.5%)",
      "severity": "HIGH"
    },
    {
      "quarter": "2023-12 (Q4)",
      "signal": "OP MARGIN TURNED POSITIVE (YoY)",
      "detail": "Op margin: -322.0% (year-ago) -> +42.8%",
      "severity": "HIGH"
    },
    {
      "quarter": "2023-09 (Q3)",
      "signal": "FCF TURNED POSITIVE",
      "detail": "FCF margin: -75.7% -> +39.3%",
      "severity": "HIGH"
    },
    {
      "quarter": "2023-09 (Q3)",
      "signal": "OP MARGIN TURNED POSITIVE (YoY)",
      "detail": "Op margin: -57.5% (year-ago) -> +40.7%",
      "severity": "HIGH"
    },
    {
      "quarter": "2023-06 (Q2)",
      "signal": "OP MARGIN TURNED POSITIVE (YoY)",
      "detail": "Op margin: -59.6% (year-ago) -> +36.6%",
      "severity": "HIGH"
    },
    {
      "quarter": "2023-03 (Q1)",
      "signal": "FCF TURNED POSITIVE",
      "detail": "FCF margin: -27.6% -> +24.7%",
      "severity": "HIGH"
    },
    {
      "quarter": "2023-03 (Q1)",
      "signal": "OP MARGIN TURNED POSITIVE (QoQ)",
      "detail": "Op margin: -322.0% -> +32.7%",
      "severity": "HIGH"
    }
  ],
  "data_quality": {
    "n_quarters": 12,
    "coverage": {
      "revenue": [
        12,
        12
      ],
      "gross_profit": [
        0,
        12
      ],
      "op_income": [
        12,
        12
      ],
      "fcf": [
        11,
        12
      ]
    },
    "gaps": [
      [
        "2021-06 (Q2)",
        "2022-03 (Q1)",
        274
      ]
    ],
    "warnings": [
      "gross_profit: no data",
      "gap: 2Q missing between 2021-06 (Q2) and 2022-03 (Q1)"
    ]
  },
  "market_cap": null,
  "source": "SEC EDGAR",
  "last_updated": "2026-02-02T22:31:23.615267"
}