{
  "ticker": "DDT",
  "name": "DILLARD\u2019S,\u00a0INC.",
  "quarters": [
    {
      "date": "2021-01-30T00:00:00",
      "quarter_label": "2021-01 (Q1)",
      "revenue": 1614314000,
      "gross_profit": 488234000,
      "operating_income": null,
      "net_income": 67037000,
      "opex": null,
      "cogs": 1082063000,
      "rd": null,
      "sga": 335757000,
      "fcf": 307531000,
      "ocf": 315884000,
      "capex": -8353000,
      "gross_margin": 0.3024405413073293,
      "op_margin": null,
      "fcf_margin": 0.19050259119353483
    },
    {
      "date": "2021-05-01T00:00:00",
      "quarter_label": "2021-05 (Q2)",
      "revenue": 1357535000,
      "gross_profit": 554454000,
      "operating_income": null,
      "net_income": 158247000,
      "opex": null,
      "cogs": 774089000,
      "rd": null,
      "sga": 336614000,
      "fcf": 285563000,
      "ocf": 302413000,
      "capex": -16850000,
      "gross_margin": 0.4084270387135507,
      "op_margin": null,
      "fcf_margin": 0.21035406085294303,
      "fcf_margin_change": 0.019851469659408205
    },
    {
      "date": "2021-07-31T00:00:00",
      "quarter_label": "2021-07 (Q3)",
      "revenue": 1601432000,
      "gross_profit": 643168000,
      "operating_income": null,
      "net_income": 185656000,
      "opex": null,
      "cogs": 927210000,
      "rd": null,
      "sga": 365868000,
      "fcf": 165533000,
      "ocf": 189888000,
      "capex": -24355000,
      "gross_margin": 0.40162054960810073,
      "op_margin": null,
      "fcf_margin": 0.10336561277656497,
      "fcf_margin_change": -0.10698844807637806
    },
    {
      "date": "2021-10-30T00:00:00",
      "quarter_label": "2021-10 (Q4)",
      "revenue": 1511912000,
      "gross_profit": 684723000,
      "operating_income": null,
      "net_income": 197330000,
      "opex": null,
      "cogs": 796276000,
      "rd": null,
      "sga": 393191000,
      "fcf": 197239000,
      "ocf": 235782000,
      "capex": -38543000,
      "gross_margin": 0.45288548539862106,
      "op_margin": null,
      "fcf_margin": 0.13045666679013065,
      "fcf_margin_change": 0.02709105401356568
    },
    {
      "date": "2022-01-29T00:00:00",
      "quarter_label": "2022-01 (Q1)",
      "revenue": 2153388000,
      "gross_profit": 862983000,
      "operating_income": null,
      "net_income": 321240000,
      "opex": null,
      "cogs": 1250090000,
      "rd": null,
      "sga": 440881000,
      "fcf": 527325000,
      "ocf": 551937000,
      "capex": -24612000,
      "gross_margin": 0.4007559250817781,
      "op_margin": null,
      "fcf_margin": 0.24488155409057727,
      "rev_growth_yoy": 0.3339337947883745,
      "fcf_margin_change": 0.11442488730044661
    },
    {
      "date": "2022-04-30T00:00:00",
      "quarter_label": "2022-04 (Q2)",
      "revenue": 1642782000,
      "gross_profit": 750231000,
      "operating_income": null,
      "net_income": 251093000,
      "opex": null,
      "cogs": 861437000,
      "rd": null,
      "sga": 400773000,
      "fcf": 337870000,
      "ocf": 365182000,
      "capex": -27312000,
      "gross_margin": 0.45668323612019124,
      "op_margin": null,
      "fcf_margin": 0.2056694071398396,
      "rev_growth_yoy": 0.21012128600735894,
      "rev_growth_yoy_accel": -0.12381250878101555,
      "fcf_margin_change": -0.03921214695073766
    },
    {
      "date": "2022-07-30T00:00:00",
      "quarter_label": "2022-07 (Q3)",
      "revenue": 1617887000,
      "gross_profit": 647403000,
      "operating_income": null,
      "net_income": 163449000,
      "opex": null,
      "cogs": 941217000,
      "rd": null,
      "sga": 401332000,
      "fcf": -119913000,
      "ocf": -86132000,
      "capex": -33781000,
      "gross_margin": 0.4001534099723899,
      "op_margin": null,
      "fcf_margin": -0.07411704278481748,
      "rev_growth_yoy": 0.01027517871505003,
      "rev_growth_yoy_accel": -0.1998461072923089,
      "fcf_margin_change": -0.27978644992465707
    },
    {
      "date": "2022-10-29T00:00:00",
      "quarter_label": "2022-10 (Q4)",
      "revenue": 1573072000,
      "gross_profit": 688465000,
      "operating_income": null,
      "net_income": 187909000,
      "opex": null,
      "cogs": 855677000,
      "rd": null,
      "sga": 413838000,
      "fcf": 245693000,
      "ocf": 279371000,
      "capex": -33678000,
      "gross_margin": 0.4376563819075033,
      "op_margin": null,
      "fcf_margin": 0.1561867479683066,
      "rev_growth_yoy": 0.0404520898041685,
      "rev_growth_yoy_accel": 0.03017691108911847,
      "fcf_margin_change": 0.23030379075312407
    },
    {
      "date": "2023-01-28T00:00:00",
      "quarter_label": "2023-01 (Q1)",
      "revenue": 2162474000,
      "gross_profit": 801384000,
      "operating_income": null,
      "net_income": 289186000,
      "opex": null,
      "cogs": 1325267000,
      "rd": null,
      "sga": 458374000,
      "fcf": 364636000,
      "ocf": 389970000,
      "capex": -25334000,
      "gross_margin": 0.3705866521400951,
      "op_margin": null,
      "fcf_margin": 0.16861983080490217,
      "rev_growth_yoy": 0.0042193975261309155,
      "rev_growth_yoy_accel": -0.03623269227803758,
      "fcf_margin_change": 0.012433082836595583
    },
    {
      "date": "2023-04-29T00:00:00",
      "quarter_label": "2023-04 (Q2)",
      "revenue": 1613907000,
      "gross_profit": 692687000,
      "operating_income": null,
      "net_income": 201495000,
      "opex": null,
      "cogs": 891261000,
      "rd": null,
      "sga": 406375000,
      "fcf": 248600000,
      "ocf": 280948000,
      "capex": -32348000,
      "gross_margin": 0.42919883239864504,
      "op_margin": null,
      "fcf_margin": 0.15403613715040582,
      "rev_growth_yoy": -0.01757689090822763,
      "rev_growth_yoy_accel": -0.021796288434358546,
      "fcf_margin_change": -0.014583693654496355
    },
    {
      "date": "2023-07-29T00:00:00",
      "quarter_label": "2023-07 (Q3)",
      "revenue": 1597418000,
      "gross_profit": 608542000,
      "operating_income": null,
      "net_income": 131511000,
      "opex": null,
      "cogs": 958835000,
      "rd": null,
      "sga": 412543000,
      "fcf": 85443000,
      "ocf": 116902000,
      "capex": -31459000,
      "gross_margin": 0.3809535137327863,
      "op_margin": null,
      "fcf_margin": 0.05348819156914471,
      "rev_growth_yoy": -0.012651687046128686,
      "rev_growth_yoy_accel": 0.004925203862098944,
      "fcf_margin_change": -0.10054794558126111
    },
    {
      "date": "2023-10-28T00:00:00",
      "quarter_label": "2023-10 (Q4)",
      "revenue": 1504234000,
      "gross_profit": 641825000,
      "operating_income": null,
      "net_income": 155339000,
      "opex": null,
      "cogs": 834537000,
      "rd": null,
      "sga": 421825000,
      "fcf": 8385000,
      "ocf": 49257000,
      "capex": -40872000,
      "gross_margin": 0.42667896085316515,
      "op_margin": null,
      "fcf_margin": 0.005574265706000529,
      "rev_growth_yoy": -0.04376023475085692,
      "rev_growth_yoy_accel": -0.031108547704728234,
      "fcf_margin_change": -0.04791392586314418
    },
    {
      "date": "2024-02-03T00:00:00",
      "quarter_label": "2024-02 (Q1)",
      "revenue": 2158861000,
      "gross_profit": 777891000,
      "operating_income": null,
      "net_income": 250502000,
      "opex": null,
      "cogs": 1346475000,
      "rd": null,
      "sga": 476672000,
      "fcf": 408218000,
      "ocf": 436483000,
      "capex": -28265000,
      "gross_margin": 0.36032472678880206,
      "op_margin": null,
      "fcf_margin": 0.18908952452242178,
      "rev_growth_yoy": -0.0016707715329756566,
      "rev_growth_yoy_accel": 0.04208946321788126,
      "fcf_margin_change": 0.18351525881642125
    },
    {
      "date": "2024-05-04T00:00:00",
      "quarter_label": "2024-05 (Q2)",
      "revenue": 1572809000,
      "gross_profit": 691226000,
      "operating_income": null,
      "net_income": 180038000,
      "opex": null,
      "cogs": 857825000,
      "rd": null,
      "sga": 426674000,
      "fcf": 209203000,
      "ocf": 244378000,
      "capex": -35175000,
      "gross_margin": 0.4394850232927202,
      "op_margin": null,
      "fcf_margin": 0.13301233652655853,
      "rev_growth_yoy": -0.025464912166562263,
      "rev_growth_yoy_accel": -0.023794140633586605,
      "fcf_margin_change": -0.056077187995863254
    },
    {
      "date": "2024-08-03T00:00:00",
      "quarter_label": "2024-08 (Q3)",
      "revenue": 1514646000,
      "gross_profit": 559607000,
      "operating_income": null,
      "net_income": 74483000,
      "opex": null,
      "cogs": 930331000,
      "rd": null,
      "sga": 433659000,
      "fcf": -94332000,
      "ocf": -68421000,
      "capex": -25911000,
      "gross_margin": 0.3694638879315695,
      "op_margin": null,
      "fcf_margin": -0.062279899065524225,
      "rev_growth_yoy": -0.05181611826084344,
      "rev_growth_yoy_accel": -0.026351206094281175,
      "fcf_margin_change": -0.19529223559208275
    },
    {
      "date": "2024-11-02T00:00:00",
      "quarter_label": "2024-11 (Q4)",
      "revenue": 1451160000,
      "gross_profit": 607696000,
      "operating_income": null,
      "net_income": 124596000,
      "opex": null,
      "cogs": 819313000,
      "rd": null,
      "sga": 418899000,
      "fcf": 145416000,
      "ocf": 173477000,
      "capex": -28061000,
      "gross_margin": 0.4187656771134816,
      "op_margin": null,
      "fcf_margin": 0.1002067311667907,
      "rev_growth_yoy": -0.03528307430891736,
      "rev_growth_yoy_accel": 0.016533043951926077,
      "fcf_margin_change": 0.1624866302323149
    },
    {
      "date": "2025-02-01T00:00:00",
      "quarter_label": "2025-02 (Q1)",
      "revenue": 2051616000,
      "gross_profit": 704558000,
      "operating_income": null,
      "net_income": 214359000,
      "opex": null,
      "cogs": 1312080000,
      "rd": null,
      "sga": 452002000,
      "fcf": 349288000,
      "ocf": 364693000,
      "capex": -15405000,
      "gross_margin": 0.3434161168561758,
      "op_margin": null,
      "fcf_margin": 0.1702501832701636,
      "rev_growth_yoy": -0.04967665820078273,
      "rev_growth_yoy_accel": -0.014393583891865368,
      "fcf_margin_change": 0.07004345210337291
    },
    {
      "date": "2025-05-03T00:00:00",
      "quarter_label": "2025-05 (Q2)",
      "revenue": 1546971000,
      "gross_profit": 671172000,
      "operating_income": null,
      "net_income": 163817000,
      "opex": null,
      "cogs": 857691000,
      "rd": null,
      "sga": 421690000,
      "fcf": 215779000,
      "ocf": 232632000,
      "capex": -16853000,
      "gross_margin": 0.4338620439555751,
      "op_margin": null,
      "fcf_margin": 0.13948483843588536,
      "rev_growth_yoy": -0.0164279324444354,
      "rev_growth_yoy_accel": 0.033248725756347325,
      "fcf_margin_change": -0.030765344834278258
    },
    {
      "date": "2025-08-02T00:00:00",
      "quarter_label": "2025-08 (Q3)",
      "revenue": 1536003000,
      "gross_profit": 554524000,
      "operating_income": null,
      "net_income": 72835000,
      "opex": null,
      "cogs": 959306000,
      "rd": null,
      "sga": 434165000,
      "fcf": 60087000,
      "ocf": 86761000,
      "capex": -26674000,
      "gross_margin": 0.361017524054315,
      "op_margin": null,
      "fcf_margin": 0.0391190642205777,
      "rev_growth_yoy": 0.014100324432243573,
      "rev_growth_yoy_accel": 0.030528256876678976,
      "fcf_margin_change": -0.10036577421530765
    },
    {
      "date": "2025-11-01T00:00:00",
      "quarter_label": "2025-11 (Q4)",
      "revenue": 1490973000,
      "gross_profit": 637125000,
      "operating_income": null,
      "net_income": 129810000,
      "opex": null,
      "cogs": 831643000,
      "rd": null,
      "sga": 440409000,
      "fcf": 156151000,
      "ocf": 186462000,
      "capex": -30311000,
      "gross_margin": 0.4273216215182971,
      "op_margin": null,
      "fcf_margin": 0.10473093744823012,
      "rev_growth_yoy": 0.02743529314479451,
      "rev_growth_yoy_accel": 0.013334968712550936,
      "fcf_margin_change": 0.06561187322765241
    }
  ],
  "signals": [
    {
      "quarter": "2025-11 (Q4)",
      "signal": "FCF MARGIN EXPANSION",
      "detail": "FCF margin: +3.9% -> +10.5% (+6.6%)",
      "severity": "MEDIUM"
    },
    {
      "quarter": "2025-11 (Q4)",
      "signal": "GROSS MARGIN INFLECTION",
      "detail": "GM: +43.4% -> +36.1% -> +42.7% (reversal +6.6%)",
      "severity": "HIGH"
    },
    {
      "quarter": "2025-05 (Q2)",
      "signal": "GROSS MARGIN INFLECTION",
      "detail": "GM: +41.9% -> +34.3% -> +43.4% (reversal +9.0%)",
      "severity": "HIGH"
    },
    {
      "quarter": "2025-02 (Q1)",
      "signal": "FCF MARGIN EXPANSION",
      "detail": "FCF margin: +10.0% -> +17.0% (+7.0%)",
      "severity": "MEDIUM"
    },
    {
      "quarter": "2024-11 (Q4)",
      "signal": "FCF TURNED POSITIVE",
      "detail": "FCF margin: -6.2% -> +10.0%",
      "severity": "HIGH"
    },
    {
      "quarter": "2024-11 (Q4)",
      "signal": "GROSS MARGIN INFLECTION",
      "detail": "GM: +43.9% -> +36.9% -> +41.9% (reversal +4.9%)",
      "severity": "MEDIUM"
    },
    {
      "quarter": "2024-05 (Q2)",
      "signal": "GROSS MARGIN INFLECTION",
      "detail": "GM: +42.7% -> +36.0% -> +43.9% (reversal +7.9%)",
      "severity": "HIGH"
    },
    {
      "quarter": "2024-02 (Q1)",
      "signal": "FCF MARGIN EXPANSION",
      "detail": "FCF margin: +0.6% -> +18.9% (+18.4%)",
      "severity": "MEDIUM"
    },
    {
      "quarter": "2023-10 (Q4)",
      "signal": "GROSS MARGIN INFLECTION",
      "detail": "GM: +42.9% -> +38.1% -> +42.7% (reversal +4.6%)",
      "severity": "MEDIUM"
    },
    {
      "quarter": "2023-04 (Q2)",
      "signal": "GROSS MARGIN INFLECTION",
      "detail": "GM: +43.8% -> +37.1% -> +42.9% (reversal +5.9%)",
      "severity": "HIGH"
    },
    {
      "quarter": "2022-10 (Q4)",
      "signal": "FCF TURNED POSITIVE",
      "detail": "FCF margin: -7.4% -> +15.6%",
      "severity": "HIGH"
    },
    {
      "quarter": "2022-10 (Q4)",
      "signal": "GROSS MARGIN INFLECTION",
      "detail": "GM: +45.7% -> +40.0% -> +43.8% (reversal +3.8%)",
      "severity": "MEDIUM"
    },
    {
      "quarter": "2022-07 (Q3)",
      "signal": "YoY REVENUE GROWTH DECELERATION",
      "detail": "YoY growth: +1.0% vs prior quarter YoY: +21.0% (decel: -20.0%)",
      "severity": "WARNING"
    },
    {
      "quarter": "2022-04 (Q2)",
      "signal": "GROSS MARGIN INFLECTION",
      "detail": "GM: +45.3% -> +40.1% -> +45.7% (reversal +5.6%)",
      "severity": "HIGH"
    },
    {
      "quarter": "2022-04 (Q2)",
      "signal": "YoY REVENUE GROWTH DECELERATION",
      "detail": "YoY growth: +21.0% vs prior quarter YoY: +33.4% (decel: -12.4%)",
      "severity": "WARNING"
    },
    {
      "quarter": "2022-01 (Q1)",
      "signal": "FCF MARGIN EXPANSION",
      "detail": "FCF margin: +13.0% -> +24.5% (+11.4%)",
      "severity": "MEDIUM"
    },
    {
      "quarter": "2021-10 (Q4)",
      "signal": "GROSS MARGIN INFLECTION",
      "detail": "GM: +40.8% -> +40.2% -> +45.3% (reversal +5.1%)",
      "severity": "HIGH"
    }
  ],
  "data_quality": {
    "n_quarters": 20,
    "coverage": {
      "revenue": [
        20,
        20
      ],
      "gross_profit": [
        20,
        20
      ],
      "op_income": [
        0,
        20
      ],
      "fcf": [
        20,
        20
      ]
    },
    "gaps": [],
    "warnings": [
      "op_income: no data"
    ]
  },
  "market_cap": null,
  "source": "SEC EDGAR",
  "last_updated": "2026-02-03T01:07:47.790796"
}