{
  "ticker": "DE",
  "name": "DEERE & CO",
  "quarters": [
    {
      "date": "2021-01-31T00:00:00",
      "quarter_label": "2021-01 (Q1)",
      "revenue": 9112000000,
      "gross_profit": null,
      "operating_income": 1638000000,
      "net_income": 1224000000,
      "opex": 7584000000,
      "cogs": null,
      "rd": 366000000,
      "sga": 769000000,
      "fcf": -11000000,
      "ocf": 143000000,
      "capex": -154000000,
      "gross_margin": null,
      "op_margin": 0.17976294995610184,
      "fcf_margin": -0.0012071992976294996
    },
    {
      "date": "2021-05-02T00:00:00",
      "quarter_label": "2021-05 (Q2)",
      "revenue": 12058000000,
      "gross_profit": null,
      "operating_income": 2439000000,
      "net_income": 1790000000,
      "opex": 9746000000,
      "cogs": null,
      "rd": 377000000,
      "sga": 838000000,
      "fcf": 1477000000,
      "ocf": 1643000000,
      "capex": -166000000,
      "gross_margin": null,
      "op_margin": 0.20227235030685023,
      "fcf_margin": 0.12249129208824017,
      "op_leverage_ratio": 1.1341269383614656,
      "fcf_margin_change": 0.12369849138586966
    },
    {
      "date": "2021-08-01T00:00:00",
      "quarter_label": "2021-08 (Q3)",
      "revenue": 11527000000,
      "gross_profit": null,
      "operating_income": 2243000000,
      "net_income": 1667000000,
      "opex": 9377000000,
      "cogs": null,
      "rd": 394000000,
      "sga": 841000000,
      "fcf": 2356000000,
      "ocf": 2528000000,
      "capex": -172000000,
      "gross_margin": null,
      "op_margin": 0.1945866227118938,
      "fcf_margin": 0.2043896937624707,
      "fcf_margin_change": 0.08189840167423054
    },
    {
      "date": "2021-10-31T00:00:00",
      "quarter_label": "2021-10 (Q4)",
      "revenue": 11327000000,
      "gross_profit": null,
      "operating_income": 1692000000,
      "net_income": 1283000000,
      "opex": 9714000000,
      "cogs": null,
      "rd": 450000000,
      "sga": 935000000,
      "fcf": 3056000000,
      "ocf": 3412000000,
      "capex": -356000000,
      "gross_margin": null,
      "op_margin": 0.14937759336099585,
      "fcf_margin": 0.2697978281981107,
      "fcf_margin_change": 0.06540813443564
    },
    {
      "date": "2022-01-30T00:00:00",
      "quarter_label": "2022-01 (Q1)",
      "revenue": 9569000000,
      "gross_profit": null,
      "operating_income": 1235000000,
      "net_income": 903000000,
      "opex": 8418000000,
      "cogs": null,
      "rd": 402000000,
      "sga": 781000000,
      "fcf": -2746000000,
      "ocf": -2553000000,
      "capex": -193000000,
      "gross_margin": null,
      "op_margin": 0.12906259797261993,
      "fcf_margin": -0.28696833524924237,
      "incr_op_margin_yoy": -0.8818380743982495,
      "rev_growth_yoy": 0.05015364354697103,
      "fcf_margin_change": -0.5567661634473531
    },
    {
      "date": "2022-05-01T00:00:00",
      "quarter_label": "2022-05 (Q2)",
      "revenue": 13370000000,
      "gross_profit": null,
      "operating_income": 2670000000,
      "net_income": 2098000000,
      "opex": 10818000000,
      "cogs": null,
      "rd": 453000000,
      "sga": 932000000,
      "fcf": 638000000,
      "ocf": 791000000,
      "capex": -153000000,
      "gross_margin": null,
      "op_margin": 0.19970082273747194,
      "fcf_margin": 0.04771877337322363,
      "incr_op_margin_yoy": 0.1760670731707317,
      "rev_growth_yoy": 0.10880743075136838,
      "rev_growth_yoy_accel": 0.05865378720439735,
      "op_leverage_ratio": 1.393249817117776,
      "fcf_margin_change": 0.334687108622466
    },
    {
      "date": "2022-07-31T00:00:00",
      "quarter_label": "2022-07 (Q3)",
      "revenue": 14102000000,
      "gross_profit": null,
      "operating_income": 2646000000,
      "net_income": 1884000000,
      "opex": 11563000000,
      "cogs": null,
      "rd": 481000000,
      "sga": 959000000,
      "fcf": 1930000000,
      "ocf": 2180000000,
      "capex": -250000000,
      "gross_margin": null,
      "op_margin": 0.1876329598638491,
      "fcf_margin": 0.13686001985533966,
      "incr_op_margin_yoy": 0.15650485436893205,
      "rev_growth_yoy": 0.2233885659755357,
      "rev_growth_yoy_accel": 0.11458113522416731,
      "op_leverage_ratio": 0.7950059484069815,
      "fcf_margin_change": 0.08914124648211602
    },
    {
      "date": "2022-10-30T00:00:00",
      "quarter_label": "2022-10 (Q4)",
      "revenue": 15536000000,
      "gross_profit": null,
      "operating_income": 2956000000,
      "net_income": 2246000000,
      "opex": 12651000000,
      "cogs": null,
      "rd": 576000000,
      "sga": 1191000000,
      "fcf": 3743000000,
      "ocf": 4281000000,
      "capex": -538000000,
      "gross_margin": null,
      "op_margin": 0.19026776519052524,
      "fcf_margin": 0.24092430484037075,
      "incr_op_margin_yoy": 0.30030886196246137,
      "rev_growth_yoy": 0.37159000617992405,
      "rev_growth_yoy_accel": 0.14820144020438836,
      "op_leverage_ratio": 1.0807122425271343,
      "fcf_margin_change": 0.10406428498503109
    },
    {
      "date": "2023-01-29T00:00:00",
      "quarter_label": "2023-01 (Q1)",
      "revenue": 12652000000,
      "gross_profit": null,
      "operating_income": 2518000000,
      "net_income": 1959000000,
      "opex": 10159000000,
      "cogs": null,
      "rd": 495000000,
      "sga": 952000000,
      "fcf": -1561000000,
      "ocf": -1246000000,
      "capex": -315000000,
      "gross_margin": null,
      "op_margin": 0.19901991779955738,
      "fcf_margin": -0.12337970281378438,
      "incr_op_margin_yoy": 0.41615309763217645,
      "rev_growth_yoy": 0.3221862263559411,
      "rev_growth_yoy_accel": -0.049403779823982974,
      "fcf_margin_change": -0.36430400765415516
    },
    {
      "date": "2023-04-30T00:00:00",
      "quarter_label": "2023-04 (Q2)",
      "revenue": 17387000000,
      "gross_profit": null,
      "operating_income": 3898000000,
      "net_income": 2860000000,
      "opex": 13539000000,
      "cogs": null,
      "rd": 547000000,
      "sga": 1330000000,
      "fcf": 830000000,
      "ocf": 1099000000,
      "capex": -269000000,
      "gross_margin": null,
      "op_margin": 0.22419048714556852,
      "fcf_margin": 0.047736814861678266,
      "incr_op_margin_yoy": 0.30570077172018917,
      "rev_growth_yoy": 0.30044876589379205,
      "rev_growth_yoy_accel": -0.021737460462149027,
      "op_leverage_ratio": 1.124851159018758,
      "fcf_margin_change": 0.17111651767546265
    },
    {
      "date": "2023-07-30T00:00:00",
      "quarter_label": "2023-07 (Q3)",
      "revenue": 15801000000,
      "gross_profit": null,
      "operating_income": 3516000000,
      "net_income": 2978000000,
      "opex": 12195000000,
      "cogs": null,
      "rd": 528000000,
      "sga": 1110000000,
      "fcf": 2740000000,
      "ocf": 3043000000,
      "capex": -303000000,
      "gross_margin": null,
      "op_margin": 0.22251756217960889,
      "fcf_margin": 0.17340674640845516,
      "incr_op_margin_yoy": 0.5120659211300765,
      "rev_growth_yoy": 0.12047936462913061,
      "rev_growth_yoy_accel": -0.17996940126466143,
      "fcf_margin_change": 0.1256699315467769
    },
    {
      "date": "2023-10-29T00:00:00",
      "quarter_label": "2023-10 (Q4)",
      "revenue": 15412000000,
      "gross_profit": null,
      "operating_income": 3026000000,
      "net_income": 2369000000,
      "opex": 12339000000,
      "cogs": null,
      "rd": 606000000,
      "sga": 1203000000,
      "fcf": 5082000000,
      "ocf": 5693000000,
      "capex": -611000000,
      "gross_margin": null,
      "op_margin": 0.1963405138852842,
      "fcf_margin": 0.32974305735790294,
      "incr_op_margin_yoy": -0.5645161290322581,
      "rev_growth_yoy": -0.007981462409886715,
      "rev_growth_yoy_accel": -0.12846082703901732,
      "fcf_margin_change": 0.15633631094944778
    },
    {
      "date": "2024-01-28T00:00:00",
      "quarter_label": "2024-01 (Q1)",
      "revenue": 12185000000,
      "gross_profit": null,
      "operating_income": null,
      "net_income": 1751000000,
      "opex": 9970000000,
      "cogs": null,
      "rd": 533000000,
      "sga": 1066000000,
      "fcf": -1270000000,
      "ocf": -908000000,
      "capex": -362000000,
      "gross_margin": null,
      "op_margin": null,
      "fcf_margin": -0.10422650800164136,
      "rev_growth_yoy": -0.0369111602908631,
      "rev_growth_yoy_accel": -0.028929697880976386,
      "fcf_margin_change": -0.4339695653595443
    },
    {
      "date": "2024-04-28T00:00:00",
      "quarter_label": "2024-04 (Q2)",
      "revenue": 15235000000,
      "gross_profit": null,
      "operating_income": null,
      "net_income": 2370000000,
      "opex": 12118000000,
      "cogs": null,
      "rd": 565000000,
      "sga": 1265000000,
      "fcf": 1495000000,
      "ocf": 1852000000,
      "capex": -357000000,
      "gross_margin": null,
      "op_margin": null,
      "fcf_margin": 0.0981293075155891,
      "rev_growth_yoy": -0.12377063323172485,
      "rev_growth_yoy_accel": -0.08685947294086174,
      "op_leverage_ratio": 1.161810205636414,
      "fcf_margin_change": 0.20235581551723048
    },
    {
      "date": "2024-07-28T00:00:00",
      "quarter_label": "2024-07 (Q3)",
      "revenue": 13152000000,
      "gross_profit": null,
      "operating_income": null,
      "net_income": 1734000000,
      "opex": 10797000000,
      "cogs": null,
      "rd": 567000000,
      "sga": 1278000000,
      "fcf": 2871000000,
      "ocf": 3195000000,
      "capex": -324000000,
      "gross_margin": null,
      "op_margin": null,
      "fcf_margin": 0.21829379562043796,
      "rev_growth_yoy": -0.16764761723941524,
      "rev_growth_yoy_accel": -0.043876984007690384,
      "fcf_margin_change": 0.12016448810484887
    },
    {
      "date": "2024-10-27T00:00:00",
      "quarter_label": "2024-10 (Q4)",
      "revenue": 11144000000,
      "gross_profit": null,
      "operating_income": null,
      "net_income": 1245000000,
      "opex": 9625000000,
      "cogs": null,
      "rd": 626000000,
      "sga": 1232000000,
      "fcf": 4495000000,
      "ocf": 5092000000,
      "capex": -597000000,
      "gross_margin": null,
      "op_margin": null,
      "fcf_margin": 0.40335606604450824,
      "rev_growth_yoy": -0.276927069815728,
      "rev_growth_yoy_accel": -0.10927945257631277,
      "fcf_margin_change": 0.18506227042407028
    },
    {
      "date": "2025-01-26T00:00:00",
      "quarter_label": "2025-01 (Q1)",
      "revenue": 8508000000,
      "gross_profit": null,
      "operating_income": null,
      "net_income": 869000000,
      "opex": 7613000000,
      "cogs": null,
      "rd": 526000000,
      "sga": 972000000,
      "fcf": -1484000000,
      "ocf": -1132000000,
      "capex": -352000000,
      "gross_margin": null,
      "op_margin": null,
      "fcf_margin": -0.17442407146215327,
      "rev_growth_yoy": -0.3017644645055396,
      "rev_growth_yoy_accel": -0.02483739468981161,
      "fcf_margin_change": -0.5777801375066616
    },
    {
      "date": "2025-04-27T00:00:00",
      "quarter_label": "2025-04 (Q2)",
      "revenue": 12763000000,
      "gross_profit": null,
      "operating_income": null,
      "net_income": 1804000000,
      "opex": 10426000000,
      "cogs": null,
      "rd": 549000000,
      "sga": 1197000000,
      "fcf": 1497000000,
      "ocf": 1700000000,
      "capex": -203000000,
      "gross_margin": null,
      "op_margin": null,
      "fcf_margin": 0.11729217268667241,
      "rev_growth_yoy": -0.16225795864785034,
      "rev_growth_yoy_accel": 0.13950650585768928,
      "op_leverage_ratio": 1.353499752893536,
      "fcf_margin_change": 0.2917162441488257
    },
    {
      "date": "2025-07-27T00:00:00",
      "quarter_label": "2025-07 (Q3)",
      "revenue": 12018000000,
      "gross_profit": null,
      "operating_income": null,
      "net_income": 1289000000,
      "opex": 10418000000,
      "cogs": null,
      "rd": 556000000,
      "sga": 1217000000,
      "fcf": 2599000000,
      "ocf": 2896000000,
      "capex": -297000000,
      "gross_margin": null,
      "op_margin": null,
      "fcf_margin": 0.2162589449159594,
      "rev_growth_yoy": -0.08622262773722628,
      "rev_growth_yoy_accel": 0.07603533091062406,
      "fcf_margin_change": 0.09896677222928699
    },
    {
      "date": "2025-11-02T00:00:00",
      "quarter_label": "2025-11 (Q4)",
      "revenue": 12394000000,
      "gross_profit": null,
      "operating_income": null,
      "net_income": 1065000000,
      "opex": 10969000000,
      "cogs": null,
      "rd": 680000000,
      "sga": 1276000000,
      "fcf": 3487000000,
      "ocf": 3995000000,
      "capex": -508000000,
      "gross_margin": null,
      "op_margin": null,
      "fcf_margin": 0.28134581248991447,
      "rev_growth_yoy": 0.11216798277099785,
      "rev_growth_yoy_accel": 0.19839061050822412,
      "op_leverage_ratio": 0.5915458330954868,
      "fcf_margin_change": 0.06508686757395507
    }
  ],
  "signals": [
    {
      "quarter": "2025-11 (Q4)",
      "signal": "FCF MARGIN EXPANSION",
      "detail": "FCF margin: +21.6% -> +28.1% (+6.5%)",
      "severity": "MEDIUM"
    },
    {
      "quarter": "2025-11 (Q4)",
      "signal": "YoY REVENUE GROWTH ACCELERATION",
      "detail": "YoY growth: +11.2% vs prior quarter YoY: -8.6% (accel: +19.8%)",
      "severity": "HIGH"
    },
    {
      "quarter": "2025-07 (Q3)",
      "signal": "FCF MARGIN EXPANSION",
      "detail": "FCF margin: +11.7% -> +21.6% (+9.9%)",
      "severity": "MEDIUM"
    },
    {
      "quarter": "2025-07 (Q3)",
      "signal": "YoY REVENUE GROWTH ACCELERATION",
      "detail": "YoY growth: -8.6% vs prior quarter YoY: -16.2% (accel: +7.6%)",
      "severity": "MEDIUM"
    },
    {
      "quarter": "2025-04 (Q2)",
      "signal": "FCF TURNED POSITIVE",
      "detail": "FCF margin: -17.4% -> +11.7%",
      "severity": "HIGH"
    },
    {
      "quarter": "2025-04 (Q2)",
      "signal": "YoY REVENUE GROWTH ACCELERATION",
      "detail": "YoY growth: -16.2% vs prior quarter YoY: -30.2% (accel: +14.0%)",
      "severity": "MEDIUM"
    },
    {
      "quarter": "2024-10 (Q4)",
      "signal": "FCF MARGIN EXPANSION",
      "detail": "FCF margin: +21.8% -> +40.3% (+18.5%)",
      "severity": "MEDIUM"
    },
    {
      "quarter": "2024-10 (Q4)",
      "signal": "YoY REVENUE GROWTH DECELERATION",
      "detail": "YoY growth: -27.7% vs prior quarter YoY: -16.8% (decel: -10.9%)",
      "severity": "WARNING"
    },
    {
      "quarter": "2024-07 (Q3)",
      "signal": "FCF MARGIN EXPANSION",
      "detail": "FCF margin: +9.8% -> +21.8% (+12.0%)",
      "severity": "MEDIUM"
    },
    {
      "quarter": "2024-04 (Q2)",
      "signal": "FCF TURNED POSITIVE",
      "detail": "FCF margin: -10.4% -> +9.8%",
      "severity": "HIGH"
    },
    {
      "quarter": "2024-04 (Q2)",
      "signal": "YoY REVENUE GROWTH DECELERATION",
      "detail": "YoY growth: -12.4% vs prior quarter YoY: -3.7% (decel: -8.7%)",
      "severity": "WARNING"
    },
    {
      "quarter": "2023-10 (Q4)",
      "signal": "FCF MARGIN EXPANSION",
      "detail": "FCF margin: +17.3% -> +33.0% (+15.6%)",
      "severity": "MEDIUM"
    },
    {
      "quarter": "2023-10 (Q4)",
      "signal": "YoY REVENUE GROWTH DECELERATION",
      "detail": "YoY growth: -0.8% vs prior quarter YoY: +12.0% (decel: -12.8%)",
      "severity": "WARNING"
    },
    {
      "quarter": "2023-07 (Q3)",
      "signal": "FCF MARGIN EXPANSION",
      "detail": "FCF margin: +4.8% -> +17.3% (+12.6%)",
      "severity": "MEDIUM"
    },
    {
      "quarter": "2023-07 (Q3)",
      "signal": "YoY REVENUE GROWTH DECELERATION",
      "detail": "YoY growth: +12.0% vs prior quarter YoY: +30.0% (decel: -18.0%)",
      "severity": "WARNING"
    },
    {
      "quarter": "2023-07 (Q3)",
      "signal": "INCREMENTAL MARGIN (YoY)",
      "detail": "YoY Incr OPM: +51.2% vs year-ago OPM: +18.8%",
      "severity": "HIGH"
    },
    {
      "quarter": "2023-04 (Q2)",
      "signal": "FCF TURNED POSITIVE",
      "detail": "FCF margin: -12.3% -> +4.8%",
      "severity": "HIGH"
    },
    {
      "quarter": "2023-04 (Q2)",
      "signal": "INCREMENTAL MARGIN (YoY)",
      "detail": "YoY Incr OPM: +30.6% vs year-ago OPM: +20.0%",
      "severity": "MEDIUM"
    },
    {
      "quarter": "2023-01 (Q1)",
      "signal": "INCREMENTAL MARGIN (YoY)",
      "detail": "YoY Incr OPM: +41.6% vs year-ago OPM: +12.9%",
      "severity": "HIGH"
    },
    {
      "quarter": "2022-10 (Q4)",
      "signal": "FCF MARGIN EXPANSION",
      "detail": "FCF margin: +13.7% -> +24.1% (+10.4%)",
      "severity": "MEDIUM"
    },
    {
      "quarter": "2022-10 (Q4)",
      "signal": "YoY REVENUE GROWTH ACCELERATION",
      "detail": "YoY growth: +37.2% vs prior quarter YoY: +22.3% (accel: +14.8%)",
      "severity": "MEDIUM"
    },
    {
      "quarter": "2022-10 (Q4)",
      "signal": "INCREMENTAL MARGIN (YoY)",
      "detail": "YoY Incr OPM: +30.0% vs year-ago OPM: +14.9%",
      "severity": "MEDIUM"
    },
    {
      "quarter": "2022-07 (Q3)",
      "signal": "FCF MARGIN EXPANSION",
      "detail": "FCF margin: +4.8% -> +13.7% (+8.9%)",
      "severity": "MEDIUM"
    },
    {
      "quarter": "2022-07 (Q3)",
      "signal": "YoY REVENUE GROWTH ACCELERATION",
      "detail": "YoY growth: +22.3% vs prior quarter YoY: +10.9% (accel: +11.5%)",
      "severity": "MEDIUM"
    },
    {
      "quarter": "2022-05 (Q2)",
      "signal": "FCF TURNED POSITIVE",
      "detail": "FCF margin: -28.7% -> +4.8%",
      "severity": "HIGH"
    },
    {
      "quarter": "2022-05 (Q2)",
      "signal": "YoY REVENUE GROWTH ACCELERATION",
      "detail": "YoY growth: +10.9% vs prior quarter YoY: +5.0% (accel: +5.9%)",
      "severity": "MEDIUM"
    },
    {
      "quarter": "2021-10 (Q4)",
      "signal": "FCF MARGIN EXPANSION",
      "detail": "FCF margin: +20.4% -> +27.0% (+6.5%)",
      "severity": "MEDIUM"
    },
    {
      "quarter": "2021-08 (Q3)",
      "signal": "FCF MARGIN EXPANSION",
      "detail": "FCF margin: +12.2% -> +20.4% (+8.2%)",
      "severity": "MEDIUM"
    },
    {
      "quarter": "2021-05 (Q2)",
      "signal": "FCF TURNED POSITIVE",
      "detail": "FCF margin: -0.1% -> +12.2%",
      "severity": "HIGH"
    }
  ],
  "data_quality": {
    "n_quarters": 20,
    "coverage": {
      "revenue": [
        20,
        20
      ],
      "gross_profit": [
        0,
        20
      ],
      "op_income": [
        12,
        20
      ],
      "fcf": [
        20,
        20
      ]
    },
    "gaps": [],
    "warnings": [
      "gross_profit: no data",
      "op_income: 12/20Q"
    ]
  },
  "market_cap": null,
  "source": "SEC EDGAR",
  "last_updated": "2026-02-02T19:47:16.217478",
  "sector": "Industrials",
  "industry": "Farm & Heavy Construction Machinery"
}