{
  "ticker": "DEA",
  "name": "EASTERLY GOVERNMENT PROPERTIES, INC.",
  "sector": "Real Estate",
  "industry": "REIT - Office",
  "quarters": [
    {
      "date": "2021-03-31T00:00:00",
      "quarter_label": "2021-03 (Q1)",
      "revenue": 65001000,
      "gross_profit": 52907000,
      "operating_income": null,
      "net_income": 6991000,
      "opex": 48000000,
      "cogs": 12094000,
      "rd": null,
      "sga": null,
      "fcf": 26012000,
      "ocf": 26012000,
      "capex": null,
      "gross_margin": 0.813941323979631,
      "op_margin": null,
      "fcf_margin": 0.40017845879294167
    },
    {
      "date": "2021-06-30T00:00:00",
      "quarter_label": "2021-06 (Q2)",
      "revenue": 68614000,
      "gross_profit": 54318000,
      "operating_income": null,
      "net_income": 8201000,
      "opex": 50625000,
      "cogs": 14296000,
      "rd": null,
      "sga": null,
      "fcf": 30705000,
      "ocf": 30705000,
      "capex": null,
      "gross_margin": 0.7916460197627306,
      "op_margin": null,
      "fcf_margin": 0.44750342495700585,
      "op_leverage_ratio": 1.0163887588542593,
      "fcf_margin_change": 0.047324966164064175
    },
    {
      "date": "2021-09-30T00:00:00",
      "quarter_label": "2021-09 (Q3)",
      "revenue": 69608000,
      "gross_profit": 54420000,
      "operating_income": null,
      "net_income": 7977000,
      "opex": 51990000,
      "cogs": 15188000,
      "rd": null,
      "sga": null,
      "fcf": 37742000,
      "ocf": 37742000,
      "capex": null,
      "gross_margin": 0.7818066888863349,
      "op_margin": null,
      "fcf_margin": 0.5422077922077922,
      "op_leverage_ratio": 0.5372866268601832,
      "fcf_margin_change": 0.0947043672507864
    },
    {
      "date": "2021-12-31T00:00:00",
      "quarter_label": "2021-12 (Q4)",
      "revenue": 71637000,
      "gross_profit": 56522000,
      "operating_income": null,
      "net_income": 6889000,
      "opex": 53234000,
      "cogs": 15115000,
      "rd": null,
      "sga": null,
      "fcf": 23885000,
      "ocf": 23885000,
      "capex": null,
      "gross_margin": 0.7890056814216118,
      "op_margin": null,
      "fcf_margin": 0.3334170889344892,
      "op_leverage_ratio": 1.2182104719825602,
      "fcf_margin_change": -0.20879070327330307
    },
    {
      "date": "2022-03-31T00:00:00",
      "quarter_label": "2022-03 (Q1)",
      "revenue": 72302000,
      "gross_profit": 56844000,
      "operating_income": null,
      "net_income": 7341000,
      "opex": 53788000,
      "cogs": 15458000,
      "rd": null,
      "sga": null,
      "fcf": 24112000,
      "ocf": 24112000,
      "capex": null,
      "gross_margin": 0.7862023180548255,
      "op_margin": null,
      "fcf_margin": 0.3334900832618738,
      "rev_growth_yoy": 0.11232134890232458,
      "fcf_margin_change": 7.299432738461231e-05
    },
    {
      "date": "2022-06-30T00:00:00",
      "quarter_label": "2022-06 (Q2)",
      "revenue": 72757000,
      "gross_profit": 57206000,
      "operating_income": null,
      "net_income": 7197000,
      "opex": 54013000,
      "cogs": 15551000,
      "rd": null,
      "sga": null,
      "fcf": 40242000,
      "ocf": 40242000,
      "capex": null,
      "gross_margin": 0.7862611157689294,
      "op_margin": null,
      "fcf_margin": 0.553101419794659,
      "rev_growth_yoy": 0.06038126329903518,
      "rev_growth_yoy_accel": -0.051940085603289395,
      "fcf_margin_change": 0.2196113365327852
    },
    {
      "date": "2022-09-30T00:00:00",
      "quarter_label": "2022-09 (Q3)",
      "revenue": 75041000,
      "gross_profit": 57239000,
      "operating_income": null,
      "net_income": 642000,
      "opex": 57174000,
      "cogs": 17802000,
      "rd": null,
      "sga": null,
      "fcf": 39429000,
      "ocf": 39429000,
      "capex": null,
      "gross_margin": 0.7627696859050386,
      "op_margin": null,
      "fcf_margin": 0.5254327634226623,
      "rev_growth_yoy": 0.0780513734053557,
      "rev_growth_yoy_accel": 0.017670110106320518,
      "op_leverage_ratio": 0.5364078438948835,
      "fcf_margin_change": -0.02766865637199667
    },
    {
      "date": "2022-12-31T00:00:00",
      "quarter_label": "2022-12 (Q4)",
      "revenue": 73506000,
      "gross_profit": 55536000,
      "operating_income": null,
      "net_income": 16294000,
      "opex": 57115000,
      "cogs": 17970000,
      "rd": null,
      "sga": null,
      "fcf": 22158000,
      "ocf": 22158000,
      "capex": null,
      "gross_margin": 0.7555301608031998,
      "op_margin": null,
      "fcf_margin": 0.3014447800179577,
      "rev_growth_yoy": 0.026089869760040203,
      "rev_growth_yoy_accel": -0.0519615036453155,
      "fcf_margin_change": -0.2239879834047046
    },
    {
      "date": "2023-03-31T00:00:00",
      "quarter_label": "2023-03 (Q1)",
      "revenue": 71220000,
      "gross_profit": 53332000,
      "operating_income": null,
      "net_income": 3891000,
      "opex": 56193000,
      "cogs": 17888000,
      "rd": null,
      "sga": null,
      "fcf": 21625000,
      "ocf": 21625000,
      "capex": null,
      "gross_margin": 0.748834597023308,
      "op_margin": null,
      "fcf_margin": 0.3036366189272676,
      "rev_growth_yoy": -0.014965007883599347,
      "rev_growth_yoy_accel": -0.04105487764363955,
      "fcf_margin_change": 0.0021918389093099067
    },
    {
      "date": "2023-06-30T00:00:00",
      "quarter_label": "2023-06 (Q2)",
      "revenue": 71373000,
      "gross_profit": 53744000,
      "operating_income": null,
      "net_income": 5103000,
      "opex": 55335000,
      "cogs": 17629000,
      "rd": null,
      "sga": null,
      "fcf": 37427000,
      "ocf": 37427000,
      "capex": null,
      "gross_margin": 0.753001835427963,
      "op_margin": null,
      "fcf_margin": 0.5243859722864388,
      "rev_growth_yoy": -0.019022224665667907,
      "rev_growth_yoy_accel": -0.00405721678206856,
      "fcf_margin_change": 0.22074935335917117
    },
    {
      "date": "2023-09-30T00:00:00",
      "quarter_label": "2023-09 (Q3)",
      "revenue": 72014000,
      "gross_profit": 53268000,
      "operating_income": null,
      "net_income": 5374000,
      "opex": 55233000,
      "cogs": 18746000,
      "rd": null,
      "sga": null,
      "fcf": 37893000,
      "ocf": 37893000,
      "capex": null,
      "gross_margin": 0.7396895048185075,
      "op_margin": null,
      "fcf_margin": 0.5261893520704307,
      "rev_growth_yoy": -0.04033794858810517,
      "rev_growth_yoy_accel": -0.02131572392243726,
      "fcf_margin_change": 0.0018033797839919208
    },
    {
      "date": "2023-12-31T00:00:00",
      "quarter_label": "2023-12 (Q4)",
      "revenue": 72620000,
      "gross_profit": 54919000,
      "operating_income": null,
      "net_income": 4436000,
      "opex": 55735000,
      "cogs": 17701000,
      "rd": null,
      "sga": null,
      "fcf": 17534000,
      "ocf": 17534000,
      "capex": null,
      "gross_margin": 0.7562517212889012,
      "op_margin": null,
      "fcf_margin": 0.24144863673919031,
      "rev_growth_yoy": -0.012053437814600169,
      "rev_growth_yoy_accel": 0.028284510773505,
      "fcf_margin_change": -0.2847407153312404
    },
    {
      "date": "2024-03-31T00:00:00",
      "quarter_label": "2024-03 (Q1)",
      "revenue": 72800000,
      "gross_profit": 56208000,
      "operating_income": null,
      "net_income": 4626000,
      "opex": 55495000,
      "cogs": 16592000,
      "rd": null,
      "sga": null,
      "fcf": 23891000,
      "ocf": 23891000,
      "capex": null,
      "gross_margin": 0.772087912087912,
      "op_margin": null,
      "fcf_margin": 0.3281730769230769,
      "rev_growth_yoy": 0.02218477955630441,
      "rev_growth_yoy_accel": 0.03423821737090458,
      "fcf_margin_change": 0.08672444018388659
    },
    {
      "date": "2024-06-30T00:00:00",
      "quarter_label": "2024-06 (Q2)",
      "revenue": 76221000,
      "gross_profit": 58103000,
      "operating_income": null,
      "net_income": 4611000,
      "opex": 57583000,
      "cogs": 18118000,
      "rd": null,
      "sga": null,
      "fcf": 57017000,
      "ocf": 57017000,
      "capex": null,
      "gross_margin": 0.7622964799727109,
      "op_margin": null,
      "fcf_margin": 0.7480484380944884,
      "rev_growth_yoy": 0.0679248455298222,
      "rev_growth_yoy_accel": 0.04574006597351779,
      "op_leverage_ratio": 1.248950011315313,
      "fcf_margin_change": 0.4198753611714115
    },
    {
      "date": "2024-09-30T00:00:00",
      "quarter_label": "2024-09 (Q3)",
      "revenue": 74781000,
      "gross_profit": 58071000,
      "operating_income": null,
      "net_income": 4863000,
      "opex": 55032000,
      "cogs": 16710000,
      "rd": null,
      "sga": null,
      "fcf": 57174000,
      "ocf": 57174000,
      "capex": null,
      "gross_margin": 0.7765475187547639,
      "op_margin": null,
      "fcf_margin": 0.7645524932803787,
      "rev_growth_yoy": 0.038423084400255506,
      "rev_growth_yoy_accel": -0.029501761129566692,
      "fcf_margin_change": 0.016504055185890265
    },
    {
      "date": "2024-12-31T00:00:00",
      "quarter_label": "2024-12 (Q4)",
      "revenue": 78250000,
      "gross_profit": 59519000,
      "operating_income": null,
      "net_income": 5453000,
      "opex": 57153000,
      "cogs": 18731000,
      "rd": null,
      "sga": null,
      "fcf": 24553000,
      "ocf": 24553000,
      "capex": null,
      "gross_margin": 0.7606261980830671,
      "op_margin": null,
      "fcf_margin": 0.31377635782747604,
      "rev_growth_yoy": 0.07752685210685761,
      "rev_growth_yoy_accel": 0.03910376770660211,
      "op_leverage_ratio": 1.2036151881267938,
      "fcf_margin_change": -0.4507761354529026
    },
    {
      "date": "2025-03-31T00:00:00",
      "quarter_label": "2025-03 (Q1)",
      "revenue": 78675000,
      "gross_profit": 60876000,
      "operating_income": null,
      "net_income": 3127000,
      "opex": 58837000,
      "cogs": 17799000,
      "rd": null,
      "sga": null,
      "fcf": 24187000,
      "ocf": 24187000,
      "capex": null,
      "gross_margin": 0.7737654909437559,
      "op_margin": null,
      "fcf_margin": 0.30742929774388306,
      "rev_growth_yoy": 0.08070054945054946,
      "rev_growth_yoy_accel": 0.003173697343691842,
      "fcf_margin_change": -0.006347060083592981
    },
    {
      "date": "2025-06-30T00:00:00",
      "quarter_label": "2025-06 (Q2)",
      "revenue": 84234000,
      "gross_profit": 65024000,
      "operating_income": null,
      "net_income": 4071000,
      "opex": 62860000,
      "cogs": 19210000,
      "rd": null,
      "sga": null,
      "fcf": 38111000,
      "ocf": 38111000,
      "capex": null,
      "gross_margin": 0.7719448203813187,
      "op_margin": null,
      "fcf_margin": 0.45244200679060714,
      "rev_growth_yoy": 0.10512850789152596,
      "rev_growth_yoy_accel": 0.024427958440976505,
      "op_leverage_ratio": 1.0333808532302464,
      "fcf_margin_change": 0.1450127090467241
    },
    {
      "date": "2025-09-30T00:00:00",
      "quarter_label": "2025-09 (Q3)",
      "revenue": 86151000,
      "gross_profit": 65436000,
      "operating_income": null,
      "net_income": 1213000,
      "opex": 64878000,
      "cogs": 20715000,
      "rd": null,
      "sga": null,
      "fcf": 154965000,
      "ocf": 154965000,
      "capex": null,
      "gross_margin": 0.7595500922798343,
      "op_margin": null,
      "fcf_margin": 1.7987603161890169,
      "rev_growth_yoy": 0.15204396838769207,
      "rev_growth_yoy_accel": 0.046915460496166114,
      "op_leverage_ratio": 0.7089047775801672,
      "fcf_margin_change": 1.3463183093984097
    },
    {
      "date": "2025-12-31T00:00:00",
      "quarter_label": "2025-12 (Q4)",
      "revenue": 87039000,
      "gross_profit": 67267000,
      "operating_income": null,
      "net_income": 4592000,
      "opex": 65749000,
      "cogs": 19772000,
      "rd": null,
      "sga": null,
      "fcf": 41931000,
      "ocf": 41931000,
      "capex": null,
      "gross_margin": 0.772837463665713,
      "op_margin": null,
      "fcf_margin": 0.4817495605418261,
      "rev_growth_yoy": 0.11231948881789137,
      "rev_growth_yoy_accel": -0.0397244795698007,
      "op_leverage_ratio": 0.7677714193143454,
      "fcf_margin_change": -1.3170107556471908
    }
  ],
  "signals": [
    {
      "quarter": "2025-09 (Q3)",
      "signal": "FCF MARGIN EXPANSION",
      "detail": "FCF margin: +45.2% -> +179.9% (+134.6%)",
      "severity": "MEDIUM"
    },
    {
      "quarter": "2025-06 (Q2)",
      "signal": "FCF MARGIN EXPANSION",
      "detail": "FCF margin: +30.7% -> +45.2% (+14.5%)",
      "severity": "MEDIUM"
    },
    {
      "quarter": "2024-06 (Q2)",
      "signal": "FCF MARGIN EXPANSION",
      "detail": "FCF margin: +32.8% -> +74.8% (+42.0%)",
      "severity": "MEDIUM"
    },
    {
      "quarter": "2024-03 (Q1)",
      "signal": "FCF MARGIN EXPANSION",
      "detail": "FCF margin: +24.1% -> +32.8% (+8.7%)",
      "severity": "MEDIUM"
    },
    {
      "quarter": "2023-06 (Q2)",
      "signal": "FCF MARGIN EXPANSION",
      "detail": "FCF margin: +30.4% -> +52.4% (+22.1%)",
      "severity": "MEDIUM"
    },
    {
      "quarter": "2022-12 (Q4)",
      "signal": "YoY REVENUE GROWTH DECELERATION",
      "detail": "YoY growth: +2.6% vs prior quarter YoY: +7.8% (decel: -5.2%)",
      "severity": "WARNING"
    },
    {
      "quarter": "2022-06 (Q2)",
      "signal": "FCF MARGIN EXPANSION",
      "detail": "FCF margin: +33.3% -> +55.3% (+22.0%)",
      "severity": "MEDIUM"
    },
    {
      "quarter": "2022-06 (Q2)",
      "signal": "YoY REVENUE GROWTH DECELERATION",
      "detail": "YoY growth: +6.0% vs prior quarter YoY: +11.2% (decel: -5.2%)",
      "severity": "WARNING"
    },
    {
      "quarter": "2021-09 (Q3)",
      "signal": "FCF MARGIN EXPANSION",
      "detail": "FCF margin: +44.8% -> +54.2% (+9.5%)",
      "severity": "MEDIUM"
    }
  ],
  "data_quality": {
    "n_quarters": 20,
    "coverage": {
      "revenue": [
        20,
        20
      ],
      "gross_profit": [
        20,
        20
      ],
      "op_income": [
        0,
        20
      ],
      "fcf": [
        20,
        20
      ]
    },
    "gaps": [],
    "warnings": [
      "op_income: no data"
    ]
  },
  "market_cap": null,
  "source": "SEC EDGAR",
  "last_updated": "2026-02-24T10:06:27.301584"
}