{
  "ticker": "DEI",
  "name": "Douglas Emmett, Inc.",
  "sector": "Real Estate",
  "industry": "REIT - Office",
  "quarters": [
    {
      "date": "2021-03-31T00:00:00",
      "quarter_label": "2021-03 (Q1)",
      "revenue": 216295000,
      "gross_profit": null,
      "operating_income": null,
      "net_income": 11601000,
      "opex": 173857000,
      "cogs": null,
      "rd": null,
      "sga": null,
      "fcf": 125044000,
      "ocf": 125044000,
      "capex": null,
      "gross_margin": null,
      "op_margin": null,
      "fcf_margin": 0.5781178483090224
    },
    {
      "date": "2021-06-30T00:00:00",
      "quarter_label": "2021-06 (Q2)",
      "revenue": 225006000,
      "gross_profit": null,
      "operating_income": null,
      "net_income": 16197000,
      "opex": 176250000,
      "cogs": null,
      "rd": null,
      "sga": null,
      "fcf": 96794000,
      "ocf": 96794000,
      "capex": null,
      "gross_margin": null,
      "op_margin": null,
      "fcf_margin": 0.43018408397998276,
      "op_leverage_ratio": 2.925977730013394,
      "fcf_margin_change": -0.1479337643290396
    },
    {
      "date": "2021-09-30T00:00:00",
      "quarter_label": "2021-09 (Q3)",
      "revenue": 238244000,
      "gross_profit": null,
      "operating_income": null,
      "net_income": 18141000,
      "opex": 184231000,
      "cogs": null,
      "rd": null,
      "sga": null,
      "fcf": 117744000,
      "ocf": 117744000,
      "capex": null,
      "gross_margin": null,
      "op_margin": null,
      "fcf_margin": 0.49421601383455616,
      "op_leverage_ratio": 1.299272039459894,
      "fcf_margin_change": 0.0640319298545734
    },
    {
      "date": "2021-12-31T00:00:00",
      "quarter_label": "2021-12 (Q4)",
      "revenue": 238852000,
      "gross_profit": null,
      "operating_income": null,
      "net_income": 19328000,
      "opex": 182906000,
      "cogs": null,
      "rd": null,
      "sga": null,
      "fcf": 107369000,
      "ocf": 107369000,
      "capex": null,
      "gross_margin": null,
      "op_margin": null,
      "fcf_margin": 0.449521042319093,
      "fcf_margin_change": -0.044694971515463144
    },
    {
      "date": "2022-03-31T00:00:00",
      "quarter_label": "2022-03 (Q1)",
      "revenue": 238882000,
      "gross_profit": 161335000,
      "operating_income": null,
      "net_income": 25514000,
      "opex": 178152000,
      "cogs": null,
      "rd": null,
      "sga": null,
      "fcf": 139470000,
      "ocf": 139470000,
      "capex": null,
      "gross_margin": 0.6753752898920806,
      "op_margin": null,
      "fcf_margin": 0.5838447434298105,
      "rev_growth_yoy": 0.10442682447583163,
      "fcf_margin_change": 0.1343237011107175
    },
    {
      "date": "2022-06-30T00:00:00",
      "quarter_label": "2022-06 (Q2)",
      "revenue": 246970000,
      "gross_profit": 165096000,
      "operating_income": null,
      "net_income": 24374000,
      "opex": 187482000,
      "cogs": null,
      "rd": null,
      "sga": null,
      "fcf": 116020000,
      "ocf": 116020000,
      "capex": null,
      "gross_margin": 0.6684860509373608,
      "op_margin": null,
      "fcf_margin": 0.4697736567194396,
      "rev_growth_yoy": 0.09761517470645227,
      "rev_growth_yoy_accel": -0.006811649769379355,
      "op_leverage_ratio": 0.6464973881143165,
      "fcf_margin_change": -0.11407108671037092
    },
    {
      "date": "2022-09-30T00:00:00",
      "quarter_label": "2022-09 (Q3)",
      "revenue": 253663000,
      "gross_profit": 165349000,
      "operating_income": null,
      "net_income": 22955000,
      "opex": 195862000,
      "cogs": null,
      "rd": null,
      "sga": null,
      "fcf": 126179000,
      "ocf": 126179000,
      "capex": null,
      "gross_margin": 0.6518451646475836,
      "op_margin": null,
      "fcf_margin": 0.49742768949354066,
      "rev_growth_yoy": 0.06471936334178405,
      "rev_growth_yoy_accel": -0.03289581136466822,
      "op_leverage_ratio": 0.606306441710766,
      "fcf_margin_change": 0.027654032774101056
    },
    {
      "date": "2022-12-31T00:00:00",
      "quarter_label": "2022-12 (Q4)",
      "revenue": 254137000,
      "gross_profit": 168051000,
      "operating_income": null,
      "net_income": 24302000,
      "opex": 190528000,
      "cogs": null,
      "rd": null,
      "sga": null,
      "fcf": 115219000,
      "ocf": 115219000,
      "capex": null,
      "gross_margin": 0.6612614455982403,
      "op_margin": null,
      "fcf_margin": 0.45337357409586165,
      "rev_growth_yoy": 0.0639936027330732,
      "rev_growth_yoy_accel": -0.0007257606087108515,
      "fcf_margin_change": -0.044054115397679006
    },
    {
      "date": "2023-03-31T00:00:00",
      "quarter_label": "2023-03 (Q1)",
      "revenue": 252393000,
      "gross_profit": 162737000,
      "operating_income": null,
      "net_income": 18373000,
      "opex": 193772000,
      "cogs": null,
      "rd": null,
      "sga": null,
      "fcf": 145474000,
      "ocf": 145474000,
      "capex": null,
      "gross_margin": 0.6447762021926123,
      "op_margin": null,
      "fcf_margin": 0.5763789011581145,
      "rev_growth_yoy": 0.05655930543113336,
      "rev_growth_yoy_accel": -0.007434297301939834,
      "fcf_margin_change": 0.12300532706225287
    },
    {
      "date": "2023-06-30T00:00:00",
      "quarter_label": "2023-06 (Q2)",
      "revenue": 253407000,
      "gross_profit": 164219000,
      "operating_income": null,
      "net_income": -7262000,
      "opex": 221693000,
      "cogs": null,
      "rd": null,
      "sga": null,
      "fcf": 96249000,
      "ocf": 96249000,
      "capex": null,
      "gross_margin": 0.6480444502322351,
      "op_margin": null,
      "fcf_margin": 0.3798198155536351,
      "rev_growth_yoy": 0.02606389440012957,
      "rev_growth_yoy_accel": -0.030495411031003793,
      "fcf_margin_change": -0.19655908560447943
    },
    {
      "date": "2023-09-30T00:00:00",
      "quarter_label": "2023-09 (Q3)",
      "revenue": 255409000,
      "gross_profit": 163522000,
      "operating_income": null,
      "net_income": -13362000,
      "opex": 226735000,
      "cogs": null,
      "rd": null,
      "sga": null,
      "fcf": 90486000,
      "ocf": 90486000,
      "capex": null,
      "gross_margin": 0.6402358569979915,
      "op_margin": null,
      "fcf_margin": 0.35427882337740646,
      "rev_growth_yoy": 0.006883148113836074,
      "rev_growth_yoy_accel": -0.019180746286293494,
      "fcf_margin_change": -0.025540992176228627
    },
    {
      "date": "2023-12-31T00:00:00",
      "quarter_label": "2023-12 (Q4)",
      "revenue": 259279000,
      "gross_profit": 168377000,
      "operating_income": null,
      "net_income": -40455000,
      "opex": 228618000,
      "cogs": null,
      "rd": null,
      "sga": null,
      "fcf": 94755000,
      "ocf": 94755000,
      "capex": null,
      "gross_margin": 0.6494046953281986,
      "op_margin": null,
      "fcf_margin": 0.3654557445840195,
      "rev_growth_yoy": 0.020233181315589623,
      "rev_growth_yoy_accel": 0.013350033201753549,
      "op_leverage_ratio": 1.8244964117791955,
      "fcf_margin_change": 0.011176921206613066
    },
    {
      "date": "2024-03-31T00:00:00",
      "quarter_label": "2024-03 (Q1)",
      "revenue": 244969000,
      "gross_profit": 161899000,
      "operating_income": null,
      "net_income": 8909000,
      "opex": 190410000,
      "cogs": null,
      "rd": null,
      "sga": null,
      "fcf": 139024000,
      "ocf": 139024000,
      "capex": null,
      "gross_margin": 0.6608958684568251,
      "op_margin": null,
      "fcf_margin": 0.5675167061954778,
      "rev_growth_yoy": -0.029414444933100362,
      "rev_growth_yoy_accel": -0.049647626248689986,
      "fcf_margin_change": 0.20206096161145826
    },
    {
      "date": "2024-06-30T00:00:00",
      "quarter_label": "2024-06 (Q2)",
      "revenue": 245777000,
      "gross_profit": 162669000,
      "operating_income": null,
      "net_income": 10878000,
      "opex": 190088000,
      "cogs": null,
      "rd": null,
      "sga": null,
      "fcf": 91864000,
      "ocf": 91864000,
      "capex": null,
      "gross_margin": 0.6618560727814238,
      "op_margin": null,
      "fcf_margin": 0.3737697180777697,
      "rev_growth_yoy": -0.030109665478854176,
      "rev_growth_yoy_accel": -0.0006952205457538135,
      "fcf_margin_change": -0.19374698811770807
    },
    {
      "date": "2024-09-30T00:00:00",
      "quarter_label": "2024-09 (Q3)",
      "revenue": 250753000,
      "gross_profit": 155987000,
      "operating_income": null,
      "net_income": 4618000,
      "opex": 202055000,
      "cogs": null,
      "rd": null,
      "sga": null,
      "fcf": 103702000,
      "ocf": 103702000,
      "capex": null,
      "gross_margin": 0.6220743121717387,
      "op_margin": null,
      "fcf_margin": 0.41356235020119403,
      "rev_growth_yoy": -0.01822958470531579,
      "rev_growth_yoy_accel": 0.011880080773538387,
      "op_leverage_ratio": 0.32159444846313173,
      "fcf_margin_change": 0.03979263212342432
    },
    {
      "date": "2024-12-31T00:00:00",
      "quarter_label": "2024-12 (Q4)",
      "revenue": 244979000,
      "gross_profit": 155665000,
      "operating_income": null,
      "net_income": -888000,
      "opex": 197109000,
      "cogs": null,
      "rd": null,
      "sga": null,
      "fcf": 74103000,
      "ocf": 74103000,
      "capex": null,
      "gross_margin": 0.6354218116654897,
      "op_margin": null,
      "fcf_margin": 0.3024871519599639,
      "rev_growth_yoy": -0.05515294335445601,
      "rev_growth_yoy_accel": -0.03692335864914022,
      "fcf_margin_change": -0.11107519824123013
    },
    {
      "date": "2025-03-31T00:00:00",
      "quarter_label": "2025-03 (Q1)",
      "revenue": 251535000,
      "gross_profit": 161927000,
      "operating_income": null,
      "net_income": 39800000,
      "opex": 198908000,
      "cogs": null,
      "rd": null,
      "sga": null,
      "fcf": 132636000,
      "ocf": 132636000,
      "capex": null,
      "gross_margin": 0.6437553421988987,
      "op_margin": null,
      "fcf_margin": 0.5273063390780607,
      "rev_growth_yoy": 0.02680339144953035,
      "rev_growth_yoy_accel": 0.08195633480398636,
      "op_leverage_ratio": 2.9321445644167374,
      "fcf_margin_change": 0.22481918711809679
    },
    {
      "date": "2025-06-30T00:00:00",
      "quarter_label": "2025-06 (Q2)",
      "revenue": 252434000,
      "gross_profit": 159645000,
      "operating_income": null,
      "net_income": -5835000,
      "opex": 206789000,
      "cogs": null,
      "rd": null,
      "sga": null,
      "fcf": 81291000,
      "ocf": 81291000,
      "capex": null,
      "gross_margin": 0.6324227322785362,
      "op_margin": null,
      "fcf_margin": 0.32202872830125895,
      "rev_growth_yoy": 0.027085528751673266,
      "rev_growth_yoy_accel": 0.0002821373021429166,
      "fcf_margin_change": -0.20527761077680173
    },
    {
      "date": "2025-09-30T00:00:00",
      "quarter_label": "2025-09 (Q3)",
      "revenue": 250580000,
      "gross_profit": 159398000,
      "operating_income": null,
      "net_income": -10854000,
      "opex": 203158000,
      "cogs": null,
      "rd": null,
      "sga": null,
      "fcf": 109769000,
      "ocf": 109769000,
      "capex": null,
      "gross_margin": 0.6361162103918908,
      "op_margin": null,
      "fcf_margin": 0.4380597014925373,
      "rev_growth_yoy": -0.0006899219550713252,
      "rev_growth_yoy_accel": -0.02777545070674459,
      "fcf_margin_change": 0.11603097319127836
    },
    {
      "date": "2025-12-31T00:00:00",
      "quarter_label": "2025-12 (Q4)",
      "revenue": 249433000,
      "gross_profit": 155075000,
      "operating_income": null,
      "net_income": -6844000,
      "opex": 204678000,
      "cogs": null,
      "rd": null,
      "sga": null,
      "fcf": 63157000,
      "ocf": 63157000,
      "capex": null,
      "gross_margin": 0.6217100383670164,
      "op_margin": null,
      "fcf_margin": 0.2532022627318759,
      "rev_growth_yoy": 0.018181150221039354,
      "rev_growth_yoy_accel": 0.018871072176110677,
      "fcf_margin_change": -0.1848574387606614
    }
  ],
  "signals": [
    {
      "quarter": "2025-09 (Q3)",
      "signal": "FCF MARGIN EXPANSION",
      "detail": "FCF margin: +32.2% -> +43.8% (+11.6%)",
      "severity": "MEDIUM"
    },
    {
      "quarter": "2025-03 (Q1)",
      "signal": "FCF MARGIN EXPANSION",
      "detail": "FCF margin: +30.2% -> +52.7% (+22.5%)",
      "severity": "MEDIUM"
    },
    {
      "quarter": "2025-03 (Q1)",
      "signal": "OPERATING LEVERAGE",
      "detail": "Rev growth +2.7% vs OpEx growth +0.9% (leverage: 2.9x)",
      "severity": "MEDIUM"
    },
    {
      "quarter": "2025-03 (Q1)",
      "signal": "YoY REVENUE GROWTH ACCELERATION",
      "detail": "YoY growth: +2.7% vs prior quarter YoY: -5.5% (accel: +8.2%)",
      "severity": "MEDIUM"
    },
    {
      "quarter": "2024-03 (Q1)",
      "signal": "FCF MARGIN EXPANSION",
      "detail": "FCF margin: +36.5% -> +56.8% (+20.2%)",
      "severity": "MEDIUM"
    },
    {
      "quarter": "2023-12 (Q4)",
      "signal": "OPERATING LEVERAGE",
      "detail": "Rev growth +1.5% vs OpEx growth +0.8% (leverage: 1.8x)",
      "severity": "MEDIUM"
    },
    {
      "quarter": "2023-03 (Q1)",
      "signal": "FCF MARGIN EXPANSION",
      "detail": "FCF margin: +45.3% -> +57.6% (+12.3%)",
      "severity": "MEDIUM"
    },
    {
      "quarter": "2022-03 (Q1)",
      "signal": "FCF MARGIN EXPANSION",
      "detail": "FCF margin: +45.0% -> +58.4% (+13.4%)",
      "severity": "MEDIUM"
    },
    {
      "quarter": "2021-09 (Q3)",
      "signal": "FCF MARGIN EXPANSION",
      "detail": "FCF margin: +43.0% -> +49.4% (+6.4%)",
      "severity": "MEDIUM"
    },
    {
      "quarter": "2021-06 (Q2)",
      "signal": "OPERATING LEVERAGE",
      "detail": "Rev growth +4.0% vs OpEx growth +1.4% (leverage: 2.9x)",
      "severity": "MEDIUM"
    }
  ],
  "data_quality": {
    "n_quarters": 20,
    "coverage": {
      "revenue": [
        20,
        20
      ],
      "gross_profit": [
        16,
        20
      ],
      "op_income": [
        0,
        20
      ],
      "fcf": [
        20,
        20
      ]
    },
    "gaps": [],
    "warnings": [
      "op_income: no data"
    ]
  },
  "market_cap": null,
  "source": "SEC EDGAR",
  "last_updated": "2026-02-24T10:16:42.036064"
}