{
  "ticker": "DENN",
  "name": "DENNY'S Corp",
  "quarters": [
    {
      "date": "2020-12-30T00:00:00",
      "quarter_label": "2020-12 (Q4)",
      "revenue": 80105000,
      "gross_profit": null,
      "operating_income": -1080000,
      "net_income": 2359000,
      "opex": 81185000,
      "cogs": null,
      "rd": null,
      "sga": null,
      "fcf": 8473000,
      "ocf": 8473000,
      "capex": null,
      "gross_margin": null,
      "op_margin": -0.013482304475376069,
      "fcf_margin": 0.10577367205542725
    },
    {
      "date": "2021-03-31T00:00:00",
      "quarter_label": "2021-03 (Q1)",
      "revenue": 80576000,
      "gross_profit": null,
      "operating_income": 5514000,
      "net_income": 23181000,
      "opex": 75062000,
      "cogs": null,
      "rd": null,
      "sga": null,
      "fcf": 10235000,
      "ocf": 10235000,
      "capex": null,
      "gross_margin": null,
      "op_margin": 0.06843228752978554,
      "fcf_margin": 0.12702293486894362,
      "fcf_margin_change": 0.02124926281351637
    },
    {
      "date": "2021-06-30T00:00:00",
      "quarter_label": "2021-06 (Q2)",
      "revenue": 106165000,
      "gross_profit": null,
      "operating_income": 18285000,
      "net_income": -828000,
      "opex": 87880000,
      "cogs": null,
      "rd": null,
      "sga": null,
      "fcf": 33136000,
      "ocf": 33136000,
      "capex": null,
      "gross_margin": null,
      "op_margin": 0.1722319031695945,
      "fcf_margin": 0.3121179296378279,
      "op_leverage_ratio": 1.859719628210354,
      "fcf_margin_change": 0.1850949947688843
    },
    {
      "date": "2021-09-29T00:00:00",
      "quarter_label": "2021-09 (Q3)",
      "revenue": 103794000,
      "gross_profit": null,
      "operating_income": 17652000,
      "net_income": 12265000,
      "opex": 86142000,
      "cogs": null,
      "rd": null,
      "sga": null,
      "fcf": 19858000,
      "ocf": 19858000,
      "capex": null,
      "gross_margin": null,
      "op_margin": 0.17006763396728133,
      "fcf_margin": 0.19132127097905466,
      "fcf_margin_change": -0.12079665865877326
    },
    {
      "date": "2021-12-29T00:00:00",
      "quarter_label": "2021-12 (Q4)",
      "revenue": 107639000,
      "gross_profit": null,
      "operating_income": 62624000,
      "net_income": 43455000,
      "opex": -211057000,
      "cogs": null,
      "rd": null,
      "sga": null,
      "fcf": 12944000,
      "ocf": 12944000,
      "capex": null,
      "gross_margin": null,
      "op_margin": 0.5817965607261308,
      "fcf_margin": 0.12025381135090442,
      "incr_op_margin_yoy": 2.313648579937532,
      "rev_growth_yoy": 0.3437238624305599,
      "op_leverage_ratio": Infinity,
      "fcf_margin_change": -0.07106745962815024
    },
    {
      "date": "2022-03-30T00:00:00",
      "quarter_label": "2022-03 (Q1)",
      "revenue": 103107000,
      "gross_profit": null,
      "operating_income": 13307000,
      "net_income": 21855000,
      "opex": 20506000,
      "cogs": null,
      "rd": null,
      "sga": null,
      "fcf": -7064000,
      "ocf": -7064000,
      "capex": null,
      "gross_margin": null,
      "op_margin": 0.12906010261184983,
      "fcf_margin": -0.06851135228451996,
      "incr_op_margin_yoy": 0.3458790111402068,
      "rev_growth_yoy": 0.27962420571882446,
      "rev_growth_yoy_accel": -0.06409965671173545,
      "fcf_margin_change": -0.1887651636354244
    },
    {
      "date": "2022-06-29T00:00:00",
      "quarter_label": "2022-06 (Q2)",
      "revenue": 115017000,
      "gross_profit": null,
      "operating_income": 13865000,
      "net_income": 23003000,
      "opex": 21059000,
      "cogs": null,
      "rd": null,
      "sga": null,
      "fcf": 16673000,
      "ocf": 16673000,
      "capex": null,
      "gross_margin": null,
      "op_margin": 0.1205473973412626,
      "fcf_margin": 0.14496117965170366,
      "incr_op_margin_yoy": -0.49932218707636694,
      "rev_growth_yoy": 0.0833796448923845,
      "rev_growth_yoy_accel": -0.19624456082643996,
      "op_leverage_ratio": 4.283309262936547,
      "fcf_margin_change": 0.21347253193622362
    },
    {
      "date": "2022-09-28T00:00:00",
      "quarter_label": "2022-09 (Q3)",
      "revenue": 117456000,
      "gross_profit": null,
      "operating_income": 15802000,
      "net_income": 17083000,
      "opex": 18624000,
      "cogs": null,
      "rd": null,
      "sga": null,
      "fcf": 15341000,
      "ocf": 15341000,
      "capex": null,
      "gross_margin": null,
      "op_margin": 0.13453548562866094,
      "fcf_margin": 0.13061061163329246,
      "incr_op_margin_yoy": -0.13541209193383105,
      "rev_growth_yoy": 0.1316261055552344,
      "rev_growth_yoy_accel": 0.048246460662849905,
      "op_leverage_ratio": Infinity,
      "fcf_margin_change": -0.014350568018411197
    },
    {
      "date": "2022-12-28T00:00:00",
      "quarter_label": "2022-12 (Q4)",
      "revenue": 120849000,
      "gross_profit": null,
      "operating_income": 17640000,
      "net_income": 12771000,
      "opex": 20841000,
      "cogs": null,
      "rd": null,
      "sga": null,
      "fcf": 14502000,
      "ocf": 14502000,
      "capex": null,
      "gross_margin": null,
      "op_margin": 0.1459672814835042,
      "fcf_margin": 0.12000099297470397,
      "incr_op_margin_yoy": -3.4052990158970475,
      "rev_growth_yoy": 0.12272503460641589,
      "rev_growth_yoy_accel": -0.00890107094881852,
      "op_leverage_ratio": 0.24266990648293207,
      "fcf_margin_change": -0.01060961865858849
    },
    {
      "date": "2023-03-29T00:00:00",
      "quarter_label": "2023-03 (Q1)",
      "revenue": 117471000,
      "gross_profit": null,
      "operating_income": 16147000,
      "net_income": 597000,
      "opex": 22445000,
      "cogs": null,
      "rd": null,
      "sga": null,
      "fcf": 16153000,
      "ocf": 16153000,
      "capex": null,
      "gross_margin": null,
      "op_margin": 0.13745520170935804,
      "fcf_margin": 0.13750627814524435,
      "incr_op_margin_yoy": 0.19771651350598718,
      "rev_growth_yoy": 0.1393115889318863,
      "rev_growth_yoy_accel": 0.016586554325470418,
      "fcf_margin_change": 0.017505285170540383
    },
    {
      "date": "2023-06-28T00:00:00",
      "quarter_label": "2023-06 (Q2)",
      "revenue": 116915000,
      "gross_profit": null,
      "operating_income": 14934000,
      "net_income": 8538000,
      "opex": 24953000,
      "cogs": null,
      "rd": null,
      "sga": null,
      "fcf": 19498000,
      "ocf": 19498000,
      "capex": null,
      "gross_margin": null,
      "op_margin": 0.12773382371808578,
      "fcf_margin": 0.16677073087285635,
      "incr_op_margin_yoy": 0.5632244467860906,
      "rev_growth_yoy": 0.01650190841353887,
      "rev_growth_yoy_accel": -0.12280968051834744,
      "fcf_margin_change": 0.029264452727611995
    },
    {
      "date": "2023-09-27T00:00:00",
      "quarter_label": "2023-09 (Q3)",
      "revenue": 114183000,
      "gross_profit": null,
      "operating_income": 14018000,
      "net_income": 7908000,
      "opex": 24462000,
      "cogs": null,
      "rd": null,
      "sga": null,
      "fcf": 15117000,
      "ocf": 15117000,
      "capex": null,
      "gross_margin": null,
      "op_margin": 0.12276783759403764,
      "fcf_margin": 0.13239273797325346,
      "incr_op_margin_yoy": 0.5450656889703636,
      "rev_growth_yoy": -0.02786575398447078,
      "rev_growth_yoy_accel": -0.04436766239800965,
      "fcf_margin_change": -0.03437799289960289
    },
    {
      "date": "2023-12-27T00:00:00",
      "quarter_label": "2023-12 (Q4)",
      "revenue": 115353000,
      "gross_profit": null,
      "operating_income": 7724000,
      "net_income": 2902000,
      "opex": 29188000,
      "cogs": null,
      "rd": null,
      "sga": null,
      "fcf": 21357000,
      "ocf": 21357000,
      "capex": null,
      "gross_margin": null,
      "op_margin": 0.06695968028573163,
      "fcf_margin": 0.1851447296559257,
      "incr_op_margin_yoy": 1.804221251819505,
      "rev_growth_yoy": -0.04547824144179927,
      "rev_growth_yoy_accel": -0.017612487457328494,
      "op_leverage_ratio": 0.0530374526412003,
      "fcf_margin_change": 0.05275199168267225
    },
    {
      "date": "2024-03-27T00:00:00",
      "quarter_label": "2024-03 (Q1)",
      "revenue": 109974000,
      "gross_profit": null,
      "operating_income": 10006000,
      "net_income": 4691000,
      "opex": 24476000,
      "cogs": null,
      "rd": null,
      "sga": null,
      "fcf": 215000,
      "ocf": 215000,
      "capex": null,
      "gross_margin": null,
      "op_margin": 0.09098514194264098,
      "fcf_margin": 0.001955007547238438,
      "incr_op_margin_yoy": 0.8191276510604242,
      "rev_growth_yoy": -0.06382000663993667,
      "rev_growth_yoy_accel": -0.0183417651981374,
      "fcf_margin_change": -0.18318972210868728
    },
    {
      "date": "2024-06-26T00:00:00",
      "quarter_label": "2024-06 (Q2)",
      "revenue": 115927000,
      "gross_profit": null,
      "operating_income": 9115000,
      "net_income": 3568000,
      "opex": 25806000,
      "cogs": null,
      "rd": null,
      "sga": null,
      "fcf": 14181000,
      "ocf": 14181000,
      "capex": null,
      "gross_margin": null,
      "op_margin": 0.07862706703356423,
      "fcf_margin": 0.12232698163499443,
      "rev_growth_yoy": -0.008450583757430612,
      "rev_growth_yoy_accel": 0.055369422882506056,
      "op_leverage_ratio": 0.9961727659210221,
      "fcf_margin_change": 0.12037197408775599
    },
    {
      "date": "2024-09-25T00:00:00",
      "quarter_label": "2024-09 (Q3)",
      "revenue": 111759000,
      "gross_profit": null,
      "operating_income": 11741000,
      "net_income": 6516000,
      "opex": 24199000,
      "cogs": null,
      "rd": null,
      "sga": null,
      "fcf": 6551000,
      "ocf": 6551000,
      "capex": null,
      "gross_margin": null,
      "op_margin": 0.10505641603808194,
      "fcf_margin": 0.05861720308878927,
      "incr_op_margin_yoy": 0.9393564356435643,
      "rev_growth_yoy": -0.021229079635322248,
      "rev_growth_yoy_accel": -0.012778495877891635,
      "fcf_margin_change": -0.06370977854620516
    },
    {
      "date": "2024-12-25T00:00:00",
      "quarter_label": "2024-12 (Q4)",
      "revenue": 114674000,
      "gross_profit": null,
      "operating_income": 14454000,
      "net_income": 6796000,
      "opex": 22567000,
      "cogs": null,
      "rd": null,
      "sga": null,
      "fcf": 8540000,
      "ocf": 8540000,
      "capex": null,
      "gross_margin": null,
      "op_margin": 0.12604426461098417,
      "fcf_margin": 0.07447198144304724,
      "rev_growth_yoy": -0.005886279507251653,
      "rev_growth_yoy_accel": 0.015342800128070594,
      "op_leverage_ratio": Infinity,
      "fcf_margin_change": 0.015854778354257977
    },
    {
      "date": "2025-03-26T00:00:00",
      "quarter_label": "2025-03 (Q1)",
      "revenue": 111637000,
      "gross_profit": null,
      "operating_income": 5210000,
      "net_income": 326000,
      "opex": 28048000,
      "cogs": null,
      "rd": null,
      "sga": null,
      "fcf": 5015000,
      "ocf": 5015000,
      "capex": null,
      "gross_margin": null,
      "op_margin": 0.046669115078334246,
      "fcf_margin": 0.04492238236426991,
      "incr_op_margin_yoy": -2.883944678292243,
      "rev_growth_yoy": 0.015121756051430338,
      "rev_growth_yoy_accel": 0.02100803555868199,
      "fcf_margin_change": -0.029549599078777335
    },
    {
      "date": "2025-06-25T00:00:00",
      "quarter_label": "2025-06 (Q2)",
      "revenue": 117657000,
      "gross_profit": null,
      "operating_income": 8572000,
      "net_income": 2470000,
      "opex": 27523000,
      "cogs": null,
      "rd": null,
      "sga": null,
      "fcf": 9353000,
      "ocf": 9353000,
      "capex": null,
      "gross_margin": null,
      "op_margin": 0.07285584368120894,
      "fcf_margin": 0.07949378277535549,
      "incr_op_margin_yoy": -0.3138728323699422,
      "rev_growth_yoy": 0.014923184417780155,
      "rev_growth_yoy_accel": -0.0001985716336501825,
      "op_leverage_ratio": Infinity,
      "fcf_margin_change": 0.03457140041108558
    },
    {
      "date": "2025-09-24T00:00:00",
      "quarter_label": "2025-09 (Q3)",
      "revenue": 113244000,
      "gross_profit": null,
      "operating_income": 10394000,
      "net_income": 632000,
      "opex": 25872000,
      "cogs": null,
      "rd": null,
      "sga": null,
      "fcf": 15951000,
      "ocf": 15974000,
      "capex": -23000,
      "gross_margin": null,
      "op_margin": 0.09178411218254388,
      "fcf_margin": 0.14085514464342483,
      "incr_op_margin_yoy": -0.907070707070707,
      "rev_growth_yoy": 0.013287520468150215,
      "rev_growth_yoy_accel": -0.0016356639496299397,
      "fcf_margin_change": 0.06136136186806934
    }
  ],
  "signals": [
    {
      "quarter": "2025-09 (Q3)",
      "signal": "FCF MARGIN EXPANSION",
      "detail": "FCF margin: +7.9% -> +14.1% (+6.1%)",
      "severity": "MEDIUM"
    },
    {
      "quarter": "2024-09 (Q3)",
      "signal": "INCREMENTAL MARGIN (YoY)",
      "detail": "YoY Incr OPM: +93.9% vs year-ago OPM: +12.3%",
      "severity": "HIGH"
    },
    {
      "quarter": "2024-06 (Q2)",
      "signal": "FCF MARGIN EXPANSION",
      "detail": "FCF margin: +0.2% -> +12.2% (+12.0%)",
      "severity": "MEDIUM"
    },
    {
      "quarter": "2024-06 (Q2)",
      "signal": "YoY REVENUE GROWTH ACCELERATION",
      "detail": "YoY growth: -0.8% vs prior quarter YoY: -6.4% (accel: +5.5%)",
      "severity": "MEDIUM"
    },
    {
      "quarter": "2024-03 (Q1)",
      "signal": "INCREMENTAL MARGIN (YoY)",
      "detail": "YoY Incr OPM: +81.9% vs year-ago OPM: +13.7%",
      "severity": "HIGH"
    },
    {
      "quarter": "2023-12 (Q4)",
      "signal": "FCF MARGIN EXPANSION",
      "detail": "FCF margin: +13.2% -> +18.5% (+5.3%)",
      "severity": "MEDIUM"
    },
    {
      "quarter": "2023-12 (Q4)",
      "signal": "INCREMENTAL MARGIN (YoY)",
      "detail": "YoY Incr OPM: +180.4% vs year-ago OPM: +14.6%",
      "severity": "HIGH"
    },
    {
      "quarter": "2023-09 (Q3)",
      "signal": "INCREMENTAL MARGIN (YoY)",
      "detail": "YoY Incr OPM: +54.5% vs year-ago OPM: +13.5%",
      "severity": "HIGH"
    },
    {
      "quarter": "2023-06 (Q2)",
      "signal": "YoY REVENUE GROWTH DECELERATION",
      "detail": "YoY growth: +1.7% vs prior quarter YoY: +13.9% (decel: -12.3%)",
      "severity": "WARNING"
    },
    {
      "quarter": "2023-06 (Q2)",
      "signal": "INCREMENTAL MARGIN (YoY)",
      "detail": "YoY Incr OPM: +56.3% vs year-ago OPM: +12.1%",
      "severity": "HIGH"
    },
    {
      "quarter": "2022-06 (Q2)",
      "signal": "FCF TURNED POSITIVE",
      "detail": "FCF margin: -6.9% -> +14.5%",
      "severity": "HIGH"
    },
    {
      "quarter": "2022-06 (Q2)",
      "signal": "OPERATING LEVERAGE",
      "detail": "Rev growth +11.6% vs OpEx growth +2.7% (leverage: 4.3x)",
      "severity": "MEDIUM"
    },
    {
      "quarter": "2022-06 (Q2)",
      "signal": "YoY REVENUE GROWTH DECELERATION",
      "detail": "YoY growth: +8.3% vs prior quarter YoY: +28.0% (decel: -19.6%)",
      "severity": "WARNING"
    },
    {
      "quarter": "2022-03 (Q1)",
      "signal": "YoY REVENUE GROWTH DECELERATION",
      "detail": "YoY growth: +28.0% vs prior quarter YoY: +34.4% (decel: -6.4%)",
      "severity": "WARNING"
    },
    {
      "quarter": "2022-03 (Q1)",
      "signal": "INCREMENTAL MARGIN (YoY)",
      "detail": "YoY Incr OPM: +34.6% vs year-ago OPM: +6.8%",
      "severity": "HIGH"
    },
    {
      "quarter": "2021-12 (Q4)",
      "signal": "OP MARGIN TURNED POSITIVE (YoY)",
      "detail": "Op margin: -1.3% (year-ago) -> +58.2%",
      "severity": "HIGH"
    },
    {
      "quarter": "2021-06 (Q2)",
      "signal": "FCF MARGIN EXPANSION",
      "detail": "FCF margin: +12.7% -> +31.2% (+18.5%)",
      "severity": "MEDIUM"
    },
    {
      "quarter": "2021-06 (Q2)",
      "signal": "OPERATING LEVERAGE",
      "detail": "Rev growth +31.8% vs OpEx growth +17.1% (leverage: 1.9x)",
      "severity": "MEDIUM"
    },
    {
      "quarter": "2021-03 (Q1)",
      "signal": "OP MARGIN TURNED POSITIVE (QoQ)",
      "detail": "Op margin: -1.3% -> +6.8%",
      "severity": "HIGH"
    }
  ],
  "data_quality": {
    "n_quarters": 20,
    "coverage": {
      "revenue": [
        20,
        20
      ],
      "gross_profit": [
        0,
        20
      ],
      "op_income": [
        20,
        20
      ],
      "fcf": [
        20,
        20
      ]
    },
    "gaps": [],
    "warnings": [
      "gross_profit: no data"
    ]
  },
  "market_cap": null,
  "source": "SEC EDGAR",
  "last_updated": "2026-02-03T00:57:28.199813",
  "sector": "Consumer Cyclical",
  "industry": "Restaurants"
}