{
  "ticker": "DFH",
  "name": "DREAM FINDERS HOMES, INC.",
  "quarters": [
    {
      "date": "2020-12-31T00:00:00",
      "quarter_label": "2020-12 (Q4)",
      "revenue": 461100219,
      "gross_profit": 73855997,
      "operating_income": null,
      "net_income": 38228259,
      "opex": null,
      "cogs": 387244222,
      "rd": null,
      "sga": 35287713,
      "fcf": 93080291,
      "ocf": 93739815,
      "capex": -659524,
      "gross_margin": 0.1601734155758447,
      "op_margin": null,
      "fcf_margin": 0.20186564040647312
    },
    {
      "date": "2021-03-31T00:00:00",
      "quarter_label": "2021-03 (Q1)",
      "revenue": 343560365,
      "gross_profit": 52523604,
      "operating_income": null,
      "net_income": 16120645,
      "opex": null,
      "cogs": 291036761,
      "rd": null,
      "sga": 28148956,
      "fcf": -23133000,
      "ocf": -22423000,
      "capex": -710000,
      "gross_margin": 0.1528802776769666,
      "op_margin": null,
      "fcf_margin": -0.06733314537024665,
      "fcf_margin_change": -0.26919878577671974
    },
    {
      "date": "2021-06-30T00:00:00",
      "quarter_label": "2021-06 (Q2)",
      "revenue": 365276101,
      "gross_profit": 61686681,
      "operating_income": null,
      "net_income": 28573881,
      "opex": null,
      "cogs": 303589420,
      "rd": null,
      "sga": 28686162,
      "fcf": -71577000,
      "ocf": -71009000,
      "capex": -568000,
      "gross_margin": 0.16887686008234085,
      "op_margin": null,
      "fcf_margin": -0.1959531428528909,
      "fcf_margin_change": -0.12861999748264424
    },
    {
      "date": "2021-09-30T00:00:00",
      "quarter_label": "2021-09 (Q3)",
      "revenue": 362983638,
      "gross_profit": 59597204,
      "operating_income": null,
      "net_income": 19135499,
      "opex": null,
      "cogs": 303386434,
      "rd": null,
      "sga": 32434505,
      "fcf": -25458000,
      "ocf": -25040000,
      "capex": -418000,
      "gross_margin": 0.1641870259727795,
      "op_margin": null,
      "fcf_margin": -0.07013539271431292,
      "fcf_margin_change": 0.125817750138578
    },
    {
      "date": "2021-12-31T00:00:00",
      "quarter_label": "2021-12 (Q4)",
      "revenue": 852089702,
      "gross_profit": 139770579,
      "operating_income": null,
      "net_income": 57302478,
      "opex": null,
      "cogs": 712319123,
      "rd": null,
      "sga": 66317620,
      "fcf": 182366000,
      "ocf": 183444000,
      "capex": -1078000,
      "gross_margin": 0.16403270532660422,
      "op_margin": null,
      "fcf_margin": 0.21402206783153918,
      "rev_growth_yoy": 0.8479490290591252,
      "fcf_margin_change": 0.2841574605458521
    },
    {
      "date": "2022-03-31T00:00:00",
      "quarter_label": "2022-03 (Q1)",
      "revenue": 664066000,
      "gross_profit": 125198000,
      "operating_income": null,
      "net_income": 43716000,
      "opex": null,
      "cogs": 538868000,
      "rd": null,
      "sga": 61710000,
      "fcf": -123448000,
      "ocf": -122498000,
      "capex": -950000,
      "gross_margin": 0.18853246514653663,
      "op_margin": null,
      "fcf_margin": -0.18589718491836654,
      "rev_growth_yoy": 0.9328946748557564,
      "rev_growth_yoy_accel": 0.08494564579663122,
      "fcf_margin_change": -0.3999192527499057
    },
    {
      "date": "2022-06-30T00:00:00",
      "quarter_label": "2022-06 (Q2)",
      "revenue": 793134000,
      "gross_profit": 157712000,
      "operating_income": null,
      "net_income": 62624000,
      "opex": null,
      "cogs": 635422000,
      "rd": null,
      "sga": 66015000,
      "fcf": -94226000,
      "ocf": -93253000,
      "capex": -973000,
      "gross_margin": 0.19884660095267634,
      "op_margin": null,
      "fcf_margin": -0.11880211918793042,
      "rev_growth_yoy": 1.1713273817495111,
      "rev_growth_yoy_accel": 0.23843270689375473,
      "fcf_margin_change": 0.06709506573043612
    },
    {
      "date": "2022-09-30T00:00:00",
      "quarter_label": "2022-09 (Q3)",
      "revenue": 785669000,
      "gross_profit": 147213000,
      "operating_income": null,
      "net_income": 69641000,
      "opex": null,
      "cogs": 638456000,
      "rd": null,
      "sga": 68839000,
      "fcf": -67038000,
      "ocf": -64640000,
      "capex": -2398000,
      "gross_margin": 0.1873727994868068,
      "op_margin": null,
      "fcf_margin": -0.08532600878996116,
      "rev_growth_yoy": 1.1644749728361035,
      "rev_growth_yoy_accel": -0.006852408913407659,
      "fcf_margin_change": 0.03347611039796926
    },
    {
      "date": "2022-12-31T00:00:00",
      "quarter_label": "2022-12 (Q4)",
      "revenue": 1099466000,
      "gross_profit": 190073000,
      "operating_income": null,
      "net_income": 86332000,
      "opex": null,
      "cogs": 909393000,
      "rd": null,
      "sga": 74476000,
      "fcf": 251544000,
      "ocf": 252768000,
      "capex": -1224000,
      "gross_margin": 0.1728775605612179,
      "op_margin": null,
      "fcf_margin": 0.22878742953397377,
      "rev_growth_yoy": 0.2903172018384515,
      "rev_growth_yoy_accel": -0.874157770997652,
      "fcf_margin_change": 0.3141134383239349
    },
    {
      "date": "2023-03-31T00:00:00",
      "quarter_label": "2023-03 (Q1)",
      "revenue": 769420000,
      "gross_profit": 132076000,
      "operating_income": null,
      "net_income": 49089000,
      "opex": null,
      "cogs": 637344000,
      "rd": null,
      "sga": 60761000,
      "fcf": -36969000,
      "ocf": -35589000,
      "capex": -1380000,
      "gross_margin": 0.17165657248316915,
      "op_margin": null,
      "fcf_margin": -0.04804788022146552,
      "rev_growth_yoy": 0.1586498932335039,
      "rev_growth_yoy_accel": -0.1316673086049476,
      "fcf_margin_change": -0.2768353097554393
    },
    {
      "date": "2023-06-30T00:00:00",
      "quarter_label": "2023-06 (Q2)",
      "revenue": 945339000,
      "gross_profit": 182484000,
      "operating_income": null,
      "net_income": 68764000,
      "opex": null,
      "cogs": 762855000,
      "rd": null,
      "sga": 73709000,
      "fcf": 101752000,
      "ocf": 103375000,
      "capex": -1623000,
      "gross_margin": 0.19303551424409657,
      "op_margin": null,
      "fcf_margin": 0.10763546198771023,
      "rev_growth_yoy": 0.19190325972660358,
      "rev_growth_yoy_accel": 0.03325336649309968,
      "fcf_margin_change": 0.15568334220917576
    },
    {
      "date": "2023-09-30T00:00:00",
      "quarter_label": "2023-09 (Q3)",
      "revenue": 895830000,
      "gross_profit": 186544000,
      "operating_income": null,
      "net_income": 76097000,
      "opex": null,
      "cogs": 709286000,
      "rd": null,
      "sga": 79963000,
      "fcf": 86073000,
      "ocf": 86976000,
      "capex": -903000,
      "gross_margin": 0.20823593762209347,
      "op_margin": null,
      "fcf_margin": 0.09608184588593818,
      "rev_growth_yoy": 0.14021299045781366,
      "rev_growth_yoy_accel": -0.05169026926878992,
      "fcf_margin_change": -0.011553616101772052
    },
    {
      "date": "2023-12-31T00:00:00",
      "quarter_label": "2023-12 (Q4)",
      "revenue": 1137997000,
      "gross_profit": 235669000,
      "operating_income": null,
      "net_income": 101950000,
      "opex": null,
      "cogs": 902328000,
      "rd": null,
      "sga": 94362000,
      "fcf": 218597000,
      "ocf": 219472000,
      "capex": -875000,
      "gross_margin": 0.20709105560032232,
      "op_margin": null,
      "fcf_margin": 0.19208925858328274,
      "rev_growth_yoy": 0.035045194667229364,
      "rev_growth_yoy_accel": -0.1051677957905843,
      "fcf_margin_change": 0.09600741269734456
    },
    {
      "date": "2024-03-31T00:00:00",
      "quarter_label": "2024-03 (Q1)",
      "revenue": 827800000,
      "gross_profit": 149160000,
      "operating_income": null,
      "net_income": 54494000,
      "opex": null,
      "cogs": 678640000,
      "rd": null,
      "sga": 81793000,
      "fcf": -249605000,
      "ocf": -247531000,
      "capex": -2074000,
      "gross_margin": 0.1801884513167432,
      "op_margin": null,
      "fcf_margin": -0.3015281468953854,
      "rev_growth_yoy": 0.07587533466767175,
      "rev_growth_yoy_accel": 0.04083014000044239,
      "fcf_margin_change": -0.4936174054786681
    },
    {
      "date": "2024-06-30T00:00:00",
      "quarter_label": "2024-06 (Q2)",
      "revenue": 1055747000,
      "gross_profit": 202910000,
      "operating_income": null,
      "net_income": 80943000,
      "opex": null,
      "cogs": 852837000,
      "rd": null,
      "sga": 98926000,
      "fcf": -112415000,
      "ocf": -110597000,
      "capex": -1818000,
      "gross_margin": 0.19219566809093466,
      "op_margin": null,
      "fcf_margin": -0.10647910910473816,
      "rev_growth_yoy": 0.11679196563349233,
      "rev_growth_yoy_accel": 0.04091663096582057,
      "fcf_margin_change": 0.1950490377906472
    },
    {
      "date": "2024-09-30T00:00:00",
      "quarter_label": "2024-09 (Q3)",
      "revenue": 1006869000,
      "gross_profit": null,
      "operating_income": null,
      "net_income": 70651000,
      "opex": null,
      "cogs": null,
      "rd": null,
      "sga": 101886000,
      "fcf": -222527000,
      "ocf": -204975000,
      "capex": -17552000,
      "gross_margin": null,
      "op_margin": null,
      "fcf_margin": -0.22100888993503623,
      "rev_growth_yoy": 0.12395097284082918,
      "rev_growth_yoy_accel": 0.007159007207336851,
      "fcf_margin_change": -0.11452978083029806
    },
    {
      "date": "2024-12-31T00:00:00",
      "quarter_label": "2024-12 (Q4)",
      "revenue": 1560752000,
      "gross_profit": null,
      "operating_income": null,
      "net_income": 129253000,
      "opex": null,
      "cogs": null,
      "rd": null,
      "sga": 116806000,
      "fcf": 302554000,
      "ocf": 306455000,
      "capex": -3901000,
      "gross_margin": null,
      "op_margin": null,
      "fcf_margin": 0.1938514254666981,
      "rev_growth_yoy": 0.37149043450905406,
      "rev_growth_yoy_accel": 0.24753946166822488,
      "fcf_margin_change": 0.4148603154017343
    },
    {
      "date": "2025-03-31T00:00:00",
      "quarter_label": "2025-03 (Q1)",
      "revenue": 989871000,
      "gross_profit": null,
      "operating_income": null,
      "net_income": 54903000,
      "opex": null,
      "cogs": null,
      "rd": null,
      "sga": 116694000,
      "fcf": -47875000,
      "ocf": -44711000,
      "capex": -3164000,
      "gross_margin": null,
      "op_margin": null,
      "fcf_margin": -0.048364887950046016,
      "rev_growth_yoy": 0.19578521381976322,
      "rev_growth_yoy_accel": -0.17570522068929084,
      "fcf_margin_change": -0.2422163134167441
    },
    {
      "date": "2025-06-30T00:00:00",
      "quarter_label": "2025-06 (Q2)",
      "revenue": 1150505000,
      "gross_profit": null,
      "operating_income": null,
      "net_income": 56580000,
      "opex": null,
      "cogs": null,
      "rd": null,
      "sga": 134699000,
      "fcf": -78794000,
      "ocf": -68488000,
      "capex": -10306000,
      "gross_margin": null,
      "op_margin": null,
      "fcf_margin": -0.06848644725577029,
      "rev_growth_yoy": 0.08975445821773588,
      "rev_growth_yoy_accel": -0.10603075560202734,
      "fcf_margin_change": -0.02012155930572427
    },
    {
      "date": "2025-09-30T00:00:00",
      "quarter_label": "2025-09 (Q3)",
      "revenue": 969804000,
      "gross_profit": null,
      "operating_income": null,
      "net_income": 46997000,
      "opex": null,
      "cogs": null,
      "rd": null,
      "sga": 109509000,
      "fcf": -135729000,
      "ocf": -130981000,
      "capex": -4748000,
      "gross_margin": null,
      "op_margin": null,
      "fcf_margin": -0.13995508370763576,
      "rev_growth_yoy": -0.03681213742800702,
      "rev_growth_yoy_accel": -0.1265665956457429,
      "fcf_margin_change": -0.07146863645186548
    }
  ],
  "signals": [
    {
      "quarter": "2025-09 (Q3)",
      "signal": "YoY REVENUE GROWTH DECELERATION",
      "detail": "YoY growth: -3.7% vs prior quarter YoY: +9.0% (decel: -12.7%)",
      "severity": "WARNING"
    },
    {
      "quarter": "2025-06 (Q2)",
      "signal": "YoY REVENUE GROWTH DECELERATION",
      "detail": "YoY growth: +9.0% vs prior quarter YoY: +19.6% (decel: -10.6%)",
      "severity": "WARNING"
    },
    {
      "quarter": "2025-03 (Q1)",
      "signal": "YoY REVENUE GROWTH DECELERATION",
      "detail": "YoY growth: +19.6% vs prior quarter YoY: +37.1% (decel: -17.6%)",
      "severity": "WARNING"
    },
    {
      "quarter": "2024-12 (Q4)",
      "signal": "FCF TURNED POSITIVE",
      "detail": "FCF margin: -22.1% -> +19.4%",
      "severity": "HIGH"
    },
    {
      "quarter": "2024-12 (Q4)",
      "signal": "YoY REVENUE GROWTH ACCELERATION",
      "detail": "YoY growth: +37.1% vs prior quarter YoY: +12.4% (accel: +24.8%)",
      "severity": "HIGH"
    },
    {
      "quarter": "2024-06 (Q2)",
      "signal": "FCF MARGIN EXPANSION",
      "detail": "FCF margin: -30.2% -> -10.6% (+19.5%)",
      "severity": "MEDIUM"
    },
    {
      "quarter": "2023-12 (Q4)",
      "signal": "FCF MARGIN EXPANSION",
      "detail": "FCF margin: +9.6% -> +19.2% (+9.6%)",
      "severity": "MEDIUM"
    },
    {
      "quarter": "2023-12 (Q4)",
      "signal": "YoY REVENUE GROWTH DECELERATION",
      "detail": "YoY growth: +3.5% vs prior quarter YoY: +14.0% (decel: -10.5%)",
      "severity": "WARNING"
    },
    {
      "quarter": "2023-09 (Q3)",
      "signal": "YoY REVENUE GROWTH DECELERATION",
      "detail": "YoY growth: +14.0% vs prior quarter YoY: +19.2% (decel: -5.2%)",
      "severity": "WARNING"
    },
    {
      "quarter": "2023-06 (Q2)",
      "signal": "FCF TURNED POSITIVE",
      "detail": "FCF margin: -4.8% -> +10.8%",
      "severity": "HIGH"
    },
    {
      "quarter": "2023-06 (Q2)",
      "signal": "GROSS MARGIN INFLECTION",
      "detail": "GM: +17.3% -> +17.2% -> +19.3% (reversal +2.1%)",
      "severity": "MEDIUM"
    },
    {
      "quarter": "2023-03 (Q1)",
      "signal": "YoY REVENUE GROWTH DECELERATION",
      "detail": "YoY growth: +15.9% vs prior quarter YoY: +29.0% (decel: -13.2%)",
      "severity": "WARNING"
    },
    {
      "quarter": "2022-12 (Q4)",
      "signal": "FCF TURNED POSITIVE",
      "detail": "FCF margin: -8.5% -> +22.9%",
      "severity": "HIGH"
    },
    {
      "quarter": "2022-12 (Q4)",
      "signal": "YoY REVENUE GROWTH DECELERATION",
      "detail": "YoY growth: +29.0% vs prior quarter YoY: +116.4% (decel: -87.4%)",
      "severity": "WARNING"
    },
    {
      "quarter": "2022-06 (Q2)",
      "signal": "FCF MARGIN EXPANSION",
      "detail": "FCF margin: -18.6% -> -11.9% (+6.7%)",
      "severity": "MEDIUM"
    },
    {
      "quarter": "2022-06 (Q2)",
      "signal": "YoY REVENUE GROWTH ACCELERATION",
      "detail": "YoY growth: +117.1% vs prior quarter YoY: +93.3% (accel: +23.8%)",
      "severity": "HIGH"
    },
    {
      "quarter": "2022-03 (Q1)",
      "signal": "GROSS MARGIN INFLECTION",
      "detail": "GM: +16.4% -> +16.4% -> +18.9% (reversal +2.4%)",
      "severity": "MEDIUM"
    },
    {
      "quarter": "2022-03 (Q1)",
      "signal": "YoY REVENUE GROWTH ACCELERATION",
      "detail": "YoY growth: +93.3% vs prior quarter YoY: +84.8% (accel: +8.5%)",
      "severity": "MEDIUM"
    },
    {
      "quarter": "2021-12 (Q4)",
      "signal": "FCF TURNED POSITIVE",
      "detail": "FCF margin: -7.0% -> +21.4%",
      "severity": "HIGH"
    },
    {
      "quarter": "2021-09 (Q3)",
      "signal": "FCF MARGIN EXPANSION",
      "detail": "FCF margin: -19.6% -> -7.0% (+12.6%)",
      "severity": "MEDIUM"
    }
  ],
  "data_quality": {
    "n_quarters": 20,
    "coverage": {
      "revenue": [
        20,
        20
      ],
      "gross_profit": [
        15,
        20
      ],
      "op_income": [
        0,
        20
      ],
      "fcf": [
        20,
        20
      ]
    },
    "gaps": [],
    "warnings": [
      "gross_profit: 15/20Q",
      "op_income: no data"
    ]
  },
  "market_cap": null,
  "source": "SEC EDGAR",
  "last_updated": "2026-02-02T21:43:04.261776"
}