{
  "ticker": "DFPH",
  "name": "THE ONCOLOGY INSTITUTE, INC.",
  "quarters": [
    {
      "date": "2021-03-31T00:00:00",
      "quarter_label": "2021-03 (Q1)",
      "revenue": 48580000,
      "gross_profit": null,
      "operating_income": -237328,
      "net_income": 5685300,
      "opex": null,
      "cogs": null,
      "rd": null,
      "sga": 11178000,
      "fcf": -155000,
      "ocf": 464000,
      "capex": -619000,
      "gross_margin": null,
      "op_margin": -0.004885302593659943,
      "fcf_margin": -0.0031906134211609717
    },
    {
      "date": "2021-06-30T00:00:00",
      "quarter_label": "2021-06 (Q2)",
      "revenue": 49844000,
      "gross_profit": null,
      "operating_income": -2635790,
      "net_income": -6120741,
      "opex": null,
      "cogs": null,
      "rd": null,
      "sga": 11212000,
      "fcf": -7537000,
      "ocf": -7130000,
      "capex": -407000,
      "gross_margin": null,
      "op_margin": -0.05288078805874328,
      "fcf_margin": -0.1512117807559586,
      "fcf_margin_change": -0.14802116733479762
    },
    {
      "date": "2021-09-30T00:00:00",
      "quarter_label": "2021-09 (Q3)",
      "revenue": 52275000,
      "gross_profit": null,
      "operating_income": -1575832,
      "net_income": -432034,
      "opex": null,
      "cogs": null,
      "rd": null,
      "sga": 12730000,
      "fcf": -3629000,
      "ocf": -2679000,
      "capex": -950000,
      "gross_margin": null,
      "op_margin": -0.030145040650406504,
      "fcf_margin": -0.06942132950741273,
      "fcf_margin_change": 0.08179045124854586
    },
    {
      "date": "2021-12-31T00:00:00",
      "quarter_label": "2021-12 (Q4)",
      "revenue": 52304000,
      "gross_profit": null,
      "operating_income": -41409051,
      "net_income": -10059525,
      "opex": null,
      "cogs": null,
      "rd": null,
      "sga": 48245000,
      "fcf": -24206000,
      "ocf": -23335000,
      "capex": -871000,
      "gross_margin": null,
      "op_margin": -0.7916995067298869,
      "fcf_margin": -0.46279443254817987,
      "fcf_margin_change": -0.3933731030407671
    },
    {
      "date": "2022-03-31T00:00:00",
      "quarter_label": "2022-03 (Q1)",
      "revenue": 55161000,
      "gross_profit": null,
      "operating_income": -18471000,
      "net_income": 19286000,
      "opex": null,
      "cogs": null,
      "rd": null,
      "sga": 29806000,
      "fcf": -17983000,
      "ocf": -16981000,
      "capex": -1002000,
      "gross_margin": null,
      "op_margin": -0.33485614836569316,
      "fcf_margin": -0.326009318177698,
      "incr_op_margin_yoy": -2.7706537000455858,
      "rev_growth_yoy": 0.1354672704816797,
      "fcf_margin_change": 0.13678511437048185
    },
    {
      "date": "2022-06-30T00:00:00",
      "quarter_label": "2022-06 (Q2)",
      "revenue": 60921000,
      "gross_profit": null,
      "operating_income": -18304000,
      "net_income": -5453000,
      "opex": null,
      "cogs": null,
      "rd": null,
      "sga": 28348000,
      "fcf": -11721000,
      "ocf": -10379000,
      "capex": -1342000,
      "gross_margin": null,
      "op_margin": -0.30045468721787233,
      "fcf_margin": -0.19239671049391835,
      "incr_op_margin_yoy": -1.4144813577683488,
      "rev_growth_yoy": 0.2222333681084985,
      "rev_growth_yoy_accel": 0.0867660976268188,
      "fcf_margin_change": 0.13361260768377967
    },
    {
      "date": "2022-09-30T00:00:00",
      "quarter_label": "2022-09 (Q3)",
      "revenue": 64977000,
      "gross_profit": null,
      "operating_income": -20097000,
      "net_income": -2674000,
      "opex": null,
      "cogs": null,
      "rd": null,
      "sga": 31963000,
      "fcf": -21589000,
      "ocf": -20399000,
      "capex": -1190000,
      "gross_margin": null,
      "op_margin": -0.3092940578974099,
      "fcf_margin": -0.33225602905643536,
      "incr_op_margin_yoy": -1.458130058258542,
      "rev_growth_yoy": 0.2429842180774749,
      "rev_growth_yoy_accel": 0.020750849968976387,
      "fcf_margin_change": -0.13985931856251702
    },
    {
      "date": "2022-12-31T00:00:00",
      "quarter_label": "2022-12 (Q4)",
      "revenue": 71424000,
      "gross_profit": null,
      "operating_income": -25079000,
      "net_income": -11007000,
      "opex": null,
      "cogs": null,
      "rd": null,
      "sga": 29572000,
      "fcf": -15992000,
      "ocf": -13997000,
      "capex": -1995000,
      "gross_margin": null,
      "op_margin": -0.3511284722222222,
      "fcf_margin": -0.22390232974910393,
      "incr_op_margin_yoy": 0.8540821652719666,
      "rev_growth_yoy": 0.36555521566228205,
      "rev_growth_yoy_accel": 0.12257099758480716,
      "fcf_margin_change": 0.10835369930733144
    },
    {
      "date": "2023-03-31T00:00:00",
      "quarter_label": "2023-03 (Q1)",
      "revenue": 76192000,
      "gross_profit": null,
      "operating_income": -32867000,
      "net_income": -29998000,
      "opex": null,
      "cogs": null,
      "rd": null,
      "sga": 28830000,
      "fcf": -17291000,
      "ocf": -15452000,
      "capex": -1839000,
      "gross_margin": null,
      "op_margin": -0.4313707475850483,
      "fcf_margin": -0.22693983620327593,
      "incr_op_margin_yoy": -0.6845133374542343,
      "rev_growth_yoy": 0.38126574935189717,
      "rev_growth_yoy_accel": 0.015710533689615114,
      "fcf_margin_change": -0.003037506454172001
    },
    {
      "date": "2023-06-30T00:00:00",
      "quarter_label": "2023-06 (Q2)",
      "revenue": 80224000,
      "gross_profit": null,
      "operating_income": -14938000,
      "net_income": -16897000,
      "opex": null,
      "cogs": null,
      "rd": null,
      "sga": 28726000,
      "fcf": -9597000,
      "ocf": -8660000,
      "capex": -937000,
      "gross_margin": null,
      "op_margin": -0.1862036298364579,
      "fcf_margin": -0.11962754287993618,
      "incr_op_margin_yoy": 0.17437703983836708,
      "rev_growth_yoy": 0.3168529735230873,
      "rev_growth_yoy_accel": -0.06441277582880989,
      "fcf_margin_change": 0.10731229332333975
    },
    {
      "date": "2023-09-30T00:00:00",
      "quarter_label": "2023-09 (Q3)",
      "revenue": 82035000,
      "gross_profit": null,
      "operating_income": -13925000,
      "net_income": -17419000,
      "opex": null,
      "cogs": null,
      "rd": null,
      "sga": 28205000,
      "fcf": -9240000,
      "ocf": -8310000,
      "capex": -930000,
      "gross_margin": null,
      "op_margin": -0.16974462119826902,
      "fcf_margin": -0.112634850978241,
      "incr_op_margin_yoy": 0.36182436393481066,
      "rev_growth_yoy": 0.262523662218939,
      "rev_growth_yoy_accel": -0.05432931130414825,
      "fcf_margin_change": 0.006992691901695186
    },
    {
      "date": "2023-12-31T00:00:00",
      "quarter_label": "2023-12 (Q4)",
      "revenue": 85788000,
      "gross_profit": null,
      "operating_income": -15288000,
      "net_income": -18754000,
      "opex": null,
      "cogs": null,
      "rd": null,
      "sga": 28090000,
      "fcf": -4754000,
      "ocf": -3893000,
      "capex": -861000,
      "gross_margin": null,
      "op_margin": -0.17820674220170654,
      "fcf_margin": -0.05541567585210053,
      "incr_op_margin_yoy": 0.6816346421609579,
      "rev_growth_yoy": 0.20110887096774194,
      "rev_growth_yoy_accel": -0.06141479125119709,
      "fcf_margin_change": 0.05721917512614047
    },
    {
      "date": "2024-03-31T00:00:00",
      "quarter_label": "2024-03 (Q1)",
      "revenue": 94666000,
      "gross_profit": null,
      "operating_income": -17972000,
      "net_income": -19889000,
      "opex": null,
      "cogs": null,
      "rd": null,
      "sga": 28452000,
      "fcf": -16493000,
      "ocf": -15883000,
      "capex": -610000,
      "gross_margin": null,
      "op_margin": -0.18984640736906597,
      "fcf_margin": -0.1742230579088585,
      "incr_op_margin_yoy": 0.80626826891848,
      "rev_growth_yoy": 0.24246640067198655,
      "rev_growth_yoy_accel": 0.04135752970424461,
      "fcf_margin_change": -0.11880738205675798
    },
    {
      "date": "2024-06-30T00:00:00",
      "quarter_label": "2024-06 (Q2)",
      "revenue": 98578000,
      "gross_profit": null,
      "operating_income": -16364000,
      "net_income": -15479000,
      "opex": null,
      "cogs": null,
      "rd": null,
      "sga": 27872000,
      "fcf": -17486000,
      "ocf": -15660000,
      "capex": -1826000,
      "gross_margin": null,
      "op_margin": -0.16600052750106514,
      "fcf_margin": -0.1773823774067236,
      "incr_op_margin_yoy": -0.07769423558897243,
      "rev_growth_yoy": 0.22878440366972477,
      "rev_growth_yoy_accel": -0.013681997002261775,
      "fcf_margin_change": -0.003159319497865104
    },
    {
      "date": "2024-09-30T00:00:00",
      "quarter_label": "2024-09 (Q3)",
      "revenue": 99901000,
      "gross_profit": null,
      "operating_income": -13853000,
      "net_income": -16113000,
      "opex": null,
      "cogs": null,
      "rd": null,
      "sga": 26646000,
      "fcf": 1221000,
      "ocf": 819000,
      "capex": 402000,
      "gross_margin": null,
      "op_margin": -0.13866728060780173,
      "fcf_margin": 0.012222099878880092,
      "incr_op_margin_yoy": 0.004030001119444755,
      "rev_growth_yoy": 0.21778509172914,
      "rev_growth_yoy_accel": -0.01099931194058476,
      "fcf_margin_change": 0.1896044772856037
    },
    {
      "date": "2024-12-31T00:00:00",
      "quarter_label": "2024-12 (Q4)",
      "revenue": 100267000,
      "gross_profit": null,
      "operating_income": -11929000,
      "net_income": -13182000,
      "opex": null,
      "cogs": null,
      "rd": null,
      "sga": 24858000,
      "fcf": 2245000,
      "ocf": 4000000,
      "capex": -1755000,
      "gross_margin": null,
      "op_margin": -0.11897234384194201,
      "fcf_margin": 0.02239021811762594,
      "incr_op_margin_yoy": 0.23199115961047034,
      "rev_growth_yoy": 0.16877651886044667,
      "rev_growth_yoy_accel": -0.04900857286869334,
      "fcf_margin_change": 0.010168118238745848
    },
    {
      "date": "2025-03-31T00:00:00",
      "quarter_label": "2025-03 (Q1)",
      "revenue": 104406000,
      "gross_profit": null,
      "operating_income": -9911000,
      "net_income": -19585000,
      "opex": null,
      "cogs": null,
      "rd": null,
      "sga": 25376000,
      "fcf": -5316000,
      "ocf": -4988000,
      "capex": -328000,
      "gross_margin": null,
      "op_margin": -0.09492749458843361,
      "fcf_margin": -0.05091661398770186,
      "incr_op_margin_yoy": 0.827618069815195,
      "rev_growth_yoy": 0.10288804850738385,
      "rev_growth_yoy_accel": -0.06588847035306282,
      "fcf_margin_change": -0.07330683210532779
    },
    {
      "date": "2025-06-30T00:00:00",
      "quarter_label": "2025-06 (Q2)",
      "revenue": 119802000,
      "gross_profit": null,
      "operating_income": -11211000,
      "net_income": -17009000,
      "opex": null,
      "cogs": null,
      "rd": null,
      "sga": 26907000,
      "fcf": -11410000,
      "ocf": -10202000,
      "capex": -1208000,
      "gross_margin": null,
      "op_margin": -0.09357940601993289,
      "fcf_margin": -0.09524048012554047,
      "incr_op_margin_yoy": 0.24279117979645684,
      "rev_growth_yoy": 0.21530158858974618,
      "rev_growth_yoy_accel": 0.11241354008236233,
      "fcf_margin_change": -0.04432386613783861
    },
    {
      "date": "2025-09-30T00:00:00",
      "quarter_label": "2025-09 (Q3)",
      "revenue": 136564000,
      "gross_profit": null,
      "operating_income": -8054000,
      "net_income": -16504000,
      "opex": null,
      "cogs": null,
      "rd": null,
      "sga": 25251000,
      "fcf": -13234000,
      "ocf": -12630000,
      "capex": -604000,
      "gross_margin": null,
      "op_margin": -0.05897601124747371,
      "fcf_margin": -0.09690694472921121,
      "incr_op_margin_yoy": 0.15817036249079452,
      "rev_growth_yoy": 0.3669933233901563,
      "rev_growth_yoy_accel": 0.1516917348004101,
      "fcf_margin_change": -0.0016664646036707448
    }
  ],
  "signals": [
    {
      "quarter": "2025-09 (Q3)",
      "signal": "YoY REVENUE GROWTH ACCELERATION",
      "detail": "YoY growth: +36.7% vs prior quarter YoY: +21.5% (accel: +15.2%)",
      "severity": "HIGH"
    },
    {
      "quarter": "2025-06 (Q2)",
      "signal": "YoY REVENUE GROWTH ACCELERATION",
      "detail": "YoY growth: +21.5% vs prior quarter YoY: +10.3% (accel: +11.2%)",
      "severity": "MEDIUM"
    },
    {
      "quarter": "2025-03 (Q1)",
      "signal": "YoY REVENUE GROWTH DECELERATION",
      "detail": "YoY growth: +10.3% vs prior quarter YoY: +16.9% (decel: -6.6%)",
      "severity": "WARNING"
    },
    {
      "quarter": "2024-09 (Q3)",
      "signal": "FCF TURNED POSITIVE",
      "detail": "FCF margin: -17.7% -> +1.2%",
      "severity": "HIGH"
    },
    {
      "quarter": "2023-12 (Q4)",
      "signal": "FCF MARGIN EXPANSION",
      "detail": "FCF margin: -11.3% -> -5.5% (+5.7%)",
      "severity": "MEDIUM"
    },
    {
      "quarter": "2023-12 (Q4)",
      "signal": "YoY REVENUE GROWTH DECELERATION",
      "detail": "YoY growth: +20.1% vs prior quarter YoY: +26.3% (decel: -6.1%)",
      "severity": "WARNING"
    },
    {
      "quarter": "2023-09 (Q3)",
      "signal": "YoY REVENUE GROWTH DECELERATION",
      "detail": "YoY growth: +26.3% vs prior quarter YoY: +31.7% (decel: -5.4%)",
      "severity": "WARNING"
    },
    {
      "quarter": "2023-06 (Q2)",
      "signal": "FCF MARGIN EXPANSION",
      "detail": "FCF margin: -22.7% -> -12.0% (+10.7%)",
      "severity": "MEDIUM"
    },
    {
      "quarter": "2023-06 (Q2)",
      "signal": "YoY REVENUE GROWTH DECELERATION",
      "detail": "YoY growth: +31.7% vs prior quarter YoY: +38.1% (decel: -6.4%)",
      "severity": "WARNING"
    },
    {
      "quarter": "2022-12 (Q4)",
      "signal": "FCF MARGIN EXPANSION",
      "detail": "FCF margin: -33.2% -> -22.4% (+10.8%)",
      "severity": "MEDIUM"
    },
    {
      "quarter": "2022-12 (Q4)",
      "signal": "YoY REVENUE GROWTH ACCELERATION",
      "detail": "YoY growth: +36.6% vs prior quarter YoY: +24.3% (accel: +12.3%)",
      "severity": "MEDIUM"
    },
    {
      "quarter": "2022-06 (Q2)",
      "signal": "FCF MARGIN EXPANSION",
      "detail": "FCF margin: -32.6% -> -19.2% (+13.4%)",
      "severity": "MEDIUM"
    },
    {
      "quarter": "2022-06 (Q2)",
      "signal": "YoY REVENUE GROWTH ACCELERATION",
      "detail": "YoY growth: +22.2% vs prior quarter YoY: +13.5% (accel: +8.7%)",
      "severity": "MEDIUM"
    },
    {
      "quarter": "2022-03 (Q1)",
      "signal": "FCF MARGIN EXPANSION",
      "detail": "FCF margin: -46.3% -> -32.6% (+13.7%)",
      "severity": "MEDIUM"
    },
    {
      "quarter": "2021-09 (Q3)",
      "signal": "FCF MARGIN EXPANSION",
      "detail": "FCF margin: -15.1% -> -6.9% (+8.2%)",
      "severity": "MEDIUM"
    }
  ],
  "data_quality": {
    "n_quarters": 19,
    "coverage": {
      "revenue": [
        19,
        19
      ],
      "gross_profit": [
        0,
        19
      ],
      "op_income": [
        19,
        19
      ],
      "fcf": [
        19,
        19
      ]
    },
    "gaps": [],
    "warnings": [
      "gross_profit: no data"
    ]
  },
  "market_cap": null,
  "source": "SEC EDGAR",
  "last_updated": "2026-02-03T00:57:28.988719",
  "sector": "Consumer Defensive",
  "industry": "Education & Training Services"
}