{
  "ticker": "DG",
  "name": "DOLLAR GENERAL CORP",
  "quarters": [
    {
      "date": "2021-01-29T00:00:00",
      "quarter_label": "2021-01 (Q1)",
      "revenue": 8414524000,
      "gross_profit": 2736695000,
      "operating_income": 872224000,
      "net_income": 642743000,
      "opex": 1864471000,
      "cogs": 5677829000,
      "rd": null,
      "sga": 1864471000,
      "fcf": 492619000,
      "ocf": 492619000,
      "capex": null,
      "gross_margin": 0.3252346775646489,
      "op_margin": 0.10365696265171981,
      "fcf_margin": 0.05854389386731799
    },
    {
      "date": "2021-04-30T00:00:00",
      "quarter_label": "2021-04 (Q2)",
      "revenue": 8400964000,
      "gross_profit": 2755668000,
      "operating_income": 908850000,
      "net_income": 677749000,
      "opex": 1846818000,
      "cogs": 5645296000,
      "rd": null,
      "sga": 1846818000,
      "fcf": 702991000,
      "ocf": 702991000,
      "capex": null,
      "gross_margin": 0.3280180703071695,
      "op_margin": 0.10818401316801263,
      "fcf_margin": 0.08367980150849355,
      "fcf_margin_change": 0.025135907641175563
    },
    {
      "date": "2021-07-30T00:00:00",
      "quarter_label": "2021-07 (Q3)",
      "revenue": 8650198000,
      "gross_profit": 2737659000,
      "operating_income": 849568000,
      "net_income": 637019000,
      "opex": 1888091000,
      "cogs": 5912539000,
      "rd": null,
      "sga": 1888091000,
      "fcf": 614553000,
      "ocf": 614553000,
      "capex": null,
      "gross_margin": 0.31648512554279107,
      "op_margin": 0.09821370562847231,
      "fcf_margin": 0.07104496336384439,
      "op_leverage_ratio": 1.327505182492686,
      "fcf_margin_change": -0.012634838144649163
    },
    {
      "date": "2021-10-29T00:00:00",
      "quarter_label": "2021-10 (Q4)",
      "revenue": 8517839000,
      "gross_profit": 2619439000,
      "operating_income": 665588000,
      "net_income": 487031000,
      "opex": 1953851000,
      "cogs": 5898400000,
      "rd": null,
      "sga": 1953851000,
      "fcf": 909172000,
      "ocf": 909172000,
      "capex": null,
      "gross_margin": 0.30752389191671736,
      "op_margin": 0.07814047671011391,
      "fcf_margin": 0.10673740135262007,
      "fcf_margin_change": 0.03569243798877568
    },
    {
      "date": "2022-01-28T00:00:00",
      "quarter_label": "2022-01 (Q1)",
      "revenue": 8651448000,
      "gross_profit": 2700240000,
      "operating_income": 796669000,
      "net_income": 597433000,
      "opex": 1903571000,
      "cogs": 5951208000,
      "rd": null,
      "sga": 1903571000,
      "fcf": 639095000,
      "ocf": 639095000,
      "capex": null,
      "gross_margin": 0.312114226427761,
      "op_margin": 0.09208504749725133,
      "fcf_margin": 0.07387144903373401,
      "incr_op_margin_yoy": -0.3188997315594874,
      "rev_growth_yoy": 0.028156554072458526,
      "op_leverage_ratio": Infinity,
      "fcf_margin_change": -0.03286595231888606
    },
    {
      "date": "2022-04-29T00:00:00",
      "quarter_label": "2022-04 (Q2)",
      "revenue": 8751352000,
      "gross_profit": 2738363000,
      "operating_income": 746157000,
      "net_income": 552657000,
      "opex": 1992206000,
      "cogs": 6012989000,
      "rd": null,
      "sga": 1992206000,
      "fcf": 449516000,
      "ocf": 449516000,
      "capex": null,
      "gross_margin": 0.31290742276164873,
      "op_margin": 0.08526191153092688,
      "fcf_margin": 0.05136532046705469,
      "incr_op_margin_yoy": -0.46432240830165417,
      "rev_growth_yoy": 0.041708070645225956,
      "rev_growth_yoy_accel": 0.01355151657276743,
      "op_leverage_ratio": 0.24800355493736828,
      "fcf_margin_change": -0.022506128566679315
    },
    {
      "date": "2022-07-29T00:00:00",
      "quarter_label": "2022-07 (Q3)",
      "revenue": 9425713000,
      "gross_profit": 3048223000,
      "operating_income": 913426000,
      "net_income": 678030000,
      "opex": 2134797000,
      "cogs": 6377490000,
      "rd": null,
      "sga": 2134797000,
      "fcf": 498500000,
      "ocf": 498500000,
      "capex": null,
      "gross_margin": 0.3233944211965715,
      "op_margin": 0.09690789439483252,
      "fcf_margin": 0.052887245771221766,
      "incr_op_margin_yoy": 0.08234270130171563,
      "rev_growth_yoy": 0.08965286112525979,
      "rev_growth_yoy_accel": 0.04794479048003383,
      "op_leverage_ratio": 1.0766125113019813,
      "fcf_margin_change": 0.0015219253041670738
    },
    {
      "date": "2022-10-28T00:00:00",
      "quarter_label": "2022-10 (Q4)",
      "revenue": 9464891000,
      "gross_profit": 2885195000,
      "operating_income": 735545000,
      "net_income": 526167000,
      "opex": 2149650000,
      "cogs": 6579696000,
      "rd": null,
      "sga": 2149650000,
      "fcf": 300171000,
      "ocf": 300171000,
      "capex": null,
      "gross_margin": 0.30483129705350015,
      "op_margin": 0.07771299215173212,
      "fcf_margin": 0.03171415286240486,
      "incr_op_margin_yoy": 0.07386817196943779,
      "rev_growth_yoy": 0.111184538707529,
      "rev_growth_yoy_accel": 0.021531677582269204,
      "fcf_margin_change": -0.021173092908816908
    },
    {
      "date": "2023-02-03T00:00:00",
      "quarter_label": "2023-02 (Q1)",
      "revenue": 10202907000,
      "gross_profit": 3148317000,
      "operating_income": 933174000,
      "net_income": 659135000,
      "opex": 2215143000,
      "cogs": 7054590000,
      "rd": null,
      "sga": 2215143000,
      "fcf": 736368000,
      "ocf": 736368000,
      "capex": null,
      "gross_margin": 0.30857058679452826,
      "op_margin": 0.09146158050837865,
      "fcf_margin": 0.07217237205043621,
      "incr_op_margin_yoy": 0.08798492257932694,
      "rev_growth_yoy": 0.17932940243066825,
      "rev_growth_yoy_accel": 0.06814486372313926,
      "op_leverage_ratio": 2.5593108104741455,
      "fcf_margin_change": 0.04045821918803135
    },
    {
      "date": "2023-05-05T00:00:00",
      "quarter_label": "2023-05 (Q2)",
      "revenue": 9342832000,
      "gross_profit": 2955474000,
      "operating_income": 740858000,
      "net_income": 514380000,
      "opex": 2214616000,
      "cogs": 6387358000,
      "rd": null,
      "sga": 2214616000,
      "fcf": 191115000,
      "ocf": 191115000,
      "capex": null,
      "gross_margin": 0.3163359889164228,
      "op_margin": 0.07929694122724244,
      "fcf_margin": 0.020455788994172216,
      "incr_op_margin_yoy": -0.008958882802461621,
      "rev_growth_yoy": 0.06758727108679893,
      "rev_growth_yoy_accel": -0.11174213134386932,
      "fcf_margin_change": -0.05171658305626399
    },
    {
      "date": "2023-08-04T00:00:00",
      "quarter_label": "2023-08 (Q3)",
      "revenue": 9796181000,
      "gross_profit": 3044686000,
      "operating_income": 692314000,
      "net_income": 468835000,
      "opex": 2352372000,
      "cogs": 6751495000,
      "rd": null,
      "sga": 2352372000,
      "fcf": 535606000,
      "ocf": 535606000,
      "capex": null,
      "gross_margin": 0.31080336306566814,
      "op_margin": 0.0706718260922292,
      "fcf_margin": 0.05467497997433898,
      "incr_op_margin_yoy": -0.5968450716391159,
      "rev_growth_yoy": 0.03930397626153056,
      "rev_growth_yoy_accel": -0.028283294825268375,
      "op_leverage_ratio": 0.7800851885278479,
      "fcf_margin_change": 0.034219190980166764
    },
    {
      "date": "2023-11-03T00:00:00",
      "quarter_label": "2023-11 (Q4)",
      "revenue": 9694082000,
      "gross_profit": 2812528000,
      "operating_income": 433474000,
      "net_income": 276246000,
      "opex": 2379054000,
      "cogs": 6881554000,
      "rd": null,
      "sga": 2379054000,
      "fcf": 715298000,
      "ocf": 715298000,
      "capex": null,
      "gross_margin": 0.290128348408854,
      "op_margin": 0.04471532219347846,
      "fcf_margin": 0.07378707958113001,
      "incr_op_margin_yoy": -1.3179880536321233,
      "rev_growth_yoy": 0.02421485889272259,
      "rev_growth_yoy_accel": -0.01508911736880797,
      "fcf_margin_change": 0.019112099606791028
    },
    {
      "date": "2024-02-02T00:00:00",
      "quarter_label": "2024-02 (Q1)",
      "revenue": 9858514000,
      "gross_profit": 2906336000,
      "operating_income": 579654000,
      "net_income": 401813000,
      "opex": 2326682000,
      "cogs": 6952178000,
      "rd": null,
      "sga": 2326682000,
      "fcf": 949779000,
      "ocf": 949779000,
      "capex": null,
      "gross_margin": 0.29480467340209693,
      "op_margin": 0.05879729947129963,
      "fcf_margin": 0.0963409901329957,
      "incr_op_margin_yoy": 1.0265017000926266,
      "rev_growth_yoy": -0.03375439960395601,
      "rev_growth_yoy_accel": -0.0579692584966786,
      "op_leverage_ratio": Infinity,
      "fcf_margin_change": 0.02255391055186569
    },
    {
      "date": "2024-05-03T00:00:00",
      "quarter_label": "2024-05 (Q2)",
      "revenue": 9914021000,
      "gross_profit": 2992149000,
      "operating_income": 546104000,
      "net_income": 363317000,
      "opex": 2446045000,
      "cogs": 6921872000,
      "rd": null,
      "sga": 2446045000,
      "fcf": 663806000,
      "ocf": 663806000,
      "capex": null,
      "gross_margin": 0.30180983074375173,
      "op_margin": 0.05508400678191019,
      "fcf_margin": 0.06695628342929676,
      "incr_op_margin_yoy": -0.34096244850653634,
      "rev_growth_yoy": 0.06113660183550341,
      "rev_growth_yoy_accel": 0.09489100143945942,
      "fcf_margin_change": -0.029384706703698943
    },
    {
      "date": "2024-08-02T00:00:00",
      "quarter_label": "2024-08 (Q3)",
      "revenue": 10210361000,
      "gross_profit": 3059479000,
      "operating_income": 549962000,
      "net_income": 374190000,
      "opex": 2509517000,
      "cogs": 7150882000,
      "rd": null,
      "sga": 2509517000,
      "fcf": 988923000,
      "ocf": 988923000,
      "capex": null,
      "gross_margin": 0.29964454733774837,
      "op_margin": 0.05386312981490077,
      "fcf_margin": 0.09685485165509819,
      "incr_op_margin_yoy": -0.34369597759428266,
      "rev_growth_yoy": 0.04227974146251483,
      "rev_growth_yoy_accel": -0.01885686037298858,
      "op_leverage_ratio": 1.1519210151382044,
      "fcf_margin_change": 0.029898568225801433
    },
    {
      "date": "2024-11-01T00:00:00",
      "quarter_label": "2024-11 (Q4)",
      "revenue": 10183428000,
      "gross_profit": 2936300000,
      "operating_income": 323802000,
      "net_income": 196529000,
      "opex": 2612498000,
      "cogs": 7247128000,
      "rd": null,
      "sga": 2612498000,
      "fcf": 542434000,
      "ocf": 542434000,
      "capex": null,
      "gross_margin": 0.2883410183682744,
      "op_margin": 0.03179695481717944,
      "fcf_margin": 0.05326634606735571,
      "incr_op_margin_yoy": -0.22411953913999502,
      "rev_growth_yoy": 0.05047883853262227,
      "rev_growth_yoy_accel": 0.008199097070107443,
      "fcf_margin_change": -0.04358850558774248
    },
    {
      "date": "2025-01-31T00:00:00",
      "quarter_label": "2025-01 (Q1)",
      "revenue": 10304498000,
      "gross_profit": 3029569000,
      "operating_income": 294206000,
      "net_income": 191217000,
      "opex": 2735363000,
      "cogs": 7274929000,
      "rd": null,
      "sga": 2735363000,
      "fcf": 800901000,
      "ocf": 800901000,
      "capex": null,
      "gross_margin": 0.294004521132422,
      "op_margin": 0.028551221029884232,
      "fcf_margin": 0.07772343689134589,
      "incr_op_margin_yoy": -0.6400408983281911,
      "rev_growth_yoy": 0.04523846088771594,
      "rev_growth_yoy_accel": -0.005240377644906334,
      "op_leverage_ratio": 0.2527960751567254,
      "fcf_margin_change": 0.024457090823990182
    },
    {
      "date": "2025-05-02T00:00:00",
      "quarter_label": "2025-05 (Q2)",
      "revenue": 10435979000,
      "gross_profit": 3231288000,
      "operating_income": 576113000,
      "net_income": 391928000,
      "opex": 2655175000,
      "cogs": 7204691000,
      "rd": null,
      "sga": 2655175000,
      "fcf": 847155000,
      "ocf": 847155000,
      "capex": null,
      "gross_margin": 0.3096295996762738,
      "op_margin": 0.055204499740752644,
      "fcf_margin": 0.08117638028976486,
      "incr_op_margin_yoy": 0.057493131631280676,
      "rev_growth_yoy": 0.05264846624795328,
      "rev_growth_yoy_accel": 0.007410005360237344,
      "op_leverage_ratio": Infinity,
      "fcf_margin_change": 0.0034529433984189645
    },
    {
      "date": "2025-08-01T00:00:00",
      "quarter_label": "2025-08 (Q3)",
      "revenue": 10727737000,
      "gross_profit": 3361668000,
      "operating_income": 595428000,
      "net_income": 411426000,
      "opex": 2766240000,
      "cogs": 7366069000,
      "rd": null,
      "sga": 2766240000,
      "fcf": 967700000,
      "ocf": 967700000,
      "capex": null,
      "gross_margin": 0.3133622682957272,
      "op_margin": 0.05550359782310099,
      "fcf_margin": 0.0902054179739865,
      "incr_op_margin_yoy": 0.08787806160316675,
      "rev_growth_yoy": 0.05067166577166077,
      "rev_growth_yoy_accel": -0.001976800476292513,
      "op_leverage_ratio": 0.6683523910051572,
      "fcf_margin_change": 0.009029037684221641
    },
    {
      "date": "2025-10-31T00:00:00",
      "quarter_label": "2025-10 (Q4)",
      "revenue": 10649450000,
      "gross_profit": 3184330000,
      "operating_income": 425851000,
      "net_income": 282657000,
      "opex": 2758479000,
      "cogs": 7465120000,
      "rd": null,
      "sga": 2758479000,
      "fcf": 1003970000,
      "ocf": 1003970000,
      "capex": null,
      "gross_margin": 0.2990135640807741,
      "op_margin": 0.039988074501500076,
      "fcf_margin": 0.09427435219659232,
      "incr_op_margin_yoy": 0.21897893232508336,
      "rev_growth_yoy": 0.045762782434362964,
      "rev_growth_yoy_accel": -0.004908883337297804,
      "fcf_margin_change": 0.004068934222605819
    }
  ],
  "signals": [
    {
      "quarter": "2025-10 (Q4)",
      "signal": "INCREMENTAL MARGIN (YoY)",
      "detail": "YoY Incr OPM: +21.9% vs year-ago OPM: +3.2%",
      "severity": "MEDIUM"
    },
    {
      "quarter": "2024-05 (Q2)",
      "signal": "YoY REVENUE GROWTH ACCELERATION",
      "detail": "YoY growth: +6.1% vs prior quarter YoY: -3.4% (accel: +9.5%)",
      "severity": "MEDIUM"
    },
    {
      "quarter": "2024-02 (Q1)",
      "signal": "YoY REVENUE GROWTH DECELERATION",
      "detail": "YoY growth: -3.4% vs prior quarter YoY: +2.4% (decel: -5.8%)",
      "severity": "WARNING"
    },
    {
      "quarter": "2024-02 (Q1)",
      "signal": "INCREMENTAL MARGIN (YoY)",
      "detail": "YoY Incr OPM: +102.7% vs year-ago OPM: +9.1%",
      "severity": "HIGH"
    },
    {
      "quarter": "2023-05 (Q2)",
      "signal": "YoY REVENUE GROWTH DECELERATION",
      "detail": "YoY growth: +6.8% vs prior quarter YoY: +17.9% (decel: -11.2%)",
      "severity": "WARNING"
    },
    {
      "quarter": "2023-02 (Q1)",
      "signal": "OPERATING LEVERAGE",
      "detail": "Rev growth +7.8% vs OpEx growth +3.0% (leverage: 2.6x)",
      "severity": "MEDIUM"
    },
    {
      "quarter": "2023-02 (Q1)",
      "signal": "YoY REVENUE GROWTH ACCELERATION",
      "detail": "YoY growth: +17.9% vs prior quarter YoY: +11.1% (accel: +6.8%)",
      "severity": "MEDIUM"
    }
  ],
  "data_quality": {
    "n_quarters": 20,
    "coverage": {
      "revenue": [
        20,
        20
      ],
      "gross_profit": [
        20,
        20
      ],
      "op_income": [
        20,
        20
      ],
      "fcf": [
        20,
        20
      ]
    },
    "gaps": [],
    "warnings": []
  },
  "market_cap": null,
  "source": "SEC EDGAR",
  "last_updated": "2026-02-02T20:08:16.956536"
}