{
  "ticker": "DGICB",
  "name": "Donegal Group Inc.",
  "quarters": [
    {
      "date": "2020-12-31T00:00:00",
      "quarter_label": "2020-12 (Q4)",
      "revenue": 197496666,
      "gross_profit": null,
      "operating_income": null,
      "net_income": 14568355,
      "opex": null,
      "cogs": null,
      "rd": null,
      "sga": null,
      "fcf": 32672288,
      "ocf": 32672288,
      "capex": null,
      "gross_margin": null,
      "op_margin": null,
      "fcf_margin": 0.16543209899047107
    },
    {
      "date": "2021-03-31T00:00:00",
      "quarter_label": "2021-03 (Q1)",
      "revenue": 197969898,
      "gross_profit": null,
      "operating_income": null,
      "net_income": 10529848,
      "opex": null,
      "cogs": null,
      "rd": null,
      "sga": null,
      "fcf": 29876925,
      "ocf": 29876925,
      "capex": null,
      "gross_margin": null,
      "op_margin": null,
      "fcf_margin": 0.1509165044879702,
      "fcf_margin_change": -0.014515594502500867
    },
    {
      "date": "2021-06-30T00:00:00",
      "quarter_label": "2021-06 (Q2)",
      "revenue": 205145943,
      "gross_profit": null,
      "operating_income": null,
      "net_income": 16164036,
      "opex": null,
      "cogs": null,
      "rd": null,
      "sga": null,
      "fcf": 29299046,
      "ocf": 29299046,
      "capex": null,
      "gross_margin": null,
      "op_margin": null,
      "fcf_margin": 0.1428204992579356,
      "fcf_margin_change": -0.008096005230034592
    },
    {
      "date": "2021-09-30T00:00:00",
      "quarter_label": "2021-09 (Q3)",
      "revenue": 203106181,
      "gross_profit": null,
      "operating_income": null,
      "net_income": -6711978,
      "opex": null,
      "cogs": null,
      "rd": null,
      "sga": null,
      "fcf": -711314,
      "ocf": -711314,
      "capex": null,
      "gross_margin": null,
      "op_margin": null,
      "fcf_margin": -0.0035021780060942604,
      "fcf_margin_change": -0.14632267726402987
    },
    {
      "date": "2021-12-31T00:00:00",
      "quarter_label": "2021-12 (Q4)",
      "revenue": 210243769,
      "gross_profit": null,
      "operating_income": null,
      "net_income": 5272268,
      "opex": null,
      "cogs": null,
      "rd": null,
      "sga": null,
      "fcf": 18267311,
      "ocf": 18267311,
      "capex": null,
      "gross_margin": null,
      "op_margin": null,
      "fcf_margin": 0.0868863371641706,
      "rev_growth_yoy": 0.06454338322855536,
      "fcf_margin_change": 0.09038851517026486
    },
    {
      "date": "2022-03-31T00:00:00",
      "quarter_label": "2022-03 (Q1)",
      "revenue": 207626717,
      "gross_profit": null,
      "operating_income": null,
      "net_income": 13145029,
      "opex": null,
      "cogs": null,
      "rd": null,
      "sga": null,
      "fcf": 20749741,
      "ocf": 20749741,
      "capex": null,
      "gross_margin": null,
      "op_margin": null,
      "fcf_margin": 0.09993772140605585,
      "rev_growth_yoy": 0.048779229052287536,
      "rev_growth_yoy_accel": -0.01576415417626783,
      "fcf_margin_change": 0.013051384241885247
    },
    {
      "date": "2022-06-30T00:00:00",
      "quarter_label": "2022-06 (Q2)",
      "revenue": 204311149,
      "gross_profit": null,
      "operating_income": null,
      "net_income": -8207757,
      "opex": null,
      "cogs": null,
      "rd": null,
      "sga": null,
      "fcf": 14239663,
      "ocf": 14239663,
      "capex": null,
      "gross_margin": null,
      "op_margin": null,
      "fcf_margin": 0.06969596651820503,
      "rev_growth_yoy": -0.00406926887167347,
      "rev_growth_yoy_accel": -0.052848497923961006,
      "fcf_margin_change": -0.030241754887850816
    },
    {
      "date": "2022-09-30T00:00:00",
      "quarter_label": "2022-09 (Q3)",
      "revenue": 212838248,
      "gross_profit": null,
      "operating_income": null,
      "net_income": -10375871,
      "opex": null,
      "cogs": null,
      "rd": null,
      "sga": null,
      "fcf": 14910141,
      "ocf": 14910141,
      "capex": null,
      "gross_margin": null,
      "op_margin": null,
      "fcf_margin": 0.07005386080795027,
      "rev_growth_yoy": 0.047916153767865885,
      "rev_growth_yoy_accel": 0.051985422639539355,
      "fcf_margin_change": 0.0003578942897452392
    },
    {
      "date": "2022-12-31T00:00:00",
      "quarter_label": "2022-12 (Q4)",
      "revenue": 223444432,
      "gross_profit": null,
      "operating_income": null,
      "net_income": 3479194,
      "opex": null,
      "cogs": null,
      "rd": null,
      "sga": null,
      "fcf": 17210475,
      "ocf": 17210475,
      "capex": null,
      "gross_margin": null,
      "op_margin": null,
      "fcf_margin": 0.07702351249459642,
      "rev_growth_yoy": 0.06278741606844006,
      "rev_growth_yoy_accel": 0.014871262300574173,
      "fcf_margin_change": 0.00696965168664615
    },
    {
      "date": "2023-03-31T00:00:00",
      "quarter_label": "2023-03 (Q1)",
      "revenue": 224745771,
      "gross_profit": null,
      "operating_income": null,
      "net_income": 5203596,
      "opex": null,
      "cogs": null,
      "rd": null,
      "sga": null,
      "fcf": -680734,
      "ocf": -680734,
      "capex": null,
      "gross_margin": null,
      "op_margin": null,
      "fcf_margin": -0.003028906826460374,
      "rev_growth_yoy": 0.08245111345665597,
      "rev_growth_yoy_accel": 0.01966369738821591,
      "fcf_margin_change": -0.08005241932105679
    },
    {
      "date": "2023-06-30T00:00:00",
      "quarter_label": "2023-06 (Q2)",
      "revenue": 229195919,
      "gross_profit": null,
      "operating_income": null,
      "net_income": 1997423,
      "opex": null,
      "cogs": null,
      "rd": null,
      "sga": null,
      "fcf": 13735825,
      "ocf": 13735825,
      "capex": null,
      "gross_margin": null,
      "op_margin": null,
      "fcf_margin": 0.05993049553382318,
      "rev_growth_yoy": 0.12179839485900987,
      "rev_growth_yoy_accel": 0.0393472814023539,
      "fcf_margin_change": 0.06295940236028355
    },
    {
      "date": "2023-09-30T00:00:00",
      "quarter_label": "2023-09 (Q3)",
      "revenue": 233928250,
      "gross_profit": null,
      "operating_income": null,
      "net_income": -805301,
      "opex": null,
      "cogs": null,
      "rd": null,
      "sga": null,
      "fcf": 12972885,
      "ocf": 12972885,
      "capex": null,
      "gross_margin": null,
      "op_margin": null,
      "fcf_margin": 0.055456683833611374,
      "rev_growth_yoy": 0.09908934225017677,
      "rev_growth_yoy_accel": -0.022709052608833102,
      "fcf_margin_change": -0.004473811700211806
    },
    {
      "date": "2023-12-31T00:00:00",
      "quarter_label": "2023-12 (Q4)",
      "revenue": 239468044,
      "gross_profit": null,
      "operating_income": null,
      "net_income": -1970214,
      "opex": null,
      "cogs": null,
      "rd": null,
      "sga": null,
      "fcf": 2595768,
      "ocf": 2595768,
      "capex": null,
      "gross_margin": null,
      "op_margin": null,
      "fcf_margin": 0.010839726072176878,
      "rev_growth_yoy": 0.07171184288002308,
      "rev_growth_yoy_accel": -0.027377499370153685,
      "fcf_margin_change": -0.0446169577614345
    },
    {
      "date": "2024-03-31T00:00:00",
      "quarter_label": "2024-03 (Q1)",
      "revenue": 241140869,
      "gross_profit": null,
      "operating_income": null,
      "net_income": 5955551,
      "opex": null,
      "cogs": null,
      "rd": null,
      "sga": null,
      "fcf": 4818144,
      "ocf": 4818144,
      "capex": null,
      "gross_margin": null,
      "op_margin": null,
      "fcf_margin": 0.019980619709884184,
      "rev_growth_yoy": 0.07294952838066973,
      "rev_growth_yoy_accel": 0.0012376855006466514,
      "fcf_margin_change": 0.009140893637707306
    },
    {
      "date": "2024-06-30T00:00:00",
      "quarter_label": "2024-06 (Q2)",
      "revenue": 246772546,
      "gross_profit": null,
      "operating_income": null,
      "net_income": 4152777,
      "opex": null,
      "cogs": null,
      "rd": null,
      "sga": null,
      "fcf": 21679553,
      "ocf": 21679553,
      "capex": null,
      "gross_margin": null,
      "op_margin": null,
      "fcf_margin": 0.08785236993097278,
      "rev_growth_yoy": 0.07668821974094574,
      "rev_growth_yoy_accel": 0.003738691360276006,
      "fcf_margin_change": 0.0678717502210886
    },
    {
      "date": "2024-09-30T00:00:00",
      "quarter_label": "2024-09 (Q3)",
      "revenue": 251737545,
      "gross_profit": null,
      "operating_income": null,
      "net_income": 16751530,
      "opex": null,
      "cogs": null,
      "rd": null,
      "sga": null,
      "fcf": 12740703,
      "ocf": 12740703,
      "capex": null,
      "gross_margin": null,
      "op_margin": null,
      "fcf_margin": 0.05061105605045922,
      "rev_growth_yoy": 0.07613144201266842,
      "rev_growth_yoy_accel": -0.0005567777282773217,
      "fcf_margin_change": -0.03724131388051356
    },
    {
      "date": "2024-12-31T00:00:00",
      "quarter_label": "2024-12 (Q4)",
      "revenue": 249954090,
      "gross_profit": null,
      "operating_income": null,
      "net_income": 24002394,
      "opex": null,
      "cogs": null,
      "rd": null,
      "sga": null,
      "fcf": 28201637,
      "ocf": 28201637,
      "capex": null,
      "gross_margin": null,
      "op_margin": null,
      "fcf_margin": 0.11282726759942195,
      "rev_growth_yoy": 0.043788915735245244,
      "rev_growth_yoy_accel": -0.03234252627742317,
      "fcf_margin_change": 0.06221621154896273
    },
    {
      "date": "2025-03-31T00:00:00",
      "quarter_label": "2025-03 (Q1)",
      "revenue": 245173624,
      "gross_profit": null,
      "operating_income": null,
      "net_income": 25205174,
      "opex": null,
      "cogs": null,
      "rd": null,
      "sga": null,
      "fcf": 25749763,
      "ocf": 25749763,
      "capex": null,
      "gross_margin": null,
      "op_margin": null,
      "fcf_margin": 0.10502664430167252,
      "rev_growth_yoy": 0.01672364795201928,
      "rev_growth_yoy_accel": -0.027065267783225964,
      "fcf_margin_change": -0.007800623297749429
    },
    {
      "date": "2025-06-30T00:00:00",
      "quarter_label": "2025-06 (Q2)",
      "revenue": 247148017,
      "gross_profit": null,
      "operating_income": null,
      "net_income": 16866120,
      "opex": null,
      "cogs": null,
      "rd": null,
      "sga": null,
      "fcf": 12131498,
      "ocf": 12131498,
      "capex": null,
      "gross_margin": null,
      "op_margin": null,
      "fcf_margin": 0.049085961308765025,
      "rev_growth_yoy": 0.0015215266288171295,
      "rev_growth_yoy_accel": -0.015202121323202152,
      "fcf_margin_change": -0.0559406829929075
    },
    {
      "date": "2025-09-30T00:00:00",
      "quarter_label": "2025-09 (Q3)",
      "revenue": 245919118,
      "gross_profit": null,
      "operating_income": null,
      "net_income": 20080214,
      "opex": null,
      "cogs": null,
      "rd": null,
      "sga": null,
      "fcf": 22351823,
      "ocf": 22351823,
      "capex": null,
      "gross_margin": null,
      "op_margin": null,
      "fcf_margin": 0.09089095301651172,
      "rev_growth_yoy": -0.023113068016930093,
      "rev_growth_yoy_accel": -0.024634594645747222,
      "fcf_margin_change": 0.041804991707746694
    }
  ],
  "signals": [
    {
      "quarter": "2024-12 (Q4)",
      "signal": "FCF MARGIN EXPANSION",
      "detail": "FCF margin: +5.1% -> +11.3% (+6.2%)",
      "severity": "MEDIUM"
    },
    {
      "quarter": "2024-06 (Q2)",
      "signal": "FCF MARGIN EXPANSION",
      "detail": "FCF margin: +2.0% -> +8.8% (+6.8%)",
      "severity": "MEDIUM"
    },
    {
      "quarter": "2023-06 (Q2)",
      "signal": "FCF TURNED POSITIVE",
      "detail": "FCF margin: -0.3% -> +6.0%",
      "severity": "HIGH"
    },
    {
      "quarter": "2022-09 (Q3)",
      "signal": "YoY REVENUE GROWTH ACCELERATION",
      "detail": "YoY growth: +4.8% vs prior quarter YoY: -0.4% (accel: +5.2%)",
      "severity": "MEDIUM"
    },
    {
      "quarter": "2022-06 (Q2)",
      "signal": "YoY REVENUE GROWTH DECELERATION",
      "detail": "YoY growth: -0.4% vs prior quarter YoY: +4.9% (decel: -5.3%)",
      "severity": "WARNING"
    },
    {
      "quarter": "2021-12 (Q4)",
      "signal": "FCF TURNED POSITIVE",
      "detail": "FCF margin: -0.4% -> +8.7%",
      "severity": "HIGH"
    }
  ],
  "data_quality": {
    "n_quarters": 20,
    "coverage": {
      "revenue": [
        20,
        20
      ],
      "gross_profit": [
        0,
        20
      ],
      "op_income": [
        0,
        20
      ],
      "fcf": [
        20,
        20
      ]
    },
    "gaps": [],
    "warnings": [
      "gross_profit: no data",
      "op_income: no data"
    ]
  },
  "market_cap": null,
  "source": "SEC EDGAR",
  "last_updated": "2026-02-03T00:56:55.845539",
  "sector": "Financial Services",
  "industry": "Insurance - Property & Casualty"
}