{
  "ticker": "DGII",
  "name": "DIGI INTERNATIONAL INC.",
  "quarters": [
    {
      "date": "2020-12-31T00:00:00",
      "quarter_label": "2020-12 (Q4)",
      "revenue": 73146000,
      "gross_profit": 41019000,
      "operating_income": -146000,
      "net_income": -307000,
      "opex": 41165000,
      "cogs": 32127000,
      "rd": null,
      "sga": null,
      "fcf": 8312000,
      "ocf": 8312000,
      "capex": null,
      "gross_margin": 0.5607825445000411,
      "op_margin": -0.001996007984031936,
      "fcf_margin": 0.11363574221420174
    },
    {
      "date": "2021-03-31T00:00:00",
      "quarter_label": "2021-03 (Q1)",
      "revenue": 77301000,
      "gross_profit": 40457000,
      "operating_income": 3370000,
      "net_income": 2928000,
      "opex": 37087000,
      "cogs": 36844000,
      "rd": null,
      "sga": null,
      "fcf": 12985000,
      "ocf": 12985000,
      "capex": null,
      "gross_margin": 0.5233696847388779,
      "op_margin": 0.043595813766962914,
      "fcf_margin": 0.16797971565697728,
      "op_leverage_ratio": Infinity,
      "fcf_margin_change": 0.05434397344277554
    },
    {
      "date": "2021-06-30T00:00:00",
      "quarter_label": "2021-06 (Q2)",
      "revenue": 79079000,
      "gross_profit": 42556000,
      "operating_income": 4018000,
      "net_income": 3157000,
      "opex": 38538000,
      "cogs": 36523000,
      "rd": null,
      "sga": null,
      "fcf": 20787000,
      "ocf": 20787000,
      "capex": null,
      "gross_margin": 0.5381453989048925,
      "op_margin": 0.05080994954412676,
      "fcf_margin": 0.2628637185599211,
      "op_leverage_ratio": 0.5878965834514575,
      "fcf_margin_change": 0.0948840029029438
    },
    {
      "date": "2021-09-30T00:00:00",
      "quarter_label": "2021-09 (Q3)",
      "revenue": 79106000,
      "gross_profit": 42626000,
      "operating_income": 3286000,
      "net_income": 4588000,
      "opex": 39340000,
      "cogs": 36480000,
      "rd": null,
      "sga": null,
      "fcf": 15639000,
      "ocf": 15639000,
      "capex": null,
      "gross_margin": 0.5388466108765454,
      "op_margin": 0.041539200566328725,
      "fcf_margin": 0.19769676130761257,
      "fcf_margin_change": -0.0651669572523085
    },
    {
      "date": "2021-12-31T00:00:00",
      "quarter_label": "2021-12 (Q4)",
      "revenue": 84257000,
      "gross_profit": 47881000,
      "operating_income": 3799000,
      "net_income": 1187000,
      "opex": 44082000,
      "cogs": 36376000,
      "rd": null,
      "sga": null,
      "fcf": 5877000,
      "ocf": 5877000,
      "capex": null,
      "gross_margin": 0.5682732591950818,
      "op_margin": 0.04508824192648682,
      "fcf_margin": 0.06975088123241986,
      "incr_op_margin_yoy": 0.35505355053550536,
      "rev_growth_yoy": 0.15190167609985508,
      "op_leverage_ratio": 0.5402004366317853,
      "fcf_margin_change": -0.1279458800751927
    },
    {
      "date": "2022-03-31T00:00:00",
      "quarter_label": "2022-03 (Q1)",
      "revenue": 94713000,
      "gross_profit": 51984000,
      "operating_income": 7564000,
      "net_income": 2847000,
      "opex": 44420000,
      "cogs": 42729000,
      "rd": null,
      "sga": null,
      "fcf": 5881000,
      "ocf": 5881000,
      "capex": null,
      "gross_margin": 0.5488581292958727,
      "op_margin": 0.07986232090631698,
      "fcf_margin": 0.062092848922534395,
      "incr_op_margin_yoy": 0.24086836664369402,
      "rev_growth_yoy": 0.22524934994372647,
      "rev_growth_yoy_accel": 0.07334767384387139,
      "op_leverage_ratio": 16.18468207266399,
      "fcf_margin_change": -0.007658032309885467
    },
    {
      "date": "2022-06-30T00:00:00",
      "quarter_label": "2022-06 (Q2)",
      "revenue": 103517000,
      "gross_profit": 57426000,
      "operating_income": 9974000,
      "net_income": 4126000,
      "opex": 47452000,
      "cogs": 46091000,
      "rd": null,
      "sga": null,
      "fcf": 19458000,
      "ocf": 19458000,
      "capex": null,
      "gross_margin": 0.5547494614411159,
      "op_margin": 0.0963513239371311,
      "fcf_margin": 0.18796912584406425,
      "incr_op_margin_yoy": 0.24371879859235618,
      "rev_growth_yoy": 0.30903273941248627,
      "rev_growth_yoy_accel": 0.0837833894687598,
      "op_leverage_ratio": 1.361820282672048,
      "fcf_margin_change": 0.12587627692152986
    },
    {
      "date": "2022-09-30T00:00:00",
      "quarter_label": "2022-09 (Q3)",
      "revenue": 105738000,
      "gross_profit": 58995000,
      "operating_income": 16883000,
      "net_income": 11223000,
      "opex": 42112000,
      "cogs": 46743000,
      "rd": null,
      "sga": null,
      "fcf": 6524000,
      "ocf": 6524000,
      "capex": null,
      "gross_margin": 0.5579356522725983,
      "op_margin": 0.15966823658476612,
      "fcf_margin": 0.06169967277610698,
      "incr_op_margin_yoy": 0.510551216581556,
      "rev_growth_yoy": 0.3366622000859606,
      "rev_growth_yoy_accel": 0.027629460673474326,
      "op_leverage_ratio": Infinity,
      "fcf_margin_change": -0.12626945306795728
    },
    {
      "date": "2022-12-31T00:00:00",
      "quarter_label": "2022-12 (Q4)",
      "revenue": 109306000,
      "gross_profit": 61521000,
      "operating_income": 11963000,
      "net_income": 5779000,
      "opex": 49558000,
      "cogs": 47785000,
      "rd": null,
      "sga": null,
      "fcf": 2680000,
      "ocf": 2680000,
      "capex": null,
      "gross_margin": 0.5628327813660732,
      "op_margin": 0.10944504418787623,
      "fcf_margin": 0.024518324703127002,
      "incr_op_margin_yoy": 0.32592119445886064,
      "rev_growth_yoy": 0.2972928065323949,
      "rev_growth_yoy_accel": -0.03936939355356567,
      "op_leverage_ratio": 0.19084315594603615,
      "fcf_margin_change": -0.03718134807297998
    },
    {
      "date": "2023-03-31T00:00:00",
      "quarter_label": "2023-03 (Q1)",
      "revenue": 111144000,
      "gross_profit": 62872000,
      "operating_income": 12175000,
      "net_income": 5899000,
      "opex": 50697000,
      "cogs": 48272000,
      "rd": null,
      "sga": null,
      "fcf": 6927000,
      "ocf": 6927000,
      "capex": null,
      "gross_margin": 0.5656805585546678,
      "op_margin": 0.10954257539768228,
      "fcf_margin": 0.06232455193262794,
      "incr_op_margin_yoy": 0.2806280810662772,
      "rev_growth_yoy": 0.17348199296823033,
      "rev_growth_yoy_accel": -0.1238108135641646,
      "op_leverage_ratio": 0.7316300798362828,
      "fcf_margin_change": 0.03780622722950094
    },
    {
      "date": "2023-06-30T00:00:00",
      "quarter_label": "2023-06 (Q2)",
      "revenue": 112236000,
      "gross_profit": 63819000,
      "operating_income": 12476000,
      "net_income": 6727000,
      "opex": 51343000,
      "cogs": 48417000,
      "rd": null,
      "sga": null,
      "fcf": 18197000,
      "ocf": 18197000,
      "capex": null,
      "gross_margin": 0.5686143483374319,
      "op_margin": 0.11115863002958053,
      "fcf_margin": 0.16213157988524182,
      "incr_op_margin_yoy": 0.2869595137057002,
      "rev_growth_yoy": 0.08422771139039964,
      "rev_growth_yoy_accel": -0.08925428157783069,
      "fcf_margin_change": 0.09980702795261388
    },
    {
      "date": "2023-09-30T00:00:00",
      "quarter_label": "2023-09 (Q3)",
      "revenue": 112163000,
      "gross_profit": 63991000,
      "operating_income": 13481000,
      "net_income": 6365000,
      "opex": 50510000,
      "cogs": 48172000,
      "rd": null,
      "sga": null,
      "fcf": 8947000,
      "ocf": 8947000,
      "capex": null,
      "gross_margin": 0.5705179069746708,
      "op_margin": 0.12019115037935861,
      "fcf_margin": 0.07976783787880139,
      "incr_op_margin_yoy": -0.5294941634241245,
      "rev_growth_yoy": 0.06076339631920407,
      "rev_growth_yoy_accel": -0.02346431507119557,
      "fcf_margin_change": -0.08236374200644044
    },
    {
      "date": "2023-12-31T00:00:00",
      "quarter_label": "2023-12 (Q4)",
      "revenue": 106089000,
      "gross_profit": 61100000,
      "operating_income": 12133000,
      "net_income": -3054000,
      "opex": 48967000,
      "cogs": 44989000,
      "rd": null,
      "sga": null,
      "fcf": 18672000,
      "ocf": 18672000,
      "capex": null,
      "gross_margin": 0.5759315291877575,
      "op_margin": 0.11436623966669494,
      "fcf_margin": 0.17600316715210815,
      "incr_op_margin_yoy": -0.052844264843021446,
      "rev_growth_yoy": -0.02943113827237297,
      "rev_growth_yoy_accel": -0.09019453459157704,
      "fcf_margin_change": 0.09623532927330676
    },
    {
      "date": "2024-03-31T00:00:00",
      "quarter_label": "2024-03 (Q1)",
      "revenue": 107702000,
      "gross_profit": 62318000,
      "operating_income": 8151000,
      "net_income": 3994000,
      "opex": 54167000,
      "cogs": 45384000,
      "rd": null,
      "sga": null,
      "fcf": 13055000,
      "ocf": 13055000,
      "capex": null,
      "gross_margin": 0.5786150675010677,
      "op_margin": 0.07568104584873075,
      "fcf_margin": 0.12121409073183413,
      "incr_op_margin_yoy": 1.169087739686229,
      "rev_growth_yoy": -0.030968833225365294,
      "rev_growth_yoy_accel": -0.0015376949529923231,
      "op_leverage_ratio": 0.1431740023072065,
      "fcf_margin_change": -0.054789076420274016
    },
    {
      "date": "2024-06-30T00:00:00",
      "quarter_label": "2024-06 (Q2)",
      "revenue": 105203000,
      "gross_profit": 62258000,
      "operating_income": 12908000,
      "net_income": 9702000,
      "opex": 49350000,
      "cogs": 42945000,
      "rd": null,
      "sga": null,
      "fcf": 24930000,
      "ocf": 24930000,
      "capex": null,
      "gross_margin": 0.5917892075321046,
      "op_margin": 0.12269612083305609,
      "fcf_margin": 0.23697042859994488,
      "incr_op_margin_yoy": -0.06142471207166216,
      "rev_growth_yoy": -0.06266260379913753,
      "rev_growth_yoy_accel": -0.031693770573772234,
      "fcf_margin_change": 0.11575633786811075
    },
    {
      "date": "2024-09-30T00:00:00",
      "quarter_label": "2024-09 (Q3)",
      "revenue": 105052000,
      "gross_profit": 64230000,
      "operating_income": 14897000,
      "net_income": 11863000,
      "opex": 49333000,
      "cogs": 40822000,
      "rd": null,
      "sga": null,
      "fcf": 26435000,
      "ocf": 26435000,
      "capex": null,
      "gross_margin": 0.6114114914518524,
      "op_margin": 0.14180596276129917,
      "fcf_margin": 0.25163728439249133,
      "incr_op_margin_yoy": -0.19912811137674027,
      "rev_growth_yoy": -0.0633988035270098,
      "rev_growth_yoy_accel": -0.0007361997278722693,
      "fcf_margin_change": 0.014666855792546452
    },
    {
      "date": "2024-12-31T00:00:00",
      "quarter_label": "2024-12 (Q4)",
      "revenue": 103866000,
      "gross_profit": 64398000,
      "operating_income": 13359000,
      "net_income": 10083000,
      "opex": 51039000,
      "cogs": 39468000,
      "rd": null,
      "sga": null,
      "fcf": 29719000,
      "ocf": 29719000,
      "capex": null,
      "gross_margin": 0.6200103980128242,
      "op_margin": 0.12861764196175843,
      "fcf_margin": 0.28612828066932394,
      "incr_op_margin_yoy": -0.5515069725596041,
      "rev_growth_yoy": -0.020954104572575856,
      "rev_growth_yoy_accel": 0.042444698954433945,
      "fcf_margin_change": 0.03449099627683261
    },
    {
      "date": "2025-03-31T00:00:00",
      "quarter_label": "2025-03 (Q1)",
      "revenue": 104503000,
      "gross_profit": 64933000,
      "operating_income": 13727000,
      "net_income": 10497000,
      "opex": 51206000,
      "cogs": 39570000,
      "rd": null,
      "sga": null,
      "fcf": 26286000,
      "ocf": 26286000,
      "capex": null,
      "gross_margin": 0.6213505832368449,
      "op_margin": 0.13135508071538615,
      "fcf_margin": 0.2515334488005129,
      "incr_op_margin_yoy": -1.7430447014692092,
      "rev_growth_yoy": -0.029702326790588846,
      "rev_growth_yoy_accel": -0.00874822221801299,
      "fcf_margin_change": -0.034594831868811016
    },
    {
      "date": "2025-06-30T00:00:00",
      "quarter_label": "2025-06 (Q2)",
      "revenue": 107514000,
      "gross_profit": 68268000,
      "operating_income": 14923000,
      "net_income": 10243000,
      "opex": 53345000,
      "cogs": 39246000,
      "rd": null,
      "sga": null,
      "fcf": 23953000,
      "ocf": 23953000,
      "capex": null,
      "gross_margin": 0.6349684692226129,
      "op_margin": 0.13880052830329073,
      "fcf_margin": 0.22278959019290512,
      "incr_op_margin_yoy": 0.8719169190826482,
      "rev_growth_yoy": 0.02196705417145899,
      "rev_growth_yoy_accel": 0.05166938096204783,
      "op_leverage_ratio": 0.6897505647929463,
      "fcf_margin_change": -0.02874385860760781
    },
    {
      "date": "2025-09-30T00:00:00",
      "quarter_label": "2025-09 (Q3)",
      "revenue": 114338000,
      "gross_profit": 73078000,
      "operating_income": 14281000,
      "net_income": 9981000,
      "opex": 58797000,
      "cogs": 41260000,
      "rd": null,
      "sga": null,
      "fcf": 28001000,
      "ocf": 28001000,
      "capex": null,
      "gross_margin": 0.6391400934072662,
      "op_margin": 0.12490160751456209,
      "fcf_margin": 0.24489670975528696,
      "incr_op_margin_yoy": -0.0663364204178333,
      "rev_growth_yoy": 0.08839431900392186,
      "rev_growth_yoy_accel": 0.06642726483246288,
      "op_leverage_ratio": 0.621028985479357,
      "fcf_margin_change": 0.022107119562381844
    }
  ],
  "signals": [
    {
      "quarter": "2025-09 (Q3)",
      "signal": "YoY REVENUE GROWTH ACCELERATION",
      "detail": "YoY growth: +8.8% vs prior quarter YoY: +2.2% (accel: +6.6%)",
      "severity": "MEDIUM"
    },
    {
      "quarter": "2025-06 (Q2)",
      "signal": "YoY REVENUE GROWTH ACCELERATION",
      "detail": "YoY growth: +2.2% vs prior quarter YoY: -3.0% (accel: +5.2%)",
      "severity": "MEDIUM"
    },
    {
      "quarter": "2025-06 (Q2)",
      "signal": "INCREMENTAL MARGIN (YoY)",
      "detail": "YoY Incr OPM: +87.2% vs year-ago OPM: +12.3%",
      "severity": "HIGH"
    },
    {
      "quarter": "2024-06 (Q2)",
      "signal": "FCF MARGIN EXPANSION",
      "detail": "FCF margin: +12.1% -> +23.7% (+11.6%)",
      "severity": "MEDIUM"
    },
    {
      "quarter": "2024-03 (Q1)",
      "signal": "INCREMENTAL MARGIN (YoY)",
      "detail": "YoY Incr OPM: +116.9% vs year-ago OPM: +11.0%",
      "severity": "HIGH"
    },
    {
      "quarter": "2023-12 (Q4)",
      "signal": "FCF MARGIN EXPANSION",
      "detail": "FCF margin: +8.0% -> +17.6% (+9.6%)",
      "severity": "MEDIUM"
    },
    {
      "quarter": "2023-12 (Q4)",
      "signal": "YoY REVENUE GROWTH DECELERATION",
      "detail": "YoY growth: -2.9% vs prior quarter YoY: +6.1% (decel: -9.0%)",
      "severity": "WARNING"
    },
    {
      "quarter": "2023-06 (Q2)",
      "signal": "FCF MARGIN EXPANSION",
      "detail": "FCF margin: +6.2% -> +16.2% (+10.0%)",
      "severity": "MEDIUM"
    },
    {
      "quarter": "2023-06 (Q2)",
      "signal": "YoY REVENUE GROWTH DECELERATION",
      "detail": "YoY growth: +8.4% vs prior quarter YoY: +17.3% (decel: -8.9%)",
      "severity": "WARNING"
    },
    {
      "quarter": "2023-06 (Q2)",
      "signal": "INCREMENTAL MARGIN (YoY)",
      "detail": "YoY Incr OPM: +28.7% vs year-ago OPM: +9.6%",
      "severity": "MEDIUM"
    },
    {
      "quarter": "2023-03 (Q1)",
      "signal": "YoY REVENUE GROWTH DECELERATION",
      "detail": "YoY growth: +17.3% vs prior quarter YoY: +29.7% (decel: -12.4%)",
      "severity": "WARNING"
    },
    {
      "quarter": "2023-03 (Q1)",
      "signal": "INCREMENTAL MARGIN (YoY)",
      "detail": "YoY Incr OPM: +28.1% vs year-ago OPM: +8.0%",
      "severity": "HIGH"
    },
    {
      "quarter": "2022-12 (Q4)",
      "signal": "INCREMENTAL MARGIN (YoY)",
      "detail": "YoY Incr OPM: +32.6% vs year-ago OPM: +4.5%",
      "severity": "HIGH"
    },
    {
      "quarter": "2022-09 (Q3)",
      "signal": "INCREMENTAL MARGIN (YoY)",
      "detail": "YoY Incr OPM: +51.1% vs year-ago OPM: +4.2%",
      "severity": "HIGH"
    },
    {
      "quarter": "2022-06 (Q2)",
      "signal": "FCF MARGIN EXPANSION",
      "detail": "FCF margin: +6.2% -> +18.8% (+12.6%)",
      "severity": "MEDIUM"
    },
    {
      "quarter": "2022-06 (Q2)",
      "signal": "YoY REVENUE GROWTH ACCELERATION",
      "detail": "YoY growth: +30.9% vs prior quarter YoY: +22.5% (accel: +8.4%)",
      "severity": "MEDIUM"
    },
    {
      "quarter": "2022-06 (Q2)",
      "signal": "INCREMENTAL MARGIN (YoY)",
      "detail": "YoY Incr OPM: +24.4% vs year-ago OPM: +5.1%",
      "severity": "MEDIUM"
    },
    {
      "quarter": "2022-03 (Q1)",
      "signal": "OPERATING LEVERAGE",
      "detail": "Rev growth +12.4% vs OpEx growth +0.8% (leverage: 16.2x)",
      "severity": "MEDIUM"
    },
    {
      "quarter": "2022-03 (Q1)",
      "signal": "YoY REVENUE GROWTH ACCELERATION",
      "detail": "YoY growth: +22.5% vs prior quarter YoY: +15.2% (accel: +7.3%)",
      "severity": "MEDIUM"
    },
    {
      "quarter": "2022-03 (Q1)",
      "signal": "INCREMENTAL MARGIN (YoY)",
      "detail": "YoY Incr OPM: +24.1% vs year-ago OPM: +4.4%",
      "severity": "MEDIUM"
    },
    {
      "quarter": "2021-12 (Q4)",
      "signal": "OP MARGIN TURNED POSITIVE (YoY)",
      "detail": "Op margin: -0.2% (year-ago) -> +4.5%",
      "severity": "HIGH"
    },
    {
      "quarter": "2021-06 (Q2)",
      "signal": "FCF MARGIN EXPANSION",
      "detail": "FCF margin: +16.8% -> +26.3% (+9.5%)",
      "severity": "MEDIUM"
    },
    {
      "quarter": "2021-03 (Q1)",
      "signal": "FCF MARGIN EXPANSION",
      "detail": "FCF margin: +11.4% -> +16.8% (+5.4%)",
      "severity": "MEDIUM"
    },
    {
      "quarter": "2021-03 (Q1)",
      "signal": "OP MARGIN TURNED POSITIVE (QoQ)",
      "detail": "Op margin: -0.2% -> +4.4%",
      "severity": "HIGH"
    }
  ],
  "data_quality": {
    "n_quarters": 20,
    "coverage": {
      "revenue": [
        20,
        20
      ],
      "gross_profit": [
        20,
        20
      ],
      "op_income": [
        20,
        20
      ],
      "fcf": [
        20,
        20
      ]
    },
    "gaps": [],
    "warnings": []
  },
  "market_cap": null,
  "source": "SEC EDGAR",
  "last_updated": "2026-02-02T21:44:39.183628",
  "sector": "Technology",
  "industry": "Communication Equipment"
}