{
  "ticker": "DHC",
  "name": "Diversified Healthcare Trust",
  "quarters": [
    {
      "date": "2020-12-31T00:00:00",
      "quarter_label": "2020-12 (Q4)",
      "revenue": 384909000,
      "gross_profit": null,
      "operating_income": null,
      "net_income": -16228000,
      "opex": 375721000,
      "cogs": null,
      "rd": null,
      "sga": null,
      "fcf": -435000,
      "ocf": -435000,
      "capex": null,
      "gross_margin": null,
      "op_margin": null,
      "fcf_margin": -0.0011301372532208911
    },
    {
      "date": "2021-03-31T00:00:00",
      "quarter_label": "2021-03 (Q1)",
      "revenue": 362724000,
      "gross_profit": null,
      "operating_income": null,
      "net_income": -67505000,
      "opex": 360912000,
      "cogs": null,
      "rd": null,
      "sga": null,
      "fcf": 34822000,
      "ocf": 34822000,
      "capex": null,
      "gross_margin": null,
      "op_margin": null,
      "fcf_margin": 0.09600136743088408,
      "fcf_margin_change": 0.09713150468410497
    },
    {
      "date": "2021-06-30T00:00:00",
      "quarter_label": "2021-06 (Q2)",
      "revenue": 346341000,
      "gross_profit": null,
      "operating_income": null,
      "net_income": -34222000,
      "opex": 353717000,
      "cogs": null,
      "rd": null,
      "sga": null,
      "fcf": -7776000,
      "ocf": -7776000,
      "capex": null,
      "gross_margin": null,
      "op_margin": null,
      "fcf_margin": -0.022451861027137993,
      "fcf_margin_change": -0.11845322845802207
    },
    {
      "date": "2021-09-30T00:00:00",
      "quarter_label": "2021-09 (Q3)",
      "revenue": 337416000,
      "gross_profit": null,
      "operating_income": null,
      "net_income": -89343000,
      "opex": 346753000,
      "cogs": null,
      "rd": null,
      "sga": null,
      "fcf": -40244000,
      "ocf": -40244000,
      "capex": null,
      "gross_margin": null,
      "op_margin": null,
      "fcf_margin": -0.11927116674965028,
      "fcf_margin_change": -0.0968193057225123
    },
    {
      "date": "2021-12-31T00:00:00",
      "quarter_label": "2021-12 (Q4)",
      "revenue": 336731000,
      "gross_profit": null,
      "operating_income": null,
      "net_income": 365585000,
      "opex": 352980000,
      "cogs": null,
      "rd": null,
      "sga": null,
      "fcf": -50125000,
      "ocf": -50125000,
      "capex": null,
      "gross_margin": null,
      "op_margin": null,
      "fcf_margin": -0.14885769352985023,
      "rev_growth_yoy": -0.12516724732339332,
      "fcf_margin_change": -0.029586526780199948
    },
    {
      "date": "2022-03-31T00:00:00",
      "quarter_label": "2022-03 (Q1)",
      "revenue": 310733000,
      "gross_profit": null,
      "operating_income": null,
      "net_income": 240423000,
      "opex": 334214000,
      "cogs": null,
      "rd": null,
      "sga": null,
      "fcf": -7264000,
      "ocf": -7264000,
      "capex": null,
      "gross_margin": null,
      "op_margin": null,
      "fcf_margin": -0.023376982811609968,
      "rev_growth_yoy": -0.14333487720691215,
      "rev_growth_yoy_accel": -0.018167629883518832,
      "fcf_margin_change": 0.12548071071824027
    },
    {
      "date": "2022-06-30T00:00:00",
      "quarter_label": "2022-06 (Q2)",
      "revenue": 313028000,
      "gross_profit": null,
      "operating_income": null,
      "net_income": -109383000,
      "opex": 332143000,
      "cogs": null,
      "rd": null,
      "sga": null,
      "fcf": -24592000,
      "ocf": -24592000,
      "capex": null,
      "gross_margin": null,
      "op_margin": null,
      "fcf_margin": -0.07856166221552066,
      "rev_growth_yoy": -0.09618555123418827,
      "rev_growth_yoy_accel": 0.04714932597272388,
      "fcf_margin_change": -0.0551846794039107
    },
    {
      "date": "2022-09-30T00:00:00",
      "quarter_label": "2022-09 (Q3)",
      "revenue": 322920000,
      "gross_profit": null,
      "operating_income": null,
      "net_income": -81492000,
      "opex": 355971000,
      "cogs": null,
      "rd": null,
      "sga": null,
      "fcf": -5092000,
      "ocf": -5092000,
      "capex": null,
      "gross_margin": null,
      "op_margin": null,
      "fcf_margin": -0.015768611420785335,
      "rev_growth_yoy": -0.04296180382673021,
      "rev_growth_yoy_accel": 0.05322374740745806,
      "op_leverage_ratio": 0.4404924142870908,
      "fcf_margin_change": 0.06279305079473532
    },
    {
      "date": "2022-12-31T00:00:00",
      "quarter_label": "2022-12 (Q4)",
      "revenue": 336885000,
      "gross_profit": null,
      "operating_income": null,
      "net_income": -65322000,
      "opex": 355062000,
      "cogs": null,
      "rd": null,
      "sga": null,
      "fcf": -3405000,
      "ocf": -3405000,
      "capex": null,
      "gross_margin": null,
      "op_margin": null,
      "fcf_margin": -0.010107306647669087,
      "rev_growth_yoy": 0.0004573383501964476,
      "rev_growth_yoy_accel": 0.04341914217692666,
      "op_leverage_ratio": Infinity,
      "fcf_margin_change": 0.005661304773116249
    },
    {
      "date": "2023-03-31T00:00:00",
      "quarter_label": "2023-03 (Q1)",
      "revenue": 346030000,
      "gross_profit": null,
      "operating_income": null,
      "net_income": -52658000,
      "opex": 362771000,
      "cogs": null,
      "rd": null,
      "sga": null,
      "fcf": 6042000,
      "ocf": 6042000,
      "capex": null,
      "gross_margin": null,
      "op_margin": null,
      "fcf_margin": 0.01746091379360171,
      "rev_growth_yoy": 0.11359269855470774,
      "rev_growth_yoy_accel": 0.1131353602045113,
      "op_leverage_ratio": 1.250282593615436,
      "fcf_margin_change": 0.027568220441270795
    },
    {
      "date": "2023-06-30T00:00:00",
      "quarter_label": "2023-06 (Q2)",
      "revenue": 346219000,
      "gross_profit": null,
      "operating_income": null,
      "net_income": -72571000,
      "opex": 379248000,
      "cogs": null,
      "rd": null,
      "sga": null,
      "fcf": 25681000,
      "ocf": 25681000,
      "capex": null,
      "gross_margin": null,
      "op_margin": null,
      "fcf_margin": 0.07417559406040686,
      "rev_growth_yoy": 0.10603204825127464,
      "rev_growth_yoy_accel": -0.0075606503034331,
      "fcf_margin_change": 0.05671468026680515
    },
    {
      "date": "2023-09-30T00:00:00",
      "quarter_label": "2023-09 (Q3)",
      "revenue": 356524000,
      "gross_profit": null,
      "operating_income": null,
      "net_income": -65779000,
      "opex": 377454000,
      "cogs": null,
      "rd": null,
      "sga": null,
      "fcf": -14031000,
      "ocf": -14031000,
      "capex": null,
      "gross_margin": null,
      "op_margin": null,
      "fcf_margin": -0.03935499433418227,
      "rev_growth_yoy": 0.10406292580205624,
      "rev_growth_yoy_accel": -0.0019691224492184023,
      "op_leverage_ratio": Infinity,
      "fcf_margin_change": -0.11353058839458913
    },
    {
      "date": "2023-12-31T00:00:00",
      "quarter_label": "2023-12 (Q4)",
      "revenue": 361535000,
      "gross_profit": null,
      "operating_income": null,
      "net_income": -102564000,
      "opex": 394125000,
      "cogs": null,
      "rd": null,
      "sga": null,
      "fcf": -7209000,
      "ocf": -7209000,
      "capex": null,
      "gross_margin": null,
      "op_margin": null,
      "fcf_margin": -0.019939978148726955,
      "rev_growth_yoy": 0.07317036971073215,
      "rev_growth_yoy_accel": -0.03089255609132409,
      "op_leverage_ratio": 0.31822772415463507,
      "fcf_margin_change": 0.019415016185455315
    },
    {
      "date": "2024-03-31T00:00:00",
      "quarter_label": "2024-03 (Q1)",
      "revenue": 370776000,
      "gross_profit": null,
      "operating_income": null,
      "net_income": -86259000,
      "opex": 397533000,
      "cogs": null,
      "rd": null,
      "sga": null,
      "fcf": 28602000,
      "ocf": 28602000,
      "capex": null,
      "gross_margin": null,
      "op_margin": null,
      "fcf_margin": 0.07714091526959674,
      "rev_growth_yoy": 0.07151403057538364,
      "rev_growth_yoy_accel": -0.0016563391353485168,
      "op_leverage_ratio": 2.9559904077819983,
      "fcf_margin_change": 0.0970808934183237
    },
    {
      "date": "2024-06-30T00:00:00",
      "quarter_label": "2024-06 (Q2)",
      "revenue": 371392000,
      "gross_profit": null,
      "operating_income": null,
      "net_income": -97861000,
      "opex": 387055000,
      "cogs": null,
      "rd": null,
      "sga": null,
      "fcf": 44292000,
      "ocf": 44292000,
      "capex": null,
      "gross_margin": null,
      "op_margin": null,
      "fcf_margin": 0.11925943477511632,
      "rev_growth_yoy": 0.072708314679437,
      "rev_growth_yoy_accel": 0.001194284104053367,
      "fcf_margin_change": 0.04211851950551958
    },
    {
      "date": "2024-09-30T00:00:00",
      "quarter_label": "2024-09 (Q3)",
      "revenue": 373640000,
      "gross_profit": null,
      "operating_income": null,
      "net_income": -98689000,
      "opex": 415951000,
      "cogs": null,
      "rd": null,
      "sga": null,
      "fcf": 21134000,
      "ocf": 21134000,
      "capex": null,
      "gross_margin": null,
      "op_margin": null,
      "fcf_margin": 0.05656246654533776,
      "rev_growth_yoy": 0.04800798824202578,
      "rev_growth_yoy_accel": -0.02470032643741122,
      "fcf_margin_change": -0.06269696822977855
    },
    {
      "date": "2024-12-31T00:00:00",
      "quarter_label": "2024-12 (Q4)",
      "revenue": 379619000,
      "gross_profit": null,
      "operating_income": null,
      "net_income": -87446000,
      "opex": 420722000,
      "cogs": null,
      "rd": null,
      "sga": null,
      "fcf": 18195000,
      "ocf": 18195000,
      "capex": null,
      "gross_margin": null,
      "op_margin": null,
      "fcf_margin": 0.04792963471269879,
      "rev_growth_yoy": 0.05002005338348984,
      "rev_growth_yoy_accel": 0.002012065141464056,
      "op_leverage_ratio": 1.3951083761083667,
      "fcf_margin_change": -0.008632831832638972
    },
    {
      "date": "2025-03-31T00:00:00",
      "quarter_label": "2025-03 (Q1)",
      "revenue": 386864000,
      "gross_profit": null,
      "operating_income": null,
      "net_income": -8986000,
      "opex": 430147000,
      "cogs": null,
      "rd": null,
      "sga": null,
      "fcf": -3243000,
      "ocf": -3243000,
      "capex": null,
      "gross_margin": null,
      "op_margin": null,
      "fcf_margin": -0.008382790851565408,
      "rev_growth_yoy": 0.043390079185276285,
      "rev_growth_yoy_accel": -0.0066299741982135535,
      "op_leverage_ratio": 0.8519307858598951,
      "fcf_margin_change": -0.0563124255642642
    },
    {
      "date": "2025-06-30T00:00:00",
      "quarter_label": "2025-06 (Q2)",
      "revenue": 382712000,
      "gross_profit": null,
      "operating_income": null,
      "net_income": -91639000,
      "opex": 421091000,
      "cogs": null,
      "rd": null,
      "sga": null,
      "fcf": 53020000,
      "ocf": 53020000,
      "capex": null,
      "gross_margin": null,
      "op_margin": null,
      "fcf_margin": 0.13853759484939066,
      "rev_growth_yoy": 0.03047992417714975,
      "rev_growth_yoy_accel": -0.012910155008126534,
      "fcf_margin_change": 0.14692038570095606
    },
    {
      "date": "2025-09-30T00:00:00",
      "quarter_label": "2025-09 (Q3)",
      "revenue": 388706000,
      "gross_profit": null,
      "operating_income": null,
      "net_income": -164040000,
      "opex": 497901000,
      "cogs": null,
      "rd": null,
      "sga": null,
      "fcf": -49285000,
      "ocf": -49285000,
      "capex": null,
      "gross_margin": null,
      "op_margin": null,
      "fcf_margin": -0.12679248583762534,
      "rev_growth_yoy": 0.04032223530671234,
      "rev_growth_yoy_accel": 0.00984231112956259,
      "op_leverage_ratio": 0.08586236627580413,
      "fcf_margin_change": -0.265330080687016
    }
  ],
  "signals": [
    {
      "quarter": "2025-06 (Q2)",
      "signal": "FCF TURNED POSITIVE",
      "detail": "FCF margin: -0.8% -> +13.9%",
      "severity": "HIGH"
    },
    {
      "quarter": "2024-03 (Q1)",
      "signal": "FCF TURNED POSITIVE",
      "detail": "FCF margin: -2.0% -> +7.7%",
      "severity": "HIGH"
    },
    {
      "quarter": "2024-03 (Q1)",
      "signal": "OPERATING LEVERAGE",
      "detail": "Rev growth +2.6% vs OpEx growth +0.9% (leverage: 3.0x)",
      "severity": "MEDIUM"
    },
    {
      "quarter": "2023-06 (Q2)",
      "signal": "FCF MARGIN EXPANSION",
      "detail": "FCF margin: +1.7% -> +7.4% (+5.7%)",
      "severity": "MEDIUM"
    },
    {
      "quarter": "2023-03 (Q1)",
      "signal": "FCF TURNED POSITIVE",
      "detail": "FCF margin: -1.0% -> +1.7%",
      "severity": "HIGH"
    },
    {
      "quarter": "2023-03 (Q1)",
      "signal": "YoY REVENUE GROWTH ACCELERATION",
      "detail": "YoY growth: +11.4% vs prior quarter YoY: +0.0% (accel: +11.3%)",
      "severity": "MEDIUM"
    },
    {
      "quarter": "2022-09 (Q3)",
      "signal": "FCF MARGIN EXPANSION",
      "detail": "FCF margin: -7.9% -> -1.6% (+6.3%)",
      "severity": "MEDIUM"
    },
    {
      "quarter": "2022-09 (Q3)",
      "signal": "YoY REVENUE GROWTH ACCELERATION",
      "detail": "YoY growth: -4.3% vs prior quarter YoY: -9.6% (accel: +5.3%)",
      "severity": "MEDIUM"
    },
    {
      "quarter": "2022-03 (Q1)",
      "signal": "FCF MARGIN EXPANSION",
      "detail": "FCF margin: -14.9% -> -2.3% (+12.5%)",
      "severity": "MEDIUM"
    },
    {
      "quarter": "2021-03 (Q1)",
      "signal": "FCF TURNED POSITIVE",
      "detail": "FCF margin: -0.1% -> +9.6%",
      "severity": "HIGH"
    }
  ],
  "data_quality": {
    "n_quarters": 20,
    "coverage": {
      "revenue": [
        20,
        20
      ],
      "gross_profit": [
        0,
        20
      ],
      "op_income": [
        0,
        20
      ],
      "fcf": [
        20,
        20
      ]
    },
    "gaps": [],
    "warnings": [
      "gross_profit: no data",
      "op_income: no data"
    ]
  },
  "market_cap": null,
  "source": "SEC EDGAR",
  "last_updated": "2026-02-02T21:52:12.283999",
  "sector": "Real Estate",
  "industry": "REIT - Healthcare Facilities"
}