{
  "ticker": "DHI",
  "name": "D.R. Horton, Inc.",
  "quarters": [
    {
      "date": "2021-03-31T00:00:00",
      "quarter_label": "2021-03 (Q1)",
      "revenue": 6446900000,
      "gross_profit": 1796000000,
      "operating_income": null,
      "net_income": 929500000,
      "opex": null,
      "cogs": 4650900000,
      "rd": null,
      "sga": 621500000,
      "fcf": 83000000,
      "ocf": 97200000,
      "capex": -14200000,
      "gross_margin": 0.27858350525058556,
      "op_margin": null,
      "fcf_margin": 0.012874404752671827
    },
    {
      "date": "2021-06-30T00:00:00",
      "quarter_label": "2021-06 (Q2)",
      "revenue": 7284600000,
      "gross_profit": 2072000000,
      "operating_income": null,
      "net_income": 1115500000,
      "opex": null,
      "cogs": 5212600000,
      "rd": null,
      "sga": 655700000,
      "fcf": 104900000,
      "ocf": 120400000,
      "capex": -15500000,
      "gross_margin": 0.2844356587870302,
      "op_margin": null,
      "fcf_margin": 0.014400241605578892,
      "fcf_margin_change": 0.0015258368529070653
    },
    {
      "date": "2021-09-30T00:00:00",
      "quarter_label": "2021-09 (Q3)",
      "revenue": 8109300000,
      "gross_profit": 2406100000,
      "operating_income": null,
      "net_income": 1339000000,
      "opex": null,
      "cogs": 5703200000,
      "rd": null,
      "sga": 693000000,
      "fcf": 521400000,
      "ocf": 568900000,
      "capex": -47500000,
      "gross_margin": 0.296708717151912,
      "op_margin": null,
      "fcf_margin": 0.06429654840738412,
      "fcf_margin_change": 0.04989630680180523
    },
    {
      "date": "2021-12-31T00:00:00",
      "quarter_label": "2021-12 (Q4)",
      "revenue": 7053400000,
      "gross_profit": 2147700000,
      "operating_income": null,
      "net_income": 1141600000,
      "opex": null,
      "cogs": 4905700000,
      "rd": null,
      "sga": 665900000,
      "fcf": -205000000,
      "ocf": -174100000,
      "capex": -30900000,
      "gross_margin": 0.3044914509314657,
      "op_margin": null,
      "fcf_margin": -0.029063997504749483,
      "fcf_margin_change": -0.09336054591213361
    },
    {
      "date": "2022-03-31T00:00:00",
      "quarter_label": "2022-03 (Q1)",
      "revenue": 7999000000,
      "gross_profit": 2569100000,
      "operating_income": null,
      "net_income": 1436300000,
      "opex": null,
      "cogs": 5429900000,
      "rd": null,
      "sga": 695100000,
      "fcf": -702100000,
      "ocf": -660500000,
      "capex": -41600000,
      "gross_margin": 0.32117764720590075,
      "op_margin": null,
      "fcf_margin": -0.08777347168396049,
      "rev_growth_yoy": 0.24075136887496315,
      "fcf_margin_change": -0.058709474179211005
    },
    {
      "date": "2022-06-30T00:00:00",
      "quarter_label": "2022-06 (Q2)",
      "revenue": 8788100000,
      "gross_profit": 2908800000,
      "operating_income": null,
      "net_income": 1647800000,
      "opex": null,
      "cogs": 5879300000,
      "rd": null,
      "sga": 740600000,
      "fcf": 236300000,
      "ocf": 271800000,
      "capex": -35500000,
      "gross_margin": 0.3309930474163926,
      "op_margin": null,
      "fcf_margin": 0.026888633493018968,
      "rev_growth_yoy": 0.20639431128682426,
      "rev_growth_yoy_accel": -0.034357057588138895,
      "fcf_margin_change": 0.11466210517697946
    },
    {
      "date": "2022-09-30T00:00:00",
      "quarter_label": "2022-09 (Q3)",
      "revenue": 9639400000,
      "gross_profit": 2878400000,
      "operating_income": null,
      "net_income": 1631800000,
      "opex": null,
      "cogs": 6761000000,
      "rd": null,
      "sga": 832100000,
      "fcf": 1084400000,
      "ocf": 1124600000,
      "capex": -40200000,
      "gross_margin": 0.2986077971657987,
      "op_margin": null,
      "fcf_margin": 0.11249662842085607,
      "rev_growth_yoy": 0.18868459669761878,
      "rev_growth_yoy_accel": -0.017709714589205477,
      "fcf_margin_change": 0.0856079949278371
    },
    {
      "date": "2022-12-31T00:00:00",
      "quarter_label": "2022-12 (Q4)",
      "revenue": 7257800000,
      "gross_profit": 1966500000,
      "operating_income": null,
      "net_income": 958700000,
      "opex": null,
      "cogs": 5291300000,
      "rd": null,
      "sga": 737000000,
      "fcf": 781600000,
      "ocf": 829100000,
      "capex": -47500000,
      "gross_margin": 0.27094987461765274,
      "op_margin": null,
      "fcf_margin": 0.10769103585108435,
      "rev_growth_yoy": 0.028978932146198996,
      "rev_growth_yoy_accel": -0.15970566455141977,
      "fcf_margin_change": -0.004805592569771727
    },
    {
      "date": "2023-03-31T00:00:00",
      "quarter_label": "2023-03 (Q1)",
      "revenue": 7972900000,
      "gross_profit": 1976700000,
      "operating_income": null,
      "net_income": 942200000,
      "opex": null,
      "cogs": 5996200000,
      "rd": null,
      "sga": 773600000,
      "fcf": 612800000,
      "ocf": 644500000,
      "capex": -31700000,
      "gross_margin": 0.24792735391137477,
      "op_margin": null,
      "fcf_margin": 0.0768603644846919,
      "rev_growth_yoy": -0.0032629078634829355,
      "rev_growth_yoy_accel": -0.03224184000968193,
      "fcf_margin_change": -0.030830671366392448
    },
    {
      "date": "2023-06-30T00:00:00",
      "quarter_label": "2023-06 (Q2)",
      "revenue": 9725600000,
      "gross_profit": 2583800000,
      "operating_income": null,
      "net_income": 1335100000,
      "opex": null,
      "cogs": 7141800000,
      "rd": null,
      "sga": 852100000,
      "fcf": 758400000,
      "ocf": 787500000,
      "capex": -29100000,
      "gross_margin": 0.2656699843711442,
      "op_margin": null,
      "fcf_margin": 0.07797976474459159,
      "rev_growth_yoy": 0.10667834913121152,
      "rev_growth_yoy_accel": 0.10994125699469445,
      "fcf_margin_change": 0.0011194002598996916
    },
    {
      "date": "2023-09-30T00:00:00",
      "quarter_label": "2023-09 (Q3)",
      "revenue": 10504000000,
      "gross_profit": 2823300000,
      "operating_income": null,
      "net_income": 1509700000,
      "opex": null,
      "cogs": 7680700000,
      "rd": null,
      "sga": 886200000,
      "fcf": 2002700000,
      "ocf": 2043000000,
      "capex": -40300000,
      "gross_margin": 0.2687833206397563,
      "op_margin": null,
      "fcf_margin": 0.19066070068545315,
      "rev_growth_yoy": 0.08969437931821482,
      "rev_growth_yoy_accel": -0.0169839698129967,
      "fcf_margin_change": 0.11268093594086157
    },
    {
      "date": "2023-12-31T00:00:00",
      "quarter_label": "2023-12 (Q4)",
      "revenue": 7726000000,
      "gross_profit": 2006200000,
      "operating_income": null,
      "net_income": 947400000,
      "opex": null,
      "cogs": 5719800000,
      "rd": null,
      "sga": 835000000,
      "fcf": -201000000,
      "ocf": -153400000,
      "capex": -47600000,
      "gross_margin": 0.2596686513072741,
      "op_margin": null,
      "fcf_margin": -0.02601604970230391,
      "rev_growth_yoy": 0.06450990658326214,
      "rev_growth_yoy_accel": -0.02518447273495268,
      "fcf_margin_change": -0.21667675038775708
    },
    {
      "date": "2024-03-31T00:00:00",
      "quarter_label": "2024-03 (Q1)",
      "revenue": 9107200000,
      "gross_profit": 2332900000,
      "operating_income": null,
      "net_income": 1172100000,
      "opex": null,
      "cogs": 6774300000,
      "rd": null,
      "sga": 880600000,
      "fcf": -340400000,
      "ocf": -316700000,
      "capex": -23700000,
      "gross_margin": 0.2561599613492621,
      "op_margin": null,
      "fcf_margin": -0.03737702037947997,
      "rev_growth_yoy": 0.14226943772027745,
      "rev_growth_yoy_accel": 0.07775953113701531,
      "fcf_margin_change": -0.011360970677176063
    },
    {
      "date": "2024-06-30T00:00:00",
      "quarter_label": "2024-06 (Q2)",
      "revenue": 9965700000,
      "gross_profit": 2642000000,
      "operating_income": null,
      "net_income": 1353600000,
      "opex": null,
      "cogs": 7323700000,
      "rd": null,
      "sga": 923600000,
      "fcf": 636300000,
      "ocf": 698300000,
      "capex": -62000000,
      "gross_margin": 0.2651093249846975,
      "op_margin": null,
      "fcf_margin": 0.06384900207712453,
      "rev_growth_yoy": 0.024687422883935183,
      "rev_growth_yoy_accel": -0.11758201483634226,
      "fcf_margin_change": 0.1012260224566045
    },
    {
      "date": "2024-09-30T00:00:00",
      "quarter_label": "2024-09 (Q3)",
      "revenue": 10002600000,
      "gross_profit": 2554300000,
      "operating_income": null,
      "net_income": 1283400000,
      "opex": null,
      "cogs": 7448300000,
      "rd": null,
      "sga": 960300000,
      "fcf": 1929600000,
      "ocf": 1961600000,
      "capex": -32000000,
      "gross_margin": 0.25536360546257975,
      "op_margin": null,
      "fcf_margin": 0.19290984344070541,
      "rev_growth_yoy": -0.047734196496572734,
      "rev_growth_yoy_accel": -0.07242161938050792,
      "fcf_margin_change": 0.12906084136358087
    },
    {
      "date": "2024-12-31T00:00:00",
      "quarter_label": "2024-12 (Q4)",
      "revenue": 7613000000,
      "gross_profit": 1910200000,
      "operating_income": null,
      "net_income": 844900000,
      "opex": null,
      "cogs": 5702800000,
      "rd": null,
      "sga": 878100000,
      "fcf": 633400000,
      "ocf": 646700000,
      "capex": -13300000,
      "gross_margin": 0.2509129121239984,
      "op_margin": null,
      "fcf_margin": 0.08319978983318009,
      "rev_growth_yoy": -0.014625938389852447,
      "rev_growth_yoy_accel": 0.03310825810672029,
      "fcf_margin_change": -0.10971005360752532
    },
    {
      "date": "2025-03-31T00:00:00",
      "quarter_label": "2025-03 (Q1)",
      "revenue": 7734000000,
      "gross_profit": 1900200000,
      "operating_income": null,
      "net_income": 810400000,
      "opex": null,
      "cogs": 5833800000,
      "rd": null,
      "sga": 898700000,
      "fcf": -470500000,
      "ocf": -436200000,
      "capex": -34300000,
      "gross_margin": 0.24569433669511248,
      "op_margin": null,
      "fcf_margin": -0.06083527282130851,
      "rev_growth_yoy": -0.15078179901616304,
      "rev_growth_yoy_accel": -0.13615586062631058,
      "fcf_margin_change": -0.1440350626544886
    },
    {
      "date": "2025-06-30T00:00:00",
      "quarter_label": "2025-06 (Q2)",
      "revenue": 9225700000,
      "gross_profit": 2209200000,
      "operating_income": null,
      "net_income": 1024600000,
      "opex": null,
      "cogs": 7016500000,
      "rd": null,
      "sga": 944300000,
      "fcf": 692600000,
      "ocf": 738600000,
      "capex": -46000000,
      "gross_margin": 0.2394615042760983,
      "op_margin": null,
      "fcf_margin": 0.07507289419773025,
      "rev_growth_yoy": -0.07425469359904473,
      "rev_growth_yoy_accel": 0.07652710541711831,
      "fcf_margin_change": 0.13590816701903877
    },
    {
      "date": "2025-09-30T00:00:00",
      "quarter_label": "2025-09 (Q3)",
      "revenue": 9677800000,
      "gross_profit": 2096700000,
      "operating_income": null,
      "net_income": 905300000,
      "opex": null,
      "cogs": 7581100000,
      "rd": null,
      "sga": 970900000,
      "fcf": 2428000000,
      "ocf": 2471800000,
      "capex": -43800000,
      "gross_margin": 0.2166504784145157,
      "op_margin": null,
      "fcf_margin": 0.2508834652503668,
      "rev_growth_yoy": -0.03247155739507728,
      "rev_growth_yoy_accel": 0.041783136203967446,
      "fcf_margin_change": 0.17581057105263656
    },
    {
      "date": "2025-12-31T00:00:00",
      "quarter_label": "2025-12 (Q4)",
      "revenue": 6886900000,
      "gross_profit": 1594700000,
      "operating_income": null,
      "net_income": 594800000,
      "opex": null,
      "cogs": 5292200000,
      "rd": null,
      "sga": 865100000,
      "fcf": 826600000,
      "ocf": 854000000,
      "capex": -27400000,
      "gross_margin": 0.23155556200903163,
      "op_margin": null,
      "fcf_margin": 0.12002497495244595,
      "rev_growth_yoy": -0.09537632996190726,
      "rev_growth_yoy_accel": -0.06290477256682997,
      "fcf_margin_change": -0.13085849029792085
    }
  ],
  "signals": [
    {
      "quarter": "2025-12 (Q4)",
      "signal": "YoY REVENUE GROWTH DECELERATION",
      "detail": "YoY growth: -9.5% vs prior quarter YoY: -3.2% (decel: -6.3%)",
      "severity": "WARNING"
    },
    {
      "quarter": "2025-09 (Q3)",
      "signal": "FCF MARGIN EXPANSION",
      "detail": "FCF margin: +7.5% -> +25.1% (+17.6%)",
      "severity": "MEDIUM"
    },
    {
      "quarter": "2025-06 (Q2)",
      "signal": "FCF TURNED POSITIVE",
      "detail": "FCF margin: -6.1% -> +7.5%",
      "severity": "HIGH"
    },
    {
      "quarter": "2025-06 (Q2)",
      "signal": "YoY REVENUE GROWTH ACCELERATION",
      "detail": "YoY growth: -7.4% vs prior quarter YoY: -15.1% (accel: +7.7%)",
      "severity": "MEDIUM"
    },
    {
      "quarter": "2025-03 (Q1)",
      "signal": "YoY REVENUE GROWTH DECELERATION",
      "detail": "YoY growth: -15.1% vs prior quarter YoY: -1.5% (decel: -13.6%)",
      "severity": "WARNING"
    },
    {
      "quarter": "2024-09 (Q3)",
      "signal": "FCF MARGIN EXPANSION",
      "detail": "FCF margin: +6.4% -> +19.3% (+12.9%)",
      "severity": "MEDIUM"
    },
    {
      "quarter": "2024-09 (Q3)",
      "signal": "YoY REVENUE GROWTH DECELERATION",
      "detail": "YoY growth: -4.8% vs prior quarter YoY: +2.5% (decel: -7.2%)",
      "severity": "WARNING"
    },
    {
      "quarter": "2024-06 (Q2)",
      "signal": "FCF TURNED POSITIVE",
      "detail": "FCF margin: -3.7% -> +6.4%",
      "severity": "HIGH"
    },
    {
      "quarter": "2024-06 (Q2)",
      "signal": "YoY REVENUE GROWTH DECELERATION",
      "detail": "YoY growth: +2.5% vs prior quarter YoY: +14.2% (decel: -11.8%)",
      "severity": "WARNING"
    },
    {
      "quarter": "2024-03 (Q1)",
      "signal": "YoY REVENUE GROWTH ACCELERATION",
      "detail": "YoY growth: +14.2% vs prior quarter YoY: +6.5% (accel: +7.8%)",
      "severity": "MEDIUM"
    },
    {
      "quarter": "2023-09 (Q3)",
      "signal": "FCF MARGIN EXPANSION",
      "detail": "FCF margin: +7.8% -> +19.1% (+11.3%)",
      "severity": "MEDIUM"
    },
    {
      "quarter": "2023-06 (Q2)",
      "signal": "YoY REVENUE GROWTH ACCELERATION",
      "detail": "YoY growth: +10.7% vs prior quarter YoY: -0.3% (accel: +11.0%)",
      "severity": "MEDIUM"
    },
    {
      "quarter": "2022-12 (Q4)",
      "signal": "YoY REVENUE GROWTH DECELERATION",
      "detail": "YoY growth: +2.9% vs prior quarter YoY: +18.9% (decel: -16.0%)",
      "severity": "WARNING"
    },
    {
      "quarter": "2022-09 (Q3)",
      "signal": "FCF MARGIN EXPANSION",
      "detail": "FCF margin: +2.7% -> +11.2% (+8.6%)",
      "severity": "MEDIUM"
    },
    {
      "quarter": "2022-06 (Q2)",
      "signal": "FCF TURNED POSITIVE",
      "detail": "FCF margin: -8.8% -> +2.7%",
      "severity": "HIGH"
    }
  ],
  "data_quality": {
    "n_quarters": 20,
    "coverage": {
      "revenue": [
        20,
        20
      ],
      "gross_profit": [
        20,
        20
      ],
      "op_income": [
        0,
        20
      ],
      "fcf": [
        20,
        20
      ]
    },
    "gaps": [],
    "warnings": [
      "op_income: no data"
    ]
  },
  "market_cap": null,
  "source": "SEC EDGAR",
  "last_updated": "2026-02-02T20:01:59.719809"
}