{
  "ticker": "DHIL",
  "name": "Diamond Hill Investment Group, Inc.",
  "quarters": [
    {
      "date": "2020-12-31T00:00:00",
      "quarter_label": "2020-12 (Q4)",
      "revenue": 35037289,
      "gross_profit": null,
      "operating_income": 8075730,
      "net_income": 14364232,
      "opex": 26961559,
      "cogs": null,
      "rd": null,
      "sga": null,
      "fcf": 20853678,
      "ocf": 21570443,
      "capex": -716765,
      "gross_margin": null,
      "op_margin": 0.2304895792593999,
      "fcf_margin": 0.5951852610514472
    },
    {
      "date": "2021-03-31T00:00:00",
      "quarter_label": "2021-03 (Q1)",
      "revenue": 39014433,
      "gross_profit": null,
      "operating_income": 13532121,
      "net_income": 13708511,
      "opex": 25482312,
      "cogs": null,
      "rd": null,
      "sga": null,
      "fcf": -16073946,
      "ocf": -15660505,
      "capex": -413441,
      "gross_margin": null,
      "op_margin": 0.346849100690506,
      "fcf_margin": -0.41199998984991015,
      "op_leverage_ratio": Infinity,
      "fcf_margin_change": -1.0071852509013572
    },
    {
      "date": "2021-06-30T00:00:00",
      "quarter_label": "2021-06 (Q2)",
      "revenue": 45069653,
      "gross_profit": null,
      "operating_income": 17766875,
      "net_income": 16864830,
      "opex": 27302778,
      "cogs": null,
      "rd": null,
      "sga": null,
      "fcf": 18237688,
      "ocf": 18486961,
      "capex": -249273,
      "gross_margin": null,
      "op_margin": 0.3942092698162109,
      "fcf_margin": 0.4046556116152037,
      "op_leverage_ratio": 2.1725054950308516,
      "fcf_margin_change": 0.8166556014651138
    },
    {
      "date": "2021-09-30T00:00:00",
      "quarter_label": "2021-09 (Q3)",
      "revenue": 55054554,
      "gross_profit": null,
      "operating_income": 28320989,
      "net_income": 25627645,
      "opex": 26733565,
      "cogs": null,
      "rd": null,
      "sga": null,
      "fcf": 12126701,
      "ocf": 12493537,
      "capex": -366836,
      "gross_margin": null,
      "op_margin": 0.5144168273527382,
      "fcf_margin": 0.2202669919004339,
      "op_leverage_ratio": Infinity,
      "fcf_margin_change": -0.1843886197147698
    },
    {
      "date": "2021-12-31T00:00:00",
      "quarter_label": "2021-12 (Q4)",
      "revenue": 43055197,
      "gross_profit": null,
      "operating_income": 16638153,
      "net_income": 17999623,
      "opex": 26417044,
      "cogs": null,
      "rd": null,
      "sga": null,
      "fcf": 10916813,
      "ocf": 10992244,
      "capex": -75431,
      "gross_margin": null,
      "op_margin": 0.3864377394440908,
      "fcf_margin": 0.25355389733787537,
      "incr_op_margin_yoy": 1.0679123531973678,
      "rev_growth_yoy": 0.22883928034500614,
      "fcf_margin_change": 0.03328690543744148
    },
    {
      "date": "2022-03-31T00:00:00",
      "quarter_label": "2022-03 (Q1)",
      "revenue": 42256386,
      "gross_profit": null,
      "operating_income": 19073039,
      "net_income": 9129952,
      "opex": 23183347,
      "cogs": null,
      "rd": null,
      "sga": null,
      "fcf": -13701083,
      "ocf": -13678170,
      "capex": -22913,
      "gross_margin": null,
      "op_margin": 0.4513646529071369,
      "fcf_margin": -0.3242369804175871,
      "incr_op_margin_yoy": 1.7091296511701435,
      "rev_growth_yoy": 0.08309624799622232,
      "rev_growth_yoy_accel": -0.14574303234878383,
      "fcf_margin_change": -0.5777908777554625
    },
    {
      "date": "2022-06-30T00:00:00",
      "quarter_label": "2022-06 (Q2)",
      "revenue": 39021114,
      "gross_profit": null,
      "operating_income": 20251512,
      "net_income": 4412886,
      "opex": 18769602,
      "cogs": null,
      "rd": null,
      "sga": null,
      "fcf": 14143690,
      "ocf": 14143690,
      "capex": null,
      "gross_margin": null,
      "op_margin": 0.5189885660363259,
      "fcf_margin": 0.36246248633496214,
      "incr_op_margin_yoy": -0.41078300065519957,
      "rev_growth_yoy": -0.13420425047426035,
      "rev_growth_yoy_accel": -0.21730049847048266,
      "fcf_margin_change": 0.6866994667525492
    },
    {
      "date": "2022-09-30T00:00:00",
      "quarter_label": "2022-09 (Q3)",
      "revenue": 38264674,
      "gross_profit": null,
      "operating_income": 16032597,
      "net_income": 12014440,
      "opex": 22232077,
      "cogs": null,
      "rd": null,
      "sga": null,
      "fcf": 15726824,
      "ocf": 15726823,
      "capex": 1,
      "gross_margin": null,
      "op_margin": 0.4189921231264116,
      "fcf_margin": 0.4110011233860244,
      "incr_op_margin_yoy": 0.7318927830335893,
      "rev_growth_yoy": -0.30496805041777286,
      "rev_growth_yoy_accel": -0.1707637999435125,
      "fcf_margin_change": 0.04853863705106226
    },
    {
      "date": "2022-12-31T00:00:00",
      "quarter_label": "2022-12 (Q4)",
      "revenue": 34953845,
      "gross_profit": null,
      "operating_income": 8974329,
      "net_income": 14876829,
      "opex": 25979516,
      "cogs": null,
      "rd": null,
      "sga": null,
      "fcf": 23211750,
      "ocf": 23290292,
      "capex": -78542,
      "gross_margin": null,
      "op_margin": 0.2567479772253954,
      "fcf_margin": 0.6640685738578974,
      "incr_op_margin_yoy": 0.9459932119972074,
      "rev_growth_yoy": -0.18816200051296944,
      "rev_growth_yoy_accel": 0.11680604990480342,
      "fcf_margin_change": 0.253067450471873
    },
    {
      "date": "2023-03-31T00:00:00",
      "quarter_label": "2023-03 (Q1)",
      "revenue": 33990503,
      "gross_profit": null,
      "operating_income": 10941567,
      "net_income": 12707552,
      "opex": 23048936,
      "cogs": null,
      "rd": null,
      "sga": null,
      "fcf": -13794283,
      "ocf": -13780407,
      "capex": -13876,
      "gross_margin": null,
      "op_margin": 0.3219007085596821,
      "fcf_margin": -0.4058275630696021,
      "incr_op_margin_yoy": 0.9837390633281405,
      "rev_growth_yoy": -0.1956126347388061,
      "rev_growth_yoy_accel": -0.0074506342258366665,
      "fcf_margin_change": -1.0698961369274995
    },
    {
      "date": "2023-06-30T00:00:00",
      "quarter_label": "2023-06 (Q2)",
      "revenue": 33350637,
      "gross_profit": null,
      "operating_income": 7786183,
      "net_income": 9432479,
      "opex": 25564454,
      "cogs": null,
      "rd": null,
      "sga": null,
      "fcf": 11886943,
      "ocf": 11894772,
      "capex": -7829,
      "gross_margin": null,
      "op_margin": 0.23346429634912222,
      "fcf_margin": 0.3564232671178065,
      "incr_op_margin_yoy": 2.198285787950467,
      "rev_growth_yoy": -0.14531817313057746,
      "rev_growth_yoy_accel": 0.05029446160822865,
      "fcf_margin_change": 0.7622508301874086
    },
    {
      "date": "2023-09-30T00:00:00",
      "quarter_label": "2023-09 (Q3)",
      "revenue": 35554280,
      "gross_profit": null,
      "operating_income": 12361194,
      "net_income": 6473432,
      "opex": 23193086,
      "cogs": null,
      "rd": null,
      "sga": null,
      "fcf": 13516803,
      "ocf": 13516803,
      "capex": null,
      "gross_margin": null,
      "op_margin": 0.34767105394906045,
      "fcf_margin": 0.38017372310731645,
      "incr_op_margin_yoy": 1.3545643179552493,
      "rev_growth_yoy": -0.07083279998674495,
      "rev_growth_yoy_accel": 0.07448537314383251,
      "op_leverage_ratio": Infinity,
      "fcf_margin_change": 0.023750455989509978
    },
    {
      "date": "2023-12-31T00:00:00",
      "quarter_label": "2023-12 (Q4)",
      "revenue": 33820951,
      "gross_profit": null,
      "operating_income": 4415043,
      "net_income": 13612959,
      "opex": 29405908,
      "cogs": null,
      "rd": null,
      "sga": null,
      "fcf": 23037956,
      "ocf": 23037956,
      "capex": null,
      "gross_margin": null,
      "op_margin": 0.1305416574477755,
      "fcf_margin": 0.6811741041817541,
      "incr_op_margin_yoy": 4.0244594816461206,
      "rev_growth_yoy": -0.032411141034698755,
      "rev_growth_yoy_accel": 0.038421658952046196,
      "fcf_margin_change": 0.3010003810744376
    },
    {
      "date": "2024-03-31T00:00:00",
      "quarter_label": "2024-03 (Q1)",
      "revenue": 36294930,
      "gross_profit": null,
      "operating_income": 8302826,
      "net_income": 13015933,
      "opex": 27992104,
      "cogs": null,
      "rd": null,
      "sga": null,
      "fcf": -12423070,
      "ocf": -12289670,
      "capex": -133400,
      "gross_margin": null,
      "op_margin": 0.22875993974916056,
      "fcf_margin": -0.3422811395420793,
      "incr_op_margin_yoy": -1.1450746758304775,
      "rev_growth_yoy": 0.06779620178024433,
      "rev_growth_yoy_accel": 0.10020734281494309,
      "op_leverage_ratio": Infinity,
      "fcf_margin_change": -1.0234552437238333
    },
    {
      "date": "2024-06-30T00:00:00",
      "quarter_label": "2024-06 (Q2)",
      "revenue": 36661333,
      "gross_profit": null,
      "operating_income": 12132611,
      "net_income": 8125840,
      "opex": 24528722,
      "cogs": null,
      "rd": null,
      "sga": null,
      "fcf": 19199249,
      "ocf": 19205749,
      "capex": -6500,
      "gross_margin": null,
      "op_margin": 0.3309375302856555,
      "fcf_margin": 0.5236920599695598,
      "incr_op_margin_yoy": 1.3128441874457817,
      "rev_growth_yoy": 0.0992693482886099,
      "rev_growth_yoy_accel": 0.031473146508365565,
      "op_leverage_ratio": Infinity,
      "fcf_margin_change": 0.8659731995116391
    },
    {
      "date": "2024-09-30T00:00:00",
      "quarter_label": "2024-09 (Q3)",
      "revenue": 39018232,
      "gross_profit": null,
      "operating_income": 10217471,
      "net_income": 14644593,
      "opex": 28800761,
      "cogs": null,
      "rd": null,
      "sga": null,
      "fcf": 18257160,
      "ocf": 18523660,
      "capex": -266500,
      "gross_margin": null,
      "op_margin": 0.26186401782633306,
      "fcf_margin": 0.4679135640999828,
      "incr_op_margin_yoy": -0.6188662544977529,
      "rev_growth_yoy": 0.09742714519883401,
      "rev_growth_yoy_accel": -0.0018422030897758818,
      "op_leverage_ratio": 0.3691241268647756,
      "fcf_margin_change": -0.055778495869577005
    },
    {
      "date": "2024-12-31T00:00:00",
      "quarter_label": "2024-12 (Q4)",
      "revenue": 39120636,
      "gross_profit": null,
      "operating_income": 13238883,
      "net_income": 7391363,
      "opex": 25881753,
      "cogs": null,
      "rd": null,
      "sga": null,
      "fcf": -9797927,
      "ocf": -8840887,
      "capex": -957040,
      "gross_margin": null,
      "op_margin": 0.3384117528150616,
      "fcf_margin": -0.2504541848450521,
      "incr_op_margin_yoy": 1.6649744277254215,
      "rev_growth_yoy": 0.1566982844450471,
      "rev_growth_yoy_accel": 0.05927113924621309,
      "fcf_margin_change": -0.7183677489450349
    },
    {
      "date": "2025-03-31T00:00:00",
      "quarter_label": "2025-03 (Q1)",
      "revenue": 37116210,
      "gross_profit": null,
      "operating_income": 13063899,
      "net_income": 10362263,
      "opex": 24052311,
      "cogs": null,
      "rd": null,
      "sga": null,
      "fcf": -11275946,
      "ocf": -10733793,
      "capex": -542153,
      "gross_margin": null,
      "op_margin": 0.3519728711525234,
      "fcf_margin": -0.30380111546949434,
      "rev_growth_yoy": 0.02262795382164947,
      "rev_growth_yoy_accel": -0.13407033062339763,
      "fcf_margin_change": -0.053346930624442235
    },
    {
      "date": "2025-06-30T00:00:00",
      "quarter_label": "2025-06 (Q2)",
      "revenue": 36025931,
      "gross_profit": null,
      "operating_income": 7765064,
      "net_income": 15570577,
      "opex": 28260867,
      "cogs": null,
      "rd": null,
      "sga": null,
      "fcf": -5705837,
      "ocf": -4969452,
      "capex": -736385,
      "gross_margin": null,
      "op_margin": 0.21554096686633858,
      "fcf_margin": -0.15838138922766493,
      "rev_growth_yoy": -0.017331666581790684,
      "rev_growth_yoy_accel": -0.03995962040344016,
      "fcf_margin_change": 0.14541972624182942
    },
    {
      "date": "2025-09-30T00:00:00",
      "quarter_label": "2025-09 (Q3)",
      "revenue": 37402519,
      "gross_profit": null,
      "operating_income": 9728505,
      "net_income": 13550611,
      "opex": 27674014,
      "cogs": null,
      "rd": null,
      "sga": null,
      "fcf": -8302034,
      "ocf": -7688680,
      "capex": -613354,
      "gross_margin": null,
      "op_margin": 0.26010293584771654,
      "fcf_margin": -0.22196456875003526,
      "incr_op_margin_yoy": 0.3026317173904029,
      "rev_growth_yoy": -0.041409180200681565,
      "rev_growth_yoy_accel": -0.02407751361889088,
      "op_leverage_ratio": Infinity,
      "fcf_margin_change": -0.06358317952237033
    }
  ],
  "signals": [
    {
      "quarter": "2025-06 (Q2)",
      "signal": "FCF MARGIN EXPANSION",
      "detail": "FCF margin: -30.4% -> -15.8% (+14.5%)",
      "severity": "MEDIUM"
    },
    {
      "quarter": "2025-03 (Q1)",
      "signal": "YoY REVENUE GROWTH DECELERATION",
      "detail": "YoY growth: +2.3% vs prior quarter YoY: +15.7% (decel: -13.4%)",
      "severity": "WARNING"
    },
    {
      "quarter": "2024-12 (Q4)",
      "signal": "YoY REVENUE GROWTH ACCELERATION",
      "detail": "YoY growth: +15.7% vs prior quarter YoY: +9.7% (accel: +5.9%)",
      "severity": "MEDIUM"
    },
    {
      "quarter": "2024-12 (Q4)",
      "signal": "INCREMENTAL MARGIN (YoY)",
      "detail": "YoY Incr OPM: +166.5% vs year-ago OPM: +13.1%",
      "severity": "HIGH"
    },
    {
      "quarter": "2024-06 (Q2)",
      "signal": "FCF TURNED POSITIVE",
      "detail": "FCF margin: -34.2% -> +52.4%",
      "severity": "HIGH"
    },
    {
      "quarter": "2024-06 (Q2)",
      "signal": "INCREMENTAL MARGIN (YoY)",
      "detail": "YoY Incr OPM: +131.3% vs year-ago OPM: +23.3%",
      "severity": "HIGH"
    },
    {
      "quarter": "2024-03 (Q1)",
      "signal": "YoY REVENUE GROWTH ACCELERATION",
      "detail": "YoY growth: +6.8% vs prior quarter YoY: -3.2% (accel: +10.0%)",
      "severity": "MEDIUM"
    },
    {
      "quarter": "2023-12 (Q4)",
      "signal": "FCF MARGIN EXPANSION",
      "detail": "FCF margin: +38.0% -> +68.1% (+30.1%)",
      "severity": "MEDIUM"
    },
    {
      "quarter": "2023-12 (Q4)",
      "signal": "INCREMENTAL MARGIN (YoY)",
      "detail": "YoY Incr OPM: +402.4% vs year-ago OPM: +25.7%",
      "severity": "HIGH"
    },
    {
      "quarter": "2023-09 (Q3)",
      "signal": "YoY REVENUE GROWTH ACCELERATION",
      "detail": "YoY growth: -7.1% vs prior quarter YoY: -14.5% (accel: +7.4%)",
      "severity": "MEDIUM"
    },
    {
      "quarter": "2023-09 (Q3)",
      "signal": "INCREMENTAL MARGIN (YoY)",
      "detail": "YoY Incr OPM: +135.5% vs year-ago OPM: +41.9%",
      "severity": "HIGH"
    },
    {
      "quarter": "2023-06 (Q2)",
      "signal": "FCF TURNED POSITIVE",
      "detail": "FCF margin: -40.6% -> +35.6%",
      "severity": "HIGH"
    },
    {
      "quarter": "2023-06 (Q2)",
      "signal": "YoY REVENUE GROWTH ACCELERATION",
      "detail": "YoY growth: -14.5% vs prior quarter YoY: -19.6% (accel: +5.0%)",
      "severity": "MEDIUM"
    },
    {
      "quarter": "2023-06 (Q2)",
      "signal": "INCREMENTAL MARGIN (YoY)",
      "detail": "YoY Incr OPM: +219.8% vs year-ago OPM: +51.9%",
      "severity": "HIGH"
    },
    {
      "quarter": "2023-03 (Q1)",
      "signal": "INCREMENTAL MARGIN (YoY)",
      "detail": "YoY Incr OPM: +98.4% vs year-ago OPM: +45.1%",
      "severity": "HIGH"
    },
    {
      "quarter": "2022-12 (Q4)",
      "signal": "FCF MARGIN EXPANSION",
      "detail": "FCF margin: +41.1% -> +66.4% (+25.3%)",
      "severity": "MEDIUM"
    },
    {
      "quarter": "2022-12 (Q4)",
      "signal": "YoY REVENUE GROWTH ACCELERATION",
      "detail": "YoY growth: -18.8% vs prior quarter YoY: -30.5% (accel: +11.7%)",
      "severity": "MEDIUM"
    },
    {
      "quarter": "2022-12 (Q4)",
      "signal": "INCREMENTAL MARGIN (YoY)",
      "detail": "YoY Incr OPM: +94.6% vs year-ago OPM: +38.6%",
      "severity": "HIGH"
    },
    {
      "quarter": "2022-09 (Q3)",
      "signal": "YoY REVENUE GROWTH DECELERATION",
      "detail": "YoY growth: -30.5% vs prior quarter YoY: -13.4% (decel: -17.1%)",
      "severity": "WARNING"
    },
    {
      "quarter": "2022-09 (Q3)",
      "signal": "INCREMENTAL MARGIN (YoY)",
      "detail": "YoY Incr OPM: +73.2% vs year-ago OPM: +51.4%",
      "severity": "HIGH"
    },
    {
      "quarter": "2022-06 (Q2)",
      "signal": "FCF TURNED POSITIVE",
      "detail": "FCF margin: -32.4% -> +36.2%",
      "severity": "HIGH"
    },
    {
      "quarter": "2022-06 (Q2)",
      "signal": "YoY REVENUE GROWTH DECELERATION",
      "detail": "YoY growth: -13.4% vs prior quarter YoY: +8.3% (decel: -21.7%)",
      "severity": "WARNING"
    },
    {
      "quarter": "2022-03 (Q1)",
      "signal": "YoY REVENUE GROWTH DECELERATION",
      "detail": "YoY growth: +8.3% vs prior quarter YoY: +22.9% (decel: -14.6%)",
      "severity": "WARNING"
    },
    {
      "quarter": "2022-03 (Q1)",
      "signal": "INCREMENTAL MARGIN (YoY)",
      "detail": "YoY Incr OPM: +170.9% vs year-ago OPM: +34.7%",
      "severity": "HIGH"
    },
    {
      "quarter": "2021-12 (Q4)",
      "signal": "INCREMENTAL MARGIN (YoY)",
      "detail": "YoY Incr OPM: +106.8% vs year-ago OPM: +23.0%",
      "severity": "HIGH"
    },
    {
      "quarter": "2021-06 (Q2)",
      "signal": "FCF TURNED POSITIVE",
      "detail": "FCF margin: -41.2% -> +40.5%",
      "severity": "HIGH"
    },
    {
      "quarter": "2021-06 (Q2)",
      "signal": "OPERATING LEVERAGE",
      "detail": "Rev growth +15.5% vs OpEx growth +7.1% (leverage: 2.2x)",
      "severity": "MEDIUM"
    }
  ],
  "data_quality": {
    "n_quarters": 20,
    "coverage": {
      "revenue": [
        20,
        20
      ],
      "gross_profit": [
        0,
        20
      ],
      "op_income": [
        20,
        20
      ],
      "fcf": [
        20,
        20
      ]
    },
    "gaps": [],
    "warnings": [
      "gross_profit: no data"
    ]
  },
  "market_cap": null,
  "source": "SEC EDGAR",
  "last_updated": "2026-02-02T22:28:51.247807",
  "sector": "Financial Services",
  "industry": "Asset Management"
}