{
  "ticker": "DIN",
  "name": "Dine Brands Global,\u00a0Inc.",
  "quarters": [
    {
      "date": "2020-12-31T00:00:00",
      "quarter_label": "2020-12 (Q4)",
      "revenue": 196029000,
      "gross_profit": 67383000,
      "operating_income": null,
      "net_income": -1561000,
      "opex": null,
      "cogs": 128646000,
      "rd": null,
      "sga": null,
      "fcf": 57936000,
      "ocf": 59775000,
      "capex": -1839000,
      "gross_margin": 0.34373995684312014,
      "op_margin": null,
      "fcf_margin": 0.2955481076779456
    },
    {
      "date": "2021-03-31T00:00:00",
      "quarter_label": "2021-03 (Q1)",
      "revenue": 204199000,
      "gross_profit": 85286000,
      "operating_income": null,
      "net_income": 25603000,
      "opex": null,
      "cogs": 118913000,
      "rd": null,
      "sga": null,
      "fcf": 28208000,
      "ocf": 30565000,
      "capex": -2357000,
      "gross_margin": 0.41766120304213045,
      "op_margin": null,
      "fcf_margin": 0.1381397558264242,
      "fcf_margin_change": -0.15740835185152138
    },
    {
      "date": "2021-06-30T00:00:00",
      "quarter_label": "2021-06 (Q2)",
      "revenue": 233619000,
      "gross_profit": 98877000,
      "operating_income": null,
      "net_income": 29362000,
      "opex": null,
      "cogs": 134742000,
      "rd": null,
      "sga": null,
      "fcf": 73744000,
      "ocf": 75451000,
      "capex": -1707000,
      "gross_margin": 0.4232404042479422,
      "op_margin": null,
      "fcf_margin": 0.3156592571665832,
      "fcf_margin_change": 0.177519501340159
    },
    {
      "date": "2021-09-30T00:00:00",
      "quarter_label": "2021-09 (Q3)",
      "revenue": 228719000,
      "gross_profit": 94603000,
      "operating_income": null,
      "net_income": 23111000,
      "opex": null,
      "cogs": 134116000,
      "rd": null,
      "sga": null,
      "fcf": 35687000,
      "ocf": 39546000,
      "capex": -3859000,
      "gross_margin": 0.4136210808896506,
      "op_margin": null,
      "fcf_margin": 0.15602988820342867,
      "fcf_margin_change": -0.15962936896315455
    },
    {
      "date": "2021-12-31T00:00:00",
      "quarter_label": "2021-12 (Q4)",
      "revenue": 229630000,
      "gross_profit": 96459000,
      "operating_income": null,
      "net_income": 19788000,
      "opex": null,
      "cogs": 133171000,
      "rd": null,
      "sga": null,
      "fcf": 41347000,
      "ocf": 50273000,
      "capex": -8926000,
      "gross_margin": 0.4200627095762749,
      "op_margin": null,
      "fcf_margin": 0.18005922571092628,
      "rev_growth_yoy": 0.17140831203546414,
      "fcf_margin_change": 0.02402933750749761
    },
    {
      "date": "2022-03-31T00:00:00",
      "quarter_label": "2022-03 (Q1)",
      "revenue": 230423000,
      "gross_profit": 92753000,
      "operating_income": null,
      "net_income": 24850000,
      "opex": null,
      "cogs": 137670000,
      "rd": null,
      "sga": null,
      "fcf": -13088000,
      "ocf": -7790000,
      "capex": -5298000,
      "gross_margin": 0.40253360124640336,
      "op_margin": null,
      "fcf_margin": -0.05679988542810396,
      "rev_growth_yoy": 0.1284237435051102,
      "rev_growth_yoy_accel": -0.04298456853035393,
      "fcf_margin_change": -0.23685911113903024
    },
    {
      "date": "2022-06-30T00:00:00",
      "quarter_label": "2022-06 (Q2)",
      "revenue": 237794000,
      "gross_profit": 95695000,
      "operating_income": null,
      "net_income": 23962000,
      "opex": null,
      "cogs": 142099000,
      "rd": null,
      "sga": null,
      "fcf": 30218000,
      "ocf": 37669000,
      "capex": -7451000,
      "gross_margin": 0.40242815209803445,
      "op_margin": null,
      "fcf_margin": 0.12707637703222116,
      "rev_growth_yoy": 0.017870977959840596,
      "rev_growth_yoy_accel": -0.11055276554526962,
      "fcf_margin_change": 0.18387626246032512
    },
    {
      "date": "2022-09-30T00:00:00",
      "quarter_label": "2022-09 (Q3)",
      "revenue": 233220000,
      "gross_profit": 94331000,
      "operating_income": null,
      "net_income": 20948000,
      "opex": null,
      "cogs": 138889000,
      "rd": null,
      "sga": null,
      "fcf": 26865000,
      "ocf": 33611000,
      "capex": -6746000,
      "gross_margin": 0.4044721721979247,
      "op_margin": null,
      "fcf_margin": 0.1151916645227682,
      "rev_growth_yoy": 0.01967916963610369,
      "rev_growth_yoy_accel": 0.0018081916762630948,
      "fcf_margin_change": -0.011884712509452958
    },
    {
      "date": "2022-12-31T00:00:00",
      "quarter_label": "2022-12 (Q4)",
      "revenue": 207965000,
      "gross_profit": 94579000,
      "operating_income": null,
      "net_income": 11351000,
      "opex": null,
      "cogs": 113386000,
      "rd": null,
      "sga": null,
      "fcf": 10023000,
      "ocf": 25846000,
      "capex": -15823000,
      "gross_margin": 0.4547832567980189,
      "op_margin": null,
      "fcf_margin": 0.048195609838193924,
      "rev_growth_yoy": -0.09434742847188957,
      "rev_growth_yoy_accel": -0.11402659810799326,
      "fcf_margin_change": -0.06699605468457429
    },
    {
      "date": "2023-03-31T00:00:00",
      "quarter_label": "2023-03 (Q1)",
      "revenue": 213767000,
      "gross_profit": 103616000,
      "operating_income": null,
      "net_income": 27410000,
      "opex": null,
      "cogs": 110151000,
      "rd": null,
      "sga": null,
      "fcf": 46000,
      "ocf": 16076000,
      "capex": -16030000,
      "gross_margin": 0.48471466596808677,
      "op_margin": null,
      "fcf_margin": 0.00021518756402999527,
      "rev_growth_yoy": -0.07228445077097338,
      "rev_growth_yoy_accel": 0.022062977700916184,
      "fcf_margin_change": -0.04798042227416393
    },
    {
      "date": "2023-06-30T00:00:00",
      "quarter_label": "2023-06 (Q2)",
      "revenue": 208415000,
      "gross_profit": 97342000,
      "operating_income": null,
      "net_income": 18248000,
      "opex": null,
      "cogs": 111073000,
      "rd": null,
      "sga": null,
      "fcf": 19851000,
      "ocf": 26608000,
      "capex": -6757000,
      "gross_margin": 0.4670585130628794,
      "op_margin": null,
      "fcf_margin": 0.09524746299450615,
      "rev_growth_yoy": -0.12354811307265953,
      "rev_growth_yoy_accel": -0.05126366230168615,
      "fcf_margin_change": 0.09503227543047615
    },
    {
      "date": "2023-09-30T00:00:00",
      "quarter_label": "2023-09 (Q3)",
      "revenue": 202584000,
      "gross_profit": 97298000,
      "operating_income": null,
      "net_income": 18479000,
      "opex": null,
      "cogs": 105286000,
      "rd": null,
      "sga": null,
      "fcf": 27441000,
      "ocf": 36622000,
      "capex": -9181000,
      "gross_margin": 0.4802847213995182,
      "op_margin": null,
      "fcf_margin": 0.13545492240255894,
      "rev_growth_yoy": -0.13136094674556212,
      "rev_growth_yoy_accel": -0.007812833672902586,
      "fcf_margin_change": 0.04020745940805279
    },
    {
      "date": "2023-12-31T00:00:00",
      "quarter_label": "2023-12 (Q4)",
      "revenue": 206302000,
      "gross_profit": 98428000,
      "operating_income": null,
      "net_income": 33039000,
      "opex": null,
      "cogs": 107874000,
      "rd": null,
      "sga": null,
      "fcf": 46630000,
      "ocf": 51834000,
      "capex": -5204000,
      "gross_margin": 0.4771063780283274,
      "op_margin": null,
      "fcf_margin": 0.22602786206629116,
      "rev_growth_yoy": -0.00799653787897002,
      "rev_growth_yoy_accel": 0.1233644088665921,
      "fcf_margin_change": 0.09057293966373223
    },
    {
      "date": "2024-03-31T00:00:00",
      "quarter_label": "2024-03 (Q1)",
      "revenue": 206235000,
      "gross_profit": 97424000,
      "operating_income": null,
      "net_income": 17473000,
      "opex": null,
      "cogs": 108811000,
      "rd": null,
      "sga": null,
      "fcf": 27218000,
      "ocf": 30553000,
      "capex": -3335000,
      "gross_margin": 0.47239314374378744,
      "op_margin": null,
      "fcf_margin": 0.13197565883579412,
      "rev_growth_yoy": -0.03523462461465053,
      "rev_growth_yoy_accel": -0.02723808673568051,
      "fcf_margin_change": -0.09405220323049704
    },
    {
      "date": "2024-06-30T00:00:00",
      "quarter_label": "2024-06 (Q2)",
      "revenue": 206267000,
      "gross_profit": 99271000,
      "operating_income": null,
      "net_income": 23182000,
      "opex": null,
      "cogs": 106996000,
      "rd": null,
      "sga": null,
      "fcf": 18182000,
      "ocf": 21626000,
      "capex": -3444000,
      "gross_margin": 0.4812742707267765,
      "op_margin": null,
      "fcf_margin": 0.08814788599242729,
      "rev_growth_yoy": -0.01030635990691649,
      "rev_growth_yoy_accel": 0.024928264707734044,
      "fcf_margin_change": -0.043827772843366836
    },
    {
      "date": "2024-09-30T00:00:00",
      "quarter_label": "2024-09 (Q3)",
      "revenue": 195034000,
      "gross_profit": 93319000,
      "operating_income": null,
      "net_income": 19061000,
      "opex": null,
      "cogs": 101715000,
      "rd": null,
      "sga": null,
      "fcf": 21989000,
      "ocf": 25515000,
      "capex": -3526000,
      "gross_margin": 0.47847554785319485,
      "op_margin": null,
      "fcf_margin": 0.1127444445583847,
      "rev_growth_yoy": -0.03726849109505193,
      "rev_growth_yoy_accel": -0.026962131188135445,
      "fcf_margin_change": 0.02459655856595741
    },
    {
      "date": "2024-12-31T00:00:00",
      "quarter_label": "2024-12 (Q4)",
      "revenue": 204770000,
      "gross_profit": 85295000,
      "operating_income": null,
      "net_income": 5174000,
      "opex": null,
      "cogs": 119475000,
      "rd": null,
      "sga": null,
      "fcf": 26702000,
      "ocf": 30466000,
      "capex": -3764000,
      "gross_margin": 0.41654050886360305,
      "op_margin": null,
      "fcf_margin": 0.1303999609317771,
      "rev_growth_yoy": -0.007426006534110188,
      "rev_growth_yoy_accel": 0.029842484560941743,
      "fcf_margin_change": 0.01765551637339241
    },
    {
      "date": "2025-03-31T00:00:00",
      "quarter_label": "2025-03 (Q1)",
      "revenue": 214780000,
      "gross_profit": 90310000,
      "operating_income": null,
      "net_income": 8197000,
      "opex": null,
      "cogs": 124470000,
      "rd": null,
      "sga": null,
      "fcf": 12808000,
      "ocf": 16133000,
      "capex": -3325000,
      "gross_margin": 0.42047676692429464,
      "op_margin": null,
      "fcf_margin": 0.0596331129527889,
      "rev_growth_yoy": 0.04143331636240211,
      "rev_growth_yoy_accel": 0.0488593228965123,
      "fcf_margin_change": -0.07076684797898822
    },
    {
      "date": "2025-06-30T00:00:00",
      "quarter_label": "2025-06 (Q2)",
      "revenue": 230784000,
      "gross_profit": 92229000,
      "operating_income": null,
      "net_income": 13814000,
      "opex": null,
      "cogs": 138555000,
      "rd": null,
      "sga": null,
      "fcf": 31034000,
      "ocf": 36972000,
      "capex": -5938000,
      "gross_margin": 0.39963342346089853,
      "op_margin": null,
      "fcf_margin": 0.13447206045479757,
      "rev_growth_yoy": 0.11886050604313826,
      "rev_growth_yoy_accel": 0.07742718968073614,
      "fcf_margin_change": 0.07483894750200867
    },
    {
      "date": "2025-09-30T00:00:00",
      "quarter_label": "2025-09 (Q3)",
      "revenue": 216166000,
      "gross_profit": 84553000,
      "operating_income": null,
      "net_income": 7326000,
      "opex": null,
      "cogs": 131613000,
      "rd": null,
      "sga": null,
      "fcf": 18112000,
      "ocf": 30197000,
      "capex": -12085000,
      "gross_margin": 0.3911484692319791,
      "op_margin": null,
      "fcf_margin": 0.08378745963750081,
      "rev_growth_yoy": 0.10835033891526606,
      "rev_growth_yoy_accel": -0.0105101671278722,
      "fcf_margin_change": -0.050684600817296754
    }
  ],
  "signals": [
    {
      "quarter": "2025-06 (Q2)",
      "signal": "FCF MARGIN EXPANSION",
      "detail": "FCF margin: +6.0% -> +13.4% (+7.5%)",
      "severity": "MEDIUM"
    },
    {
      "quarter": "2025-06 (Q2)",
      "signal": "YoY REVENUE GROWTH ACCELERATION",
      "detail": "YoY growth: +11.9% vs prior quarter YoY: +4.1% (accel: +7.7%)",
      "severity": "MEDIUM"
    },
    {
      "quarter": "2023-12 (Q4)",
      "signal": "FCF MARGIN EXPANSION",
      "detail": "FCF margin: +13.5% -> +22.6% (+9.1%)",
      "severity": "MEDIUM"
    },
    {
      "quarter": "2023-12 (Q4)",
      "signal": "YoY REVENUE GROWTH ACCELERATION",
      "detail": "YoY growth: -0.8% vs prior quarter YoY: -13.1% (accel: +12.3%)",
      "severity": "MEDIUM"
    },
    {
      "quarter": "2023-06 (Q2)",
      "signal": "FCF MARGIN EXPANSION",
      "detail": "FCF margin: +0.0% -> +9.5% (+9.5%)",
      "severity": "MEDIUM"
    },
    {
      "quarter": "2023-06 (Q2)",
      "signal": "YoY REVENUE GROWTH DECELERATION",
      "detail": "YoY growth: -12.4% vs prior quarter YoY: -7.2% (decel: -5.1%)",
      "severity": "WARNING"
    },
    {
      "quarter": "2022-12 (Q4)",
      "signal": "YoY REVENUE GROWTH DECELERATION",
      "detail": "YoY growth: -9.4% vs prior quarter YoY: +2.0% (decel: -11.4%)",
      "severity": "WARNING"
    },
    {
      "quarter": "2022-06 (Q2)",
      "signal": "FCF TURNED POSITIVE",
      "detail": "FCF margin: -5.7% -> +12.7%",
      "severity": "HIGH"
    },
    {
      "quarter": "2022-06 (Q2)",
      "signal": "YoY REVENUE GROWTH DECELERATION",
      "detail": "YoY growth: +1.8% vs prior quarter YoY: +12.8% (decel: -11.1%)",
      "severity": "WARNING"
    },
    {
      "quarter": "2021-06 (Q2)",
      "signal": "FCF MARGIN EXPANSION",
      "detail": "FCF margin: +13.8% -> +31.6% (+17.8%)",
      "severity": "MEDIUM"
    }
  ],
  "data_quality": {
    "n_quarters": 20,
    "coverage": {
      "revenue": [
        20,
        20
      ],
      "gross_profit": [
        20,
        20
      ],
      "op_income": [
        0,
        20
      ],
      "fcf": [
        20,
        20
      ]
    },
    "gaps": [],
    "warnings": [
      "op_income: no data"
    ]
  },
  "market_cap": null,
  "source": "SEC EDGAR",
  "last_updated": "2026-02-02T22:23:13.356288",
  "sector": "Consumer Cyclical",
  "industry": "Restaurants"
}