{
  "ticker": "DIS",
  "name": "WALT DISNEY CO/",
  "quarters": [
    {
      "date": "2021-04-03T00:00:00",
      "quarter_label": "2021-04 (Q2)",
      "revenue": 15613000000,
      "gross_profit": null,
      "operating_income": 2465000000,
      "net_income": 901000000,
      "opex": 14167000000,
      "cogs": null,
      "rd": null,
      "sga": 3113000000,
      "fcf": null,
      "ocf": null,
      "capex": -770000000,
      "gross_margin": null,
      "op_margin": 0.15788125280215204,
      "fcf_margin": null
    },
    {
      "date": "2021-07-03T00:00:00",
      "quarter_label": "2021-07 (Q3)",
      "revenue": 17022000000,
      "gross_profit": null,
      "operating_income": 2382000000,
      "net_income": 918000000,
      "opex": 15667000000,
      "cogs": null,
      "rd": null,
      "sga": 3168000000,
      "fcf": null,
      "ocf": null,
      "capex": -938000000,
      "gross_margin": null,
      "op_margin": 0.1399365526965104,
      "fcf_margin": null,
      "op_leverage_ratio": 0.8523368560387712
    },
    {
      "date": "2021-10-02T00:00:00",
      "quarter_label": "2021-10 (Q4)",
      "revenue": 18534000000,
      "gross_profit": null,
      "operating_income": 1587000000,
      "net_income": 159000000,
      "opex": 17935000000,
      "cogs": null,
      "rd": null,
      "sga": 4319000000,
      "fcf": null,
      "ocf": null,
      "capex": -1110000000,
      "gross_margin": null,
      "op_margin": 0.08562641631595985,
      "fcf_margin": null,
      "op_leverage_ratio": 0.6135980887478949
    },
    {
      "date": "2022-01-01T00:00:00",
      "quarter_label": "2022-01 (Q1)",
      "revenue": 21819000000,
      "gross_profit": null,
      "operating_income": 3258000000,
      "net_income": 1104000000,
      "opex": 19623000000,
      "cogs": null,
      "rd": null,
      "sga": 3787000000,
      "fcf": null,
      "ocf": null,
      "capex": -981000000,
      "gross_margin": null,
      "op_margin": 0.1493194005224804,
      "fcf_margin": null,
      "op_leverage_ratio": 1.8831943994820328
    },
    {
      "date": "2022-04-02T00:00:00",
      "quarter_label": "2022-04 (Q2)",
      "revenue": 19249000000,
      "gross_profit": null,
      "operating_income": 3699000000,
      "net_income": 470000000,
      "opex": 17649000000,
      "cogs": null,
      "rd": null,
      "sga": 3768000000,
      "fcf": null,
      "ocf": null,
      "capex": -1079000000,
      "gross_margin": null,
      "op_margin": 0.1921658267961972,
      "fcf_margin": null,
      "incr_op_margin_yoy": 0.3393839383938394,
      "rev_growth_yoy": 0.23288285403189649
    },
    {
      "date": "2022-07-02T00:00:00",
      "quarter_label": "2022-07 (Q3)",
      "revenue": 21504000000,
      "gross_profit": null,
      "operating_income": 3567000000,
      "net_income": 1409000000,
      "opex": 19072000000,
      "cogs": null,
      "rd": null,
      "sga": 4100000000,
      "fcf": null,
      "ocf": null,
      "capex": -1735000000,
      "gross_margin": null,
      "op_margin": 0.16587611607142858,
      "fcf_margin": null,
      "incr_op_margin_yoy": 0.2643908969210174,
      "rev_growth_yoy": 0.263306309481847,
      "rev_growth_yoy_accel": 0.030423455449950537,
      "op_leverage_ratio": 1.452959726996797
    },
    {
      "date": "2022-10-01T00:00:00",
      "quarter_label": "2022-10 (Q4)",
      "revenue": 20150000000,
      "gross_profit": null,
      "operating_income": 1597000000,
      "net_income": 162000000,
      "opex": 19608000000,
      "cogs": null,
      "rd": null,
      "sga": 4733000000,
      "fcf": null,
      "ocf": null,
      "capex": -1148000000,
      "gross_margin": null,
      "op_margin": 0.07925558312655087,
      "fcf_margin": null,
      "incr_op_margin_yoy": 0.006188118811881188,
      "rev_growth_yoy": 0.08719110823351678,
      "rev_growth_yoy_accel": -0.17611520124833024
    },
    {
      "date": "2022-12-31T00:00:00",
      "quarter_label": "2022-12 (Q4)",
      "revenue": 23512000000,
      "gross_profit": null,
      "operating_income": 3043000000,
      "net_income": 1279000000,
      "opex": 21519000000,
      "cogs": null,
      "rd": null,
      "sga": 3827000000,
      "fcf": -2155000000,
      "ocf": -974000000,
      "capex": -1181000000,
      "gross_margin": null,
      "op_margin": 0.12942327322218442,
      "fcf_margin": -0.09165532494045593,
      "incr_op_margin_yoy": -0.12699350265800355,
      "rev_growth_yoy": 0.07759292359869838,
      "rev_growth_yoy_accel": -0.009598184634818402,
      "op_leverage_ratio": 1.7119665304564278
    },
    {
      "date": "2023-04-01T00:00:00",
      "quarter_label": "2023-04 (Q2)",
      "revenue": 21815000000,
      "gross_profit": null,
      "operating_income": 3285000000,
      "net_income": 1271000000,
      "opex": 19540000000,
      "cogs": null,
      "rd": null,
      "sga": 3614000000,
      "fcf": 1987000000,
      "ocf": 3236000000,
      "capex": -1249000000,
      "gross_margin": null,
      "op_margin": 0.1505844602337841,
      "fcf_margin": 0.09108411643364657,
      "incr_op_margin_yoy": -0.16134060795011693,
      "rev_growth_yoy": 0.13330562626629955,
      "rev_growth_yoy_accel": 0.05571270266760117,
      "fcf_margin_change": 0.1827394413741025
    },
    {
      "date": "2023-07-01T00:00:00",
      "quarter_label": "2023-07 (Q3)",
      "revenue": 22330000000,
      "gross_profit": null,
      "operating_income": 3559000000,
      "net_income": -460000000,
      "opex": 19689000000,
      "cogs": null,
      "rd": null,
      "sga": 3874000000,
      "fcf": 1637000000,
      "ocf": 2802000000,
      "capex": -1165000000,
      "gross_margin": null,
      "op_margin": 0.1593819973130318,
      "fcf_margin": 0.07330944917151813,
      "incr_op_margin_yoy": -0.009685230024213076,
      "rev_growth_yoy": 0.038411458333333336,
      "rev_growth_yoy_accel": -0.0948941679329662,
      "op_leverage_ratio": 3.0959240840072173,
      "fcf_margin_change": -0.017774667262128438
    },
    {
      "date": "2023-09-30T00:00:00",
      "quarter_label": "2023-09 (Q3)",
      "revenue": 21241000000,
      "gross_profit": null,
      "operating_income": 2976000000,
      "net_income": 264000000,
      "opex": 19158000000,
      "cogs": null,
      "rd": null,
      "sga": 4021000000,
      "fcf": 3428000000,
      "ocf": 4802000000,
      "capex": -1374000000,
      "gross_margin": null,
      "op_margin": 0.14010639800386046,
      "fcf_margin": 0.16138599877595217,
      "incr_op_margin_yoy": 1.2639780018331805,
      "rev_growth_yoy": 0.054143920595533496,
      "rev_growth_yoy_accel": 0.01573246226220016,
      "fcf_margin_change": 0.08807654960443403
    },
    {
      "date": "2023-12-30T00:00:00",
      "quarter_label": "2023-12 (Q4)",
      "revenue": 23549000000,
      "gross_profit": null,
      "operating_income": 3876000000,
      "net_income": 1911000000,
      "opex": 20613000000,
      "cogs": null,
      "rd": null,
      "sga": 3783000000,
      "fcf": 886000000,
      "ocf": 2185000000,
      "capex": -1299000000,
      "gross_margin": null,
      "op_margin": 0.16459297634719097,
      "fcf_margin": 0.03762367828782538,
      "incr_op_margin_yoy": 22.513513513513512,
      "rev_growth_yoy": 0.0015736645117386866,
      "rev_growth_yoy_accel": -0.05257025608379481,
      "op_leverage_ratio": 1.4306981683449196,
      "fcf_margin_change": -0.12376232048812678
    },
    {
      "date": "2024-03-30T00:00:00",
      "quarter_label": "2024-03 (Q1)",
      "revenue": 22083000000,
      "gross_profit": null,
      "operating_income": 3845000000,
      "net_income": -20000000,
      "opex": 19204000000,
      "cogs": null,
      "rd": null,
      "sga": 3790000000,
      "fcf": 2407000000,
      "ocf": 3666000000,
      "capex": -1259000000,
      "gross_margin": null,
      "op_margin": 0.1741158357107277,
      "fcf_margin": 0.10899787166598741,
      "incr_op_margin_yoy": 2.08955223880597,
      "rev_growth_yoy": 0.012285124914049966,
      "rev_growth_yoy_accel": 0.010711460402311279,
      "fcf_margin_change": 0.07137419337816203
    },
    {
      "date": "2024-06-29T00:00:00",
      "quarter_label": "2024-06 (Q2)",
      "revenue": 23155000000,
      "gross_profit": null,
      "operating_income": 4225000000,
      "net_income": 2621000000,
      "opex": 19801000000,
      "cogs": null,
      "rd": null,
      "sga": 3872000000,
      "fcf": 1237000000,
      "ocf": 2602000000,
      "capex": -1365000000,
      "gross_margin": null,
      "op_margin": 0.1824659900669402,
      "fcf_margin": 0.05342258691427337,
      "incr_op_margin_yoy": 0.8072727272727273,
      "rev_growth_yoy": 0.03694581280788178,
      "rev_growth_yoy_accel": 0.02466068789383181,
      "op_leverage_ratio": 1.561543471861261,
      "fcf_margin_change": -0.05557528475171404
    },
    {
      "date": "2024-09-28T00:00:00",
      "quarter_label": "2024-09 (Q3)",
      "revenue": 22574000000,
      "gross_profit": null,
      "operating_income": 3655000000,
      "net_income": 460000000,
      "opex": 19829000000,
      "cogs": null,
      "rd": null,
      "sga": 4314000000,
      "fcf": 4029000000,
      "ocf": 5518000000,
      "capex": -1489000000,
      "gross_margin": null,
      "op_margin": 0.16191193408345886,
      "fcf_margin": 0.17847966687339417,
      "incr_op_margin_yoy": 0.5093773443360841,
      "rev_growth_yoy": 0.0627559907725625,
      "rev_growth_yoy_accel": 0.02581017796468072,
      "fcf_margin_change": 0.1250570799591208
    },
    {
      "date": "2024-12-28T00:00:00",
      "quarter_label": "2024-12 (Q4)",
      "revenue": 24690000000,
      "gross_profit": null,
      "operating_income": 5060000000,
      "net_income": 2554000000,
      "opex": 20612000000,
      "cogs": null,
      "rd": null,
      "sga": 3930000000,
      "fcf": 739000000,
      "ocf": 3205000000,
      "capex": -2466000000,
      "gross_margin": null,
      "op_margin": 0.20494127176994734,
      "fcf_margin": 0.02993114621304172,
      "incr_op_margin_yoy": 1.0376862401402278,
      "rev_growth_yoy": 0.04845216357382479,
      "rev_growth_yoy_accel": -0.014303827198737705,
      "op_leverage_ratio": 2.3738113027102803,
      "fcf_margin_change": -0.14854852066035246
    },
    {
      "date": "2025-03-29T00:00:00",
      "quarter_label": "2025-03 (Q1)",
      "revenue": 23621000000,
      "gross_profit": null,
      "operating_income": 4436000000,
      "net_income": 3275000000,
      "opex": 20115000000,
      "cogs": null,
      "rd": null,
      "sga": 3981000000,
      "fcf": 4891000000,
      "ocf": 6753000000,
      "capex": -1862000000,
      "gross_margin": null,
      "op_margin": 0.18779899242199738,
      "fcf_margin": 0.20706151306041234,
      "incr_op_margin_yoy": 0.3842652795838752,
      "rev_growth_yoy": 0.06964633428429108,
      "rev_growth_yoy_accel": 0.021194170710466288,
      "fcf_margin_change": 0.17713036684737063
    },
    {
      "date": "2025-06-28T00:00:00",
      "quarter_label": "2025-06 (Q2)",
      "revenue": 23650000000,
      "gross_profit": null,
      "operating_income": 4575000000,
      "net_income": 5262000000,
      "opex": 20005000000,
      "cogs": null,
      "rd": null,
      "sga": 4141000000,
      "fcf": 1889000000,
      "ocf": 3669000000,
      "capex": -1780000000,
      "gross_margin": null,
      "op_margin": 0.193446088794926,
      "fcf_margin": 0.07987315010570825,
      "incr_op_margin_yoy": 0.7070707070707071,
      "rev_growth_yoy": 0.021377672209026127,
      "rev_growth_yoy_accel": -0.04826866207526495,
      "fcf_margin_change": -0.1271883629547041
    },
    {
      "date": "2025-09-27T00:00:00",
      "quarter_label": "2025-09 (Q3)",
      "revenue": 22464000000,
      "gross_profit": null,
      "operating_income": 3480000000,
      "net_income": 1313000000,
      "opex": 19861000000,
      "cogs": null,
      "rd": null,
      "sga": 4449000000,
      "fcf": 2558000000,
      "ocf": 4474000000,
      "capex": -1916000000,
      "gross_margin": null,
      "op_margin": 0.15491452991452992,
      "fcf_margin": 0.11387108262108261,
      "incr_op_margin_yoy": 1.5909090909090908,
      "rev_growth_yoy": -0.004872862585275095,
      "rev_growth_yoy_accel": -0.02625053479430122,
      "fcf_margin_change": 0.03399793251537436
    },
    {
      "date": "2025-12-27T00:00:00",
      "quarter_label": "2025-12 (Q4)",
      "revenue": 25981000000,
      "gross_profit": null,
      "operating_income": 4600000000,
      "net_income": 2402000000,
      "opex": 22106000000,
      "cogs": null,
      "rd": null,
      "sga": 4121000000,
      "fcf": -2278000000,
      "ocf": 735000000,
      "capex": -3013000000,
      "gross_margin": null,
      "op_margin": 0.17705246141411032,
      "fcf_margin": -0.0876794580655094,
      "incr_op_margin_yoy": -0.3563129357087529,
      "rev_growth_yoy": 0.05228837586067234,
      "rev_growth_yoy_accel": 0.057161238445947435,
      "op_leverage_ratio": 1.3850646458733875,
      "fcf_margin_change": -0.201550540686592
    }
  ],
  "signals": [
    {
      "quarter": "2025-12 (Q4)",
      "signal": "YoY REVENUE GROWTH ACCELERATION",
      "detail": "YoY growth: +5.2% vs prior quarter YoY: -0.5% (accel: +5.7%)",
      "severity": "MEDIUM"
    },
    {
      "quarter": "2025-09 (Q3)",
      "signal": "INCREMENTAL MARGIN (YoY)",
      "detail": "YoY Incr OPM: +159.1% vs year-ago OPM: +16.2%",
      "severity": "HIGH"
    },
    {
      "quarter": "2025-06 (Q2)",
      "signal": "INCREMENTAL MARGIN (YoY)",
      "detail": "YoY Incr OPM: +70.7% vs year-ago OPM: +18.2%",
      "severity": "HIGH"
    },
    {
      "quarter": "2025-03 (Q1)",
      "signal": "FCF MARGIN EXPANSION",
      "detail": "FCF margin: +3.0% -> +20.7% (+17.7%)",
      "severity": "MEDIUM"
    },
    {
      "quarter": "2025-03 (Q1)",
      "signal": "INCREMENTAL MARGIN (YoY)",
      "detail": "YoY Incr OPM: +38.4% vs year-ago OPM: +17.4%",
      "severity": "HIGH"
    },
    {
      "quarter": "2024-12 (Q4)",
      "signal": "OPERATING LEVERAGE",
      "detail": "Rev growth +9.4% vs OpEx growth +3.9% (leverage: 2.4x)",
      "severity": "MEDIUM"
    },
    {
      "quarter": "2024-12 (Q4)",
      "signal": "INCREMENTAL MARGIN (YoY)",
      "detail": "YoY Incr OPM: +103.8% vs year-ago OPM: +16.5%",
      "severity": "HIGH"
    },
    {
      "quarter": "2024-09 (Q3)",
      "signal": "FCF MARGIN EXPANSION",
      "detail": "FCF margin: +5.3% -> +17.8% (+12.5%)",
      "severity": "MEDIUM"
    },
    {
      "quarter": "2024-09 (Q3)",
      "signal": "INCREMENTAL MARGIN (YoY)",
      "detail": "YoY Incr OPM: +50.9% vs year-ago OPM: +14.0%",
      "severity": "HIGH"
    },
    {
      "quarter": "2024-06 (Q2)",
      "signal": "OPERATING LEVERAGE",
      "detail": "Rev growth +4.9% vs OpEx growth +3.1% (leverage: 1.6x)",
      "severity": "MEDIUM"
    },
    {
      "quarter": "2024-06 (Q2)",
      "signal": "INCREMENTAL MARGIN (YoY)",
      "detail": "YoY Incr OPM: +80.7% vs year-ago OPM: +15.9%",
      "severity": "HIGH"
    },
    {
      "quarter": "2024-03 (Q1)",
      "signal": "FCF MARGIN EXPANSION",
      "detail": "FCF margin: +3.8% -> +10.9% (+7.1%)",
      "severity": "MEDIUM"
    },
    {
      "quarter": "2024-03 (Q1)",
      "signal": "INCREMENTAL MARGIN (YoY)",
      "detail": "YoY Incr OPM: +209.0% vs year-ago OPM: +15.1%",
      "severity": "HIGH"
    },
    {
      "quarter": "2023-12 (Q4)",
      "signal": "YoY REVENUE GROWTH DECELERATION",
      "detail": "YoY growth: +0.2% vs prior quarter YoY: +5.4% (decel: -5.3%)",
      "severity": "WARNING"
    },
    {
      "quarter": "2023-12 (Q4)",
      "signal": "INCREMENTAL MARGIN (YoY)",
      "detail": "YoY Incr OPM: +2251.4% vs year-ago OPM: +12.9%",
      "severity": "HIGH"
    },
    {
      "quarter": "2023-09 (Q3)",
      "signal": "FCF MARGIN EXPANSION",
      "detail": "FCF margin: +7.3% -> +16.1% (+8.8%)",
      "severity": "MEDIUM"
    },
    {
      "quarter": "2023-09 (Q3)",
      "signal": "INCREMENTAL MARGIN (YoY)",
      "detail": "YoY Incr OPM: +126.4% vs year-ago OPM: +7.9%",
      "severity": "HIGH"
    },
    {
      "quarter": "2023-07 (Q3)",
      "signal": "OPERATING LEVERAGE",
      "detail": "Rev growth +2.4% vs OpEx growth +0.8% (leverage: 3.1x)",
      "severity": "MEDIUM"
    },
    {
      "quarter": "2023-07 (Q3)",
      "signal": "YoY REVENUE GROWTH DECELERATION",
      "detail": "YoY growth: +3.8% vs prior quarter YoY: +13.3% (decel: -9.5%)",
      "severity": "WARNING"
    },
    {
      "quarter": "2023-04 (Q2)",
      "signal": "FCF TURNED POSITIVE",
      "detail": "FCF margin: -9.2% -> +9.1%",
      "severity": "HIGH"
    },
    {
      "quarter": "2023-04 (Q2)",
      "signal": "YoY REVENUE GROWTH ACCELERATION",
      "detail": "YoY growth: +13.3% vs prior quarter YoY: +7.8% (accel: +5.6%)",
      "severity": "MEDIUM"
    },
    {
      "quarter": "2022-12 (Q4)",
      "signal": "OPERATING LEVERAGE",
      "detail": "Rev growth +16.7% vs OpEx growth +9.7% (leverage: 1.7x)",
      "severity": "MEDIUM"
    },
    {
      "quarter": "2022-10 (Q4)",
      "signal": "YoY REVENUE GROWTH DECELERATION",
      "detail": "YoY growth: +8.7% vs prior quarter YoY: +26.3% (decel: -17.6%)",
      "severity": "WARNING"
    },
    {
      "quarter": "2022-07 (Q3)",
      "signal": "INCREMENTAL MARGIN (YoY)",
      "detail": "YoY Incr OPM: +26.4% vs year-ago OPM: +14.0%",
      "severity": "MEDIUM"
    },
    {
      "quarter": "2022-04 (Q2)",
      "signal": "INCREMENTAL MARGIN (YoY)",
      "detail": "YoY Incr OPM: +33.9% vs year-ago OPM: +15.8%",
      "severity": "MEDIUM"
    },
    {
      "quarter": "2022-01 (Q1)",
      "signal": "OPERATING LEVERAGE",
      "detail": "Rev growth +17.7% vs OpEx growth +9.4% (leverage: 1.9x)",
      "severity": "MEDIUM"
    }
  ],
  "data_quality": {
    "n_quarters": 20,
    "coverage": {
      "revenue": [
        20,
        20
      ],
      "gross_profit": [
        0,
        20
      ],
      "op_income": [
        20,
        20
      ],
      "fcf": [
        13,
        20
      ]
    },
    "gaps": [],
    "warnings": [
      "gross_profit: no data",
      "fcf: 13/20Q"
    ]
  },
  "market_cap": null,
  "source": "SEC EDGAR",
  "last_updated": "2026-02-04T13:48:45.833710",
  "sector": "Communication Services",
  "industry": "Entertainment"
}