{
  "ticker": "DLHC",
  "name": "DLH Holdings Corp.",
  "quarters": [
    {
      "date": "2020-12-31T00:00:00",
      "quarter_label": "2020-12 (Q4)",
      "revenue": 57852000,
      "gross_profit": 11847000,
      "operating_income": 3635000,
      "net_income": null,
      "opex": 8212000,
      "cogs": 46005000,
      "rd": null,
      "sga": null,
      "fcf": -8518000,
      "ocf": -8518000,
      "capex": null,
      "gross_margin": 0.20478116573325036,
      "op_margin": 0.06283274562677177,
      "fcf_margin": -0.14723777916061676
    },
    {
      "date": "2021-03-31T00:00:00",
      "quarter_label": "2021-03 (Q1)",
      "revenue": 61506000,
      "gross_profit": 12784000,
      "operating_income": 4620000,
      "net_income": null,
      "opex": 8164000,
      "cogs": 48722000,
      "rd": null,
      "sga": null,
      "fcf": 14637000,
      "ocf": 14637000,
      "capex": null,
      "gross_margin": 0.20784964068546158,
      "op_margin": 0.0751146229636133,
      "fcf_margin": 0.23797678275290216,
      "op_leverage_ratio": Infinity,
      "fcf_margin_change": 0.3852145619135189
    },
    {
      "date": "2021-06-30T00:00:00",
      "quarter_label": "2021-06 (Q2)",
      "revenue": 61555000,
      "gross_profit": 13190000,
      "operating_income": 4939000,
      "net_income": null,
      "opex": 8251000,
      "cogs": 48365000,
      "rd": null,
      "sga": null,
      "fcf": 9269000,
      "ocf": 9269000,
      "capex": null,
      "gross_margin": 0.21427991227357648,
      "op_margin": 0.08023718625619365,
      "fcf_margin": 0.15058078141499473,
      "fcf_margin_change": -0.08739600133790743
    },
    {
      "date": "2021-09-30T00:00:00",
      "quarter_label": "2021-09 (Q3)",
      "revenue": 65182000,
      "gross_profit": 13660000,
      "operating_income": 4030000,
      "net_income": null,
      "opex": 9630000,
      "cogs": 51522000,
      "rd": null,
      "sga": null,
      "fcf": 30277000,
      "ocf": 30277000,
      "capex": null,
      "gross_margin": 0.20956705839035317,
      "op_margin": 0.061826884722776226,
      "fcf_margin": 0.4644994016753091,
      "op_leverage_ratio": 0.35255472608052757,
      "fcf_margin_change": 0.31391862026031436
    },
    {
      "date": "2021-12-31T00:00:00",
      "quarter_label": "2021-12 (Q4)",
      "revenue": 152801000,
      "gross_profit": 20115000,
      "operating_income": 11219000,
      "net_income": null,
      "opex": 8896000,
      "cogs": 132686000,
      "rd": null,
      "sga": null,
      "fcf": -16155000,
      "ocf": -16155000,
      "capex": null,
      "gross_margin": 0.1316418086269069,
      "op_margin": 0.07342229435671233,
      "fcf_margin": -0.10572574786814222,
      "incr_op_margin_yoy": 0.07987445892005182,
      "rev_growth_yoy": 1.6412397151351725,
      "op_leverage_ratio": Infinity,
      "fcf_margin_change": -0.5702251495434514
    },
    {
      "date": "2022-03-31T00:00:00",
      "quarter_label": "2022-03 (Q1)",
      "revenue": 108699000,
      "gross_profit": 19868000,
      "operating_income": 10254000,
      "net_income": null,
      "opex": 9614000,
      "cogs": 88831000,
      "rd": null,
      "sga": null,
      "fcf": 1340000,
      "ocf": 1340000,
      "capex": null,
      "gross_margin": 0.1827799703769124,
      "op_margin": 0.0943338945160489,
      "fcf_margin": 0.012327620309294473,
      "incr_op_margin_yoy": 0.1193821117538618,
      "rev_growth_yoy": 0.7672909960003902,
      "rev_growth_yoy_accel": -0.8739487191347823,
      "fcf_margin_change": 0.1180533681774367
    },
    {
      "date": "2022-06-30T00:00:00",
      "quarter_label": "2022-06 (Q2)",
      "revenue": 66440000,
      "gross_profit": 16772000,
      "operating_income": 7114000,
      "net_income": null,
      "opex": 9658000,
      "cogs": 49668000,
      "rd": null,
      "sga": null,
      "fcf": 10056000,
      "ocf": 10056000,
      "capex": null,
      "gross_margin": 0.25243829018663455,
      "op_margin": 0.10707405177603853,
      "fcf_margin": 0.15135460565924141,
      "incr_op_margin_yoy": 0.4452405322415558,
      "rev_growth_yoy": 0.07935992202095687,
      "rev_growth_yoy_accel": -0.6879310739794333,
      "fcf_margin_change": 0.13902698534994695
    },
    {
      "date": "2022-09-30T00:00:00",
      "quarter_label": "2022-09 (Q3)",
      "revenue": 67233000,
      "gross_profit": 15531000,
      "operating_income": 4691000,
      "net_income": null,
      "opex": 10840000,
      "cogs": 51702000,
      "rd": null,
      "sga": null,
      "fcf": 6002000,
      "ocf": 6002000,
      "capex": null,
      "gross_margin": 0.23100263263575924,
      "op_margin": 0.06977228444365119,
      "fcf_margin": 0.08927163743994765,
      "incr_op_margin_yoy": 0.3222818137493905,
      "rev_growth_yoy": 0.03146574207603326,
      "rev_growth_yoy_accel": -0.047894179944923614,
      "op_leverage_ratio": 0.09752440021962998,
      "fcf_margin_change": -0.062082968219293766
    },
    {
      "date": "2022-12-31T00:00:00",
      "quarter_label": "2022-12 (Q4)",
      "revenue": 72738000,
      "gross_profit": 15482000,
      "operating_income": 3921000,
      "net_income": null,
      "opex": 11561000,
      "cogs": 57256000,
      "rd": null,
      "sga": null,
      "fcf": 7973000,
      "ocf": 7973000,
      "capex": null,
      "gross_margin": 0.21284610519948308,
      "op_margin": 0.053905798894663036,
      "fcf_margin": 0.10961258214413375,
      "incr_op_margin_yoy": 0.09115321684173713,
      "rev_growth_yoy": -0.5239690839719635,
      "rev_growth_yoy_accel": -0.5554348260479968,
      "op_leverage_ratio": 1.2310306058218514,
      "fcf_margin_change": 0.020340944704186098
    },
    {
      "date": "2023-03-31T00:00:00",
      "quarter_label": "2023-03 (Q1)",
      "revenue": 99417000,
      "gross_profit": 21179000,
      "operating_income": 5951000,
      "net_income": null,
      "opex": 15228000,
      "cogs": 78238000,
      "rd": null,
      "sga": null,
      "fcf": -1111000,
      "ocf": -1111000,
      "capex": null,
      "gross_margin": 0.21303197642254343,
      "op_margin": 0.059858977840811935,
      "fcf_margin": -0.011175151131094279,
      "incr_op_margin_yoy": 0.4635854341736695,
      "rev_growth_yoy": -0.08539176993348604,
      "rev_growth_yoy_accel": 0.43857731403847744,
      "op_leverage_ratio": 1.1563589942476942,
      "fcf_margin_change": -0.12078773327522803
    },
    {
      "date": "2023-06-30T00:00:00",
      "quarter_label": "2023-06 (Q2)",
      "revenue": 102241000,
      "gross_profit": 21322000,
      "operating_income": 7107000,
      "net_income": null,
      "opex": 14215000,
      "cogs": 80919000,
      "rd": null,
      "sga": null,
      "fcf": 8135000,
      "ocf": 8135000,
      "capex": null,
      "gross_margin": 0.2085464735282323,
      "op_margin": 0.06951223090540977,
      "fcf_margin": 0.07956690564450661,
      "incr_op_margin_yoy": -0.0001955252646574118,
      "rev_growth_yoy": 0.5388470800722457,
      "rev_growth_yoy_accel": 0.6242388500057318,
      "op_leverage_ratio": Infinity,
      "fcf_margin_change": 0.09074205677560089
    },
    {
      "date": "2023-09-30T00:00:00",
      "quarter_label": "2023-09 (Q3)",
      "revenue": 101487000,
      "gross_profit": 22250000,
      "operating_income": 171000,
      "net_income": null,
      "opex": 22079000,
      "cogs": 79237000,
      "rd": null,
      "sga": null,
      "fcf": 16036000,
      "ocf": 16036000,
      "capex": null,
      "gross_margin": 0.21923990264762974,
      "op_margin": 0.001684944869786278,
      "fcf_margin": 0.1580103855666243,
      "incr_op_margin_yoy": -0.13195539207099902,
      "rev_growth_yoy": 0.5094819508277185,
      "rev_growth_yoy_accel": -0.029365129244527166,
      "fcf_margin_change": 0.0784434799221177
    },
    {
      "date": "2023-12-31T00:00:00",
      "quarter_label": "2023-12 (Q4)",
      "revenue": 97850000,
      "gross_profit": 18769000,
      "operating_income": 6819000,
      "net_income": null,
      "opex": 11950000,
      "cogs": 79081000,
      "rd": null,
      "sga": null,
      "fcf": 5071000,
      "ocf": 5071000,
      "capex": null,
      "gross_margin": 0.1918140010219724,
      "op_margin": 0.06968829841594278,
      "fcf_margin": 0.05182422074603986,
      "incr_op_margin_yoy": 0.11540299458426251,
      "rev_growth_yoy": 0.3452390772361077,
      "rev_growth_yoy_accel": -0.16424287359161083,
      "fcf_margin_change": -0.10618616482058445
    },
    {
      "date": "2024-03-31T00:00:00",
      "quarter_label": "2024-03 (Q1)",
      "revenue": 101007000,
      "gross_profit": 21895000,
      "operating_income": 5942000,
      "net_income": null,
      "opex": 15953000,
      "cogs": 79112000,
      "rd": null,
      "sga": null,
      "fcf": 5230000,
      "ocf": 5230000,
      "capex": null,
      "gross_margin": 0.21676715475165087,
      "op_margin": 0.05882760600750443,
      "fcf_margin": 0.051778589602700806,
      "incr_op_margin_yoy": -0.005660377358490566,
      "rev_growth_yoy": 0.01599324059265518,
      "rev_growth_yoy_accel": -0.3292458366434525,
      "op_leverage_ratio": 0.09631547417617675,
      "fcf_margin_change": -4.563114333905327e-05
    },
    {
      "date": "2024-06-30T00:00:00",
      "quarter_label": "2024-06 (Q2)",
      "revenue": 100694000,
      "gross_profit": 19048000,
      "operating_income": 5763000,
      "net_income": null,
      "opex": 13285000,
      "cogs": 81646000,
      "rd": null,
      "sga": null,
      "fcf": 4630000,
      "ocf": 4630000,
      "capex": null,
      "gross_margin": 0.18916717977237968,
      "op_margin": 0.05723280433789501,
      "fcf_margin": 0.04598089260531909,
      "incr_op_margin_yoy": 0.8687782805429864,
      "rev_growth_yoy": -0.015130916168660323,
      "rev_growth_yoy_accel": -0.031124156761315504,
      "fcf_margin_change": -0.005797696997381717
    },
    {
      "date": "2024-09-30T00:00:00",
      "quarter_label": "2024-09 (Q3)",
      "revenue": 96386000,
      "gross_profit": 18894000,
      "operating_income": 6376000,
      "net_income": null,
      "opex": 12518000,
      "cogs": 77492000,
      "rd": null,
      "sga": null,
      "fcf": 12435000,
      "ocf": 12435000,
      "capex": null,
      "gross_margin": 0.1960243188844853,
      "op_margin": 0.06615068578424252,
      "fcf_margin": 0.12901251219056709,
      "incr_op_margin_yoy": -1.2164281513428739,
      "rev_growth_yoy": -0.05026259520923862,
      "rev_growth_yoy_accel": -0.0351316790405783,
      "fcf_margin_change": 0.08303161958524799
    },
    {
      "date": "2024-12-31T00:00:00",
      "quarter_label": "2024-12 (Q4)",
      "revenue": 90782000,
      "gross_profit": 18400000,
      "operating_income": 5637000,
      "net_income": null,
      "opex": 12763000,
      "cogs": 72382000,
      "rd": null,
      "sga": null,
      "fcf": -11538000,
      "ocf": -11538000,
      "capex": null,
      "gross_margin": 0.20268335132515256,
      "op_margin": 0.062093807142385056,
      "fcf_margin": -0.12709567976030492,
      "incr_op_margin_yoy": 0.16723259762308998,
      "rev_growth_yoy": -0.07223300970873786,
      "rev_growth_yoy_accel": -0.02197041449949924,
      "fcf_margin_change": -0.256108191950872
    },
    {
      "date": "2025-03-31T00:00:00",
      "quarter_label": "2025-03 (Q1)",
      "revenue": 89212000,
      "gross_profit": 18003000,
      "operating_income": 5115000,
      "net_income": null,
      "opex": 12888000,
      "cogs": 71209000,
      "rd": null,
      "sga": null,
      "fcf": 14503000,
      "ocf": 14503000,
      "capex": null,
      "gross_margin": 0.20180020625028022,
      "op_margin": 0.05733533605344573,
      "fcf_margin": 0.16256781598888043,
      "incr_op_margin_yoy": 0.07011445527766003,
      "rev_growth_yoy": -0.1167740849644084,
      "rev_growth_yoy_accel": -0.04454107525567054,
      "fcf_margin_change": 0.2896634957491854
    },
    {
      "date": "2025-06-30T00:00:00",
      "quarter_label": "2025-06 (Q2)",
      "revenue": 83343000,
      "gross_profit": 15923000,
      "operating_income": 3755000,
      "net_income": null,
      "opex": 12168000,
      "cogs": 67420000,
      "rd": null,
      "sga": null,
      "fcf": 9571000,
      "ocf": 9571000,
      "capex": null,
      "gross_margin": 0.19105383775482043,
      "op_margin": 0.04505477364625703,
      "fcf_margin": 0.11483867871326926,
      "incr_op_margin_yoy": 0.11572820010374042,
      "rev_growth_yoy": -0.17231413986930702,
      "rev_growth_yoy_accel": -0.05554005490489862,
      "fcf_margin_change": -0.047729137275611164
    },
    {
      "date": "2025-09-30T00:00:00",
      "quarter_label": "2025-09 (Q3)",
      "revenue": 81160000,
      "gross_profit": 13841000,
      "operating_income": 2279000,
      "net_income": null,
      "opex": 11562000,
      "cogs": 67319000,
      "rd": null,
      "sga": null,
      "fcf": 10680000,
      "ocf": 10680000,
      "capex": null,
      "gross_margin": 0.17053967471660916,
      "op_margin": 0.02808033514046328,
      "fcf_margin": 0.13159191720059144,
      "incr_op_margin_yoy": 0.2690792066202548,
      "rev_growth_yoy": -0.15796899964725167,
      "rev_growth_yoy_accel": 0.014345140222055353,
      "fcf_margin_change": 0.016753238487322172
    }
  ],
  "signals": [
    {
      "quarter": "2025-09 (Q3)",
      "signal": "INCREMENTAL MARGIN (YoY)",
      "detail": "YoY Incr OPM: +26.9% vs year-ago OPM: +6.6%",
      "severity": "HIGH"
    },
    {
      "quarter": "2025-06 (Q2)",
      "signal": "YoY REVENUE GROWTH DECELERATION",
      "detail": "YoY growth: -17.2% vs prior quarter YoY: -11.7% (decel: -5.6%)",
      "severity": "WARNING"
    },
    {
      "quarter": "2025-03 (Q1)",
      "signal": "FCF TURNED POSITIVE",
      "detail": "FCF margin: -12.7% -> +16.3%",
      "severity": "HIGH"
    },
    {
      "quarter": "2024-09 (Q3)",
      "signal": "FCF MARGIN EXPANSION",
      "detail": "FCF margin: +4.6% -> +12.9% (+8.3%)",
      "severity": "MEDIUM"
    },
    {
      "quarter": "2024-06 (Q2)",
      "signal": "INCREMENTAL MARGIN (YoY)",
      "detail": "YoY Incr OPM: +86.9% vs year-ago OPM: +7.0%",
      "severity": "HIGH"
    },
    {
      "quarter": "2024-03 (Q1)",
      "signal": "GROSS MARGIN INFLECTION",
      "detail": "GM: +21.9% -> +19.2% -> +21.7% (reversal +2.5%)",
      "severity": "MEDIUM"
    },
    {
      "quarter": "2024-03 (Q1)",
      "signal": "YoY REVENUE GROWTH DECELERATION",
      "detail": "YoY growth: +1.6% vs prior quarter YoY: +34.5% (decel: -32.9%)",
      "severity": "WARNING"
    },
    {
      "quarter": "2023-12 (Q4)",
      "signal": "YoY REVENUE GROWTH DECELERATION",
      "detail": "YoY growth: +34.5% vs prior quarter YoY: +50.9% (decel: -16.4%)",
      "severity": "WARNING"
    },
    {
      "quarter": "2023-09 (Q3)",
      "signal": "FCF MARGIN EXPANSION",
      "detail": "FCF margin: +8.0% -> +15.8% (+7.8%)",
      "severity": "MEDIUM"
    },
    {
      "quarter": "2023-06 (Q2)",
      "signal": "FCF TURNED POSITIVE",
      "detail": "FCF margin: -1.1% -> +8.0%",
      "severity": "HIGH"
    },
    {
      "quarter": "2023-06 (Q2)",
      "signal": "YoY REVENUE GROWTH ACCELERATION",
      "detail": "YoY growth: +53.9% vs prior quarter YoY: -8.5% (accel: +62.4%)",
      "severity": "HIGH"
    },
    {
      "quarter": "2023-03 (Q1)",
      "signal": "YoY REVENUE GROWTH ACCELERATION",
      "detail": "YoY growth: -8.5% vs prior quarter YoY: -52.4% (accel: +43.9%)",
      "severity": "HIGH"
    },
    {
      "quarter": "2023-03 (Q1)",
      "signal": "INCREMENTAL MARGIN (YoY)",
      "detail": "YoY Incr OPM: +46.4% vs year-ago OPM: +9.4%",
      "severity": "HIGH"
    },
    {
      "quarter": "2022-12 (Q4)",
      "signal": "YoY REVENUE GROWTH DECELERATION",
      "detail": "YoY growth: -52.4% vs prior quarter YoY: +3.1% (decel: -55.5%)",
      "severity": "WARNING"
    },
    {
      "quarter": "2022-09 (Q3)",
      "signal": "INCREMENTAL MARGIN (YoY)",
      "detail": "YoY Incr OPM: +32.2% vs year-ago OPM: +6.2%",
      "severity": "HIGH"
    },
    {
      "quarter": "2022-06 (Q2)",
      "signal": "FCF MARGIN EXPANSION",
      "detail": "FCF margin: +1.2% -> +15.1% (+13.9%)",
      "severity": "MEDIUM"
    },
    {
      "quarter": "2022-06 (Q2)",
      "signal": "YoY REVENUE GROWTH DECELERATION",
      "detail": "YoY growth: +7.9% vs prior quarter YoY: +76.7% (decel: -68.8%)",
      "severity": "WARNING"
    },
    {
      "quarter": "2022-06 (Q2)",
      "signal": "INCREMENTAL MARGIN (YoY)",
      "detail": "YoY Incr OPM: +44.5% vs year-ago OPM: +8.0%",
      "severity": "HIGH"
    },
    {
      "quarter": "2022-03 (Q1)",
      "signal": "FCF TURNED POSITIVE",
      "detail": "FCF margin: -10.6% -> +1.2%",
      "severity": "HIGH"
    },
    {
      "quarter": "2022-03 (Q1)",
      "signal": "GROSS MARGIN INFLECTION",
      "detail": "GM: +21.0% -> +13.2% -> +18.3% (reversal +5.1%)",
      "severity": "HIGH"
    },
    {
      "quarter": "2022-03 (Q1)",
      "signal": "YoY REVENUE GROWTH DECELERATION",
      "detail": "YoY growth: +76.7% vs prior quarter YoY: +164.1% (decel: -87.4%)",
      "severity": "WARNING"
    },
    {
      "quarter": "2021-09 (Q3)",
      "signal": "FCF MARGIN EXPANSION",
      "detail": "FCF margin: +15.1% -> +46.4% (+31.4%)",
      "severity": "MEDIUM"
    },
    {
      "quarter": "2021-03 (Q1)",
      "signal": "FCF TURNED POSITIVE",
      "detail": "FCF margin: -14.7% -> +23.8%",
      "severity": "HIGH"
    }
  ],
  "data_quality": {
    "n_quarters": 20,
    "coverage": {
      "revenue": [
        20,
        20
      ],
      "gross_profit": [
        20,
        20
      ],
      "op_income": [
        20,
        20
      ],
      "fcf": [
        20,
        20
      ]
    },
    "gaps": [],
    "warnings": []
  },
  "market_cap": null,
  "source": "SEC EDGAR",
  "last_updated": "2026-02-02T23:25:30.573653",
  "sector": "Industrials",
  "industry": "Specialty Business Services"
}