{
  "ticker": "DLR-PL",
  "name": "DIGITAL REALTY TRUST, INC.",
  "quarters": [
    {
      "date": "2020-12-31T00:00:00",
      "quarter_label": "2020-12 (Q4)",
      "revenue": 1062609000,
      "gross_profit": null,
      "operating_income": 160263000,
      "net_income": 57691000,
      "opex": 902346000,
      "cogs": null,
      "rd": null,
      "sga": null,
      "fcf": 525802000,
      "ocf": 525802000,
      "capex": null,
      "gross_margin": null,
      "op_margin": 0.15082029231824687,
      "fcf_margin": 0.49482170770245687
    },
    {
      "date": "2021-03-31T00:00:00",
      "quarter_label": "2021-03 (Q1)",
      "revenue": 1090391000,
      "gross_profit": null,
      "operating_income": 192519000,
      "net_income": 385920000,
      "opex": 897872000,
      "cogs": null,
      "rd": null,
      "sga": null,
      "fcf": 327875000,
      "ocf": 327875000,
      "capex": null,
      "gross_margin": null,
      "op_margin": 0.17655960109722107,
      "fcf_margin": 0.300694888347391,
      "op_leverage_ratio": Infinity,
      "fcf_margin_change": -0.19412681935506587
    },
    {
      "date": "2021-06-30T00:00:00",
      "quarter_label": "2021-06 (Q2)",
      "revenue": 1093188000,
      "gross_profit": null,
      "operating_income": 185628000,
      "net_income": 121254000,
      "opex": 907560000,
      "cogs": null,
      "rd": null,
      "sga": null,
      "fcf": 522616000,
      "ocf": 522616000,
      "capex": null,
      "gross_margin": null,
      "op_margin": 0.1698042788614584,
      "fcf_margin": 0.4780659868201993,
      "fcf_margin_change": 0.1773710984728083
    },
    {
      "date": "2021-09-30T00:00:00",
      "quarter_label": "2021-09 (Q3)",
      "revenue": 1133136000,
      "gross_profit": null,
      "operating_income": 184365000,
      "net_income": 134275000,
      "opex": 948771000,
      "cogs": null,
      "rd": null,
      "sga": null,
      "fcf": 399798000,
      "ocf": 399798000,
      "capex": null,
      "gross_margin": null,
      "op_margin": 0.16270332952090483,
      "fcf_margin": 0.35282437412631845,
      "op_leverage_ratio": 0.8047525822727538,
      "fcf_margin_change": -0.12524161269388084
    },
    {
      "date": "2021-12-31T00:00:00",
      "quarter_label": "2021-12 (Q4)",
      "revenue": 1111167000,
      "gross_profit": null,
      "operating_income": 131497000,
      "net_income": 1067810000,
      "opex": 979670000,
      "cogs": null,
      "rd": null,
      "sga": null,
      "fcf": 451939000,
      "ocf": 451939000,
      "capex": null,
      "gross_margin": null,
      "op_margin": 0.11834134743022426,
      "fcf_margin": 0.4067246417505199,
      "incr_op_margin_yoy": -0.5924049590180814,
      "rev_growth_yoy": 0.04569695908843234,
      "fcf_margin_change": 0.05390026762420147
    },
    {
      "date": "2022-03-31T00:00:00",
      "quarter_label": "2022-03 (Q1)",
      "revenue": 1127322000,
      "gross_profit": null,
      "operating_income": 141235000,
      "net_income": 73281000,
      "opex": 986087000,
      "cogs": null,
      "rd": null,
      "sga": null,
      "fcf": 277685000,
      "ocf": 277685000,
      "capex": null,
      "gross_margin": null,
      "op_margin": 0.12528363679587554,
      "fcf_margin": 0.24632270105613124,
      "incr_op_margin_yoy": -1.3886436868755245,
      "rev_growth_yoy": 0.03386950185759054,
      "rev_growth_yoy_accel": -0.011827457230841804,
      "op_leverage_ratio": 2.2196034801721565,
      "fcf_margin_change": -0.16040194069438868
    },
    {
      "date": "2022-06-30T00:00:00",
      "quarter_label": "2022-06 (Q2)",
      "revenue": 1139322000,
      "gross_profit": null,
      "operating_income": 170372000,
      "net_income": 63427000,
      "opex": 968950000,
      "cogs": null,
      "rd": null,
      "sga": null,
      "fcf": 505893000,
      "ocf": 505893000,
      "capex": null,
      "gross_margin": null,
      "op_margin": 0.1495380585997637,
      "fcf_margin": 0.4440298703966043,
      "incr_op_margin_yoy": -0.3306888628777041,
      "rev_growth_yoy": 0.042201341397819954,
      "rev_growth_yoy_accel": 0.008331839540229417,
      "op_leverage_ratio": Infinity,
      "fcf_margin_change": 0.19770716934047305
    },
    {
      "date": "2022-09-30T00:00:00",
      "quarter_label": "2022-09 (Q3)",
      "revenue": 1192083000,
      "gross_profit": null,
      "operating_income": 157381000,
      "net_income": 237075000,
      "opex": 1034702000,
      "cogs": null,
      "rd": null,
      "sga": null,
      "fcf": 419386000,
      "ocf": 419386000,
      "capex": null,
      "gross_margin": null,
      "op_margin": 0.13202184747203005,
      "fcf_margin": 0.3518093958222708,
      "incr_op_margin_yoy": -0.45776714675895297,
      "rev_growth_yoy": 0.0520211166179523,
      "rev_growth_yoy_accel": 0.009819775220132346,
      "op_leverage_ratio": 0.6824312947167823,
      "fcf_margin_change": -0.09222047457433352
    },
    {
      "date": "2022-12-31T00:00:00",
      "quarter_label": "2022-12 (Q4)",
      "revenue": 1233107000,
      "gross_profit": null,
      "operating_income": 120980000,
      "net_income": 3901000,
      "opex": 1112127000,
      "cogs": null,
      "rd": null,
      "sga": null,
      "fcf": 456424000,
      "ocf": 456424000,
      "capex": null,
      "gross_margin": null,
      "op_margin": 0.09810989638368771,
      "fcf_margin": 0.3701414394695675,
      "incr_op_margin_yoy": -0.08624733475479744,
      "rev_growth_yoy": 0.10974048005385328,
      "rev_growth_yoy_accel": 0.057719363435900985,
      "op_leverage_ratio": 0.4599023019607031,
      "fcf_margin_change": 0.018332043647296736
    },
    {
      "date": "2023-03-31T00:00:00",
      "quarter_label": "2023-03 (Q1)",
      "revenue": 1338723000,
      "gross_profit": null,
      "operating_income": 177334000,
      "net_income": 68726000,
      "opex": 1161389000,
      "cogs": null,
      "rd": null,
      "sga": null,
      "fcf": 349726000,
      "ocf": 349726000,
      "capex": null,
      "gross_margin": null,
      "op_margin": 0.13246504317920885,
      "fcf_margin": 0.2612385086384562,
      "incr_op_margin_yoy": 0.17076078164247094,
      "rev_growth_yoy": 0.18752494850628304,
      "rev_growth_yoy_accel": 0.07778446845242976,
      "op_leverage_ratio": 1.9336207458799977,
      "fcf_margin_change": -0.1089029308311113
    },
    {
      "date": "2023-06-30T00:00:00",
      "quarter_label": "2023-06 (Q2)",
      "revenue": 1366267000,
      "gross_profit": null,
      "operating_income": 154860000,
      "net_income": 118184000,
      "opex": 1211407000,
      "cogs": null,
      "rd": null,
      "sga": null,
      "fcf": 464388000,
      "ocf": 464388000,
      "capex": null,
      "gross_margin": null,
      "op_margin": 0.1133453417231039,
      "fcf_margin": 0.33989549626829896,
      "incr_op_margin_yoy": -0.06835136266496288,
      "rev_growth_yoy": 0.19919302883644835,
      "rev_growth_yoy_accel": 0.011668080330165309,
      "op_leverage_ratio": 0.47773567217145574,
      "fcf_margin_change": 0.07865698762984275
    },
    {
      "date": "2023-09-30T00:00:00",
      "quarter_label": "2023-09 (Q3)",
      "revenue": 1402432000,
      "gross_profit": null,
      "operating_income": 58226000,
      "net_income": 733618000,
      "opex": 1344206000,
      "cogs": null,
      "rd": null,
      "sga": null,
      "fcf": 358361000,
      "ocf": 358361000,
      "capex": null,
      "gross_margin": null,
      "op_margin": 0.04151787751562999,
      "fcf_margin": 0.2555282537762972,
      "incr_op_margin_yoy": -0.4713832725613148,
      "rev_growth_yoy": 0.17645499516392735,
      "rev_growth_yoy_accel": -0.022738033672521002,
      "op_leverage_ratio": 0.24146165043851192,
      "fcf_margin_change": -0.08436724249200178
    },
    {
      "date": "2023-12-31T00:00:00",
      "quarter_label": "2023-12 (Q4)",
      "revenue": 1369639000,
      "gross_profit": null,
      "operating_income": 134041000,
      "net_income": 28310000,
      "opex": 1235598000,
      "cogs": null,
      "rd": null,
      "sga": null,
      "fcf": 462305000,
      "ocf": 462305000,
      "capex": null,
      "gross_margin": null,
      "op_margin": 0.09786593401618966,
      "fcf_margin": 0.3375378475642122,
      "incr_op_margin_yoy": 0.09566255529839159,
      "rev_growth_yoy": 0.11072194059396305,
      "rev_growth_yoy_accel": -0.0657330545699643,
      "fcf_margin_change": 0.082009593787915
    },
    {
      "date": "2024-03-31T00:00:00",
      "quarter_label": "2024-03 (Q1)",
      "revenue": 1331143000,
      "gross_profit": null,
      "operating_income": 149367000,
      "net_income": 281508000,
      "opex": 1181776000,
      "cogs": null,
      "rd": null,
      "sga": null,
      "fcf": 352275000,
      "ocf": 352275000,
      "capex": null,
      "gross_margin": null,
      "op_margin": 0.11220958229130905,
      "fcf_margin": 0.26464098898465455,
      "incr_op_margin_yoy": 3.6895778364116096,
      "rev_growth_yoy": -0.005662112326448414,
      "rev_growth_yoy_accel": -0.11638405292041146,
      "fcf_margin_change": -0.07289685857955763
    },
    {
      "date": "2024-06-30T00:00:00",
      "quarter_label": "2024-06 (Q2)",
      "revenue": 1356749000,
      "gross_profit": null,
      "operating_income": 9889000,
      "net_income": 80220000,
      "opex": 1346860000,
      "cogs": null,
      "rd": null,
      "sga": null,
      "fcf": 573212000,
      "ocf": 573212000,
      "capex": null,
      "gross_margin": null,
      "op_margin": 0.007288746850006892,
      "fcf_margin": 0.4224893476980635,
      "incr_op_margin_yoy": 15.231246060096659,
      "rev_growth_yoy": -0.00696642749916378,
      "rev_growth_yoy_accel": -0.0013043151727153658,
      "op_leverage_ratio": 0.13770420777209627,
      "fcf_margin_change": 0.15784835871340896
    },
    {
      "date": "2024-09-30T00:00:00",
      "quarter_label": "2024-09 (Q3)",
      "revenue": 1431214000,
      "gross_profit": null,
      "operating_income": 168286000,
      "net_income": 51193000,
      "opex": 1262928000,
      "cogs": null,
      "rd": null,
      "sga": null,
      "fcf": 566515000,
      "ocf": 566515000,
      "capex": null,
      "gross_margin": null,
      "op_margin": 0.11758269552980896,
      "fcf_margin": 0.39582829681654874,
      "incr_op_margin_yoy": 3.8239177263567505,
      "rev_growth_yoy": 0.020522920184365447,
      "rev_growth_yoy_accel": 0.027489347683529227,
      "op_leverage_ratio": Infinity,
      "fcf_margin_change": -0.02666105088151477
    },
    {
      "date": "2024-12-31T00:00:00",
      "quarter_label": "2024-12 (Q4)",
      "revenue": 1435862000,
      "gross_profit": null,
      "operating_income": 144322000,
      "net_income": 189569000,
      "opex": 1291540000,
      "cogs": null,
      "rd": null,
      "sga": null,
      "fcf": 769475000,
      "ocf": 769475000,
      "capex": null,
      "gross_margin": null,
      "op_margin": 0.10051244478926248,
      "fcf_margin": 0.5358976001872047,
      "incr_op_margin_yoy": 0.15524817661537532,
      "rev_growth_yoy": 0.04835069678944598,
      "rev_growth_yoy_accel": 0.027827776605080533,
      "fcf_margin_change": 0.14006930337065593
    },
    {
      "date": "2025-03-31T00:00:00",
      "quarter_label": "2025-03 (Q1)",
      "revenue": 1407637000,
      "gross_profit": null,
      "operating_income": 195750000,
      "net_income": 109974000,
      "opex": 1211887000,
      "cogs": null,
      "rd": null,
      "sga": null,
      "fcf": 399085000,
      "ocf": 399085000,
      "capex": null,
      "gross_margin": null,
      "op_margin": 0.13906284077500095,
      "fcf_margin": 0.2835141446267752,
      "incr_op_margin_yoy": 0.6063612832379011,
      "rev_growth_yoy": 0.05746490046523927,
      "rev_growth_yoy_accel": 0.00911420367579329,
      "fcf_margin_change": -0.25238345556042946
    },
    {
      "date": "2025-06-30T00:00:00",
      "quarter_label": "2025-06 (Q2)",
      "revenue": 1493150000,
      "gross_profit": null,
      "operating_income": 211697000,
      "net_income": 1032156000,
      "opex": 1281453000,
      "cogs": null,
      "rd": null,
      "sga": null,
      "fcf": 641237000,
      "ocf": 641237000,
      "capex": null,
      "gross_margin": null,
      "op_margin": 0.14177878980678432,
      "fcf_margin": 0.4294524997488531,
      "incr_op_margin_yoy": 1.4795199448684393,
      "rev_growth_yoy": 0.10053517636644656,
      "rev_growth_yoy_accel": 0.04307027590120729,
      "op_leverage_ratio": 1.0582945590778159,
      "fcf_margin_change": 0.14593835512207787
    },
    {
      "date": "2025-09-30T00:00:00",
      "quarter_label": "2025-09 (Q3)",
      "revenue": 1577234000,
      "gross_profit": null,
      "operating_income": 138421000,
      "net_income": 67812000,
      "opex": 1438813000,
      "cogs": null,
      "rd": null,
      "sga": null,
      "fcf": 652861000,
      "ocf": 652861000,
      "capex": null,
      "gross_margin": null,
      "op_margin": 0.08776186666024191,
      "fcf_margin": 0.4139278001869095,
      "incr_op_margin_yoy": -0.20452677715381454,
      "rev_growth_yoy": 0.10202527364880444,
      "rev_growth_yoy_accel": 0.0014900972823578829,
      "op_leverage_ratio": 0.45858332637192645,
      "fcf_margin_change": -0.015524699561943578
    }
  ],
  "signals": [
    {
      "quarter": "2025-06 (Q2)",
      "signal": "FCF MARGIN EXPANSION",
      "detail": "FCF margin: +28.4% -> +42.9% (+14.6%)",
      "severity": "MEDIUM"
    },
    {
      "quarter": "2025-06 (Q2)",
      "signal": "INCREMENTAL MARGIN (YoY)",
      "detail": "YoY Incr OPM: +148.0% vs year-ago OPM: +0.7%",
      "severity": "HIGH"
    },
    {
      "quarter": "2025-03 (Q1)",
      "signal": "INCREMENTAL MARGIN (YoY)",
      "detail": "YoY Incr OPM: +60.6% vs year-ago OPM: +11.2%",
      "severity": "HIGH"
    },
    {
      "quarter": "2024-12 (Q4)",
      "signal": "FCF MARGIN EXPANSION",
      "detail": "FCF margin: +39.6% -> +53.6% (+14.0%)",
      "severity": "MEDIUM"
    },
    {
      "quarter": "2024-09 (Q3)",
      "signal": "INCREMENTAL MARGIN (YoY)",
      "detail": "YoY Incr OPM: +382.4% vs year-ago OPM: +4.2%",
      "severity": "HIGH"
    },
    {
      "quarter": "2024-06 (Q2)",
      "signal": "FCF MARGIN EXPANSION",
      "detail": "FCF margin: +26.5% -> +42.2% (+15.8%)",
      "severity": "MEDIUM"
    },
    {
      "quarter": "2024-06 (Q2)",
      "signal": "INCREMENTAL MARGIN (YoY)",
      "detail": "YoY Incr OPM: +1523.1% vs year-ago OPM: +11.3%",
      "severity": "HIGH"
    },
    {
      "quarter": "2024-03 (Q1)",
      "signal": "YoY REVENUE GROWTH DECELERATION",
      "detail": "YoY growth: -0.6% vs prior quarter YoY: +11.1% (decel: -11.6%)",
      "severity": "WARNING"
    },
    {
      "quarter": "2024-03 (Q1)",
      "signal": "INCREMENTAL MARGIN (YoY)",
      "detail": "YoY Incr OPM: +369.0% vs year-ago OPM: +13.2%",
      "severity": "HIGH"
    },
    {
      "quarter": "2023-12 (Q4)",
      "signal": "FCF MARGIN EXPANSION",
      "detail": "FCF margin: +25.6% -> +33.8% (+8.2%)",
      "severity": "MEDIUM"
    },
    {
      "quarter": "2023-12 (Q4)",
      "signal": "YoY REVENUE GROWTH DECELERATION",
      "detail": "YoY growth: +11.1% vs prior quarter YoY: +17.6% (decel: -6.6%)",
      "severity": "WARNING"
    },
    {
      "quarter": "2023-06 (Q2)",
      "signal": "FCF MARGIN EXPANSION",
      "detail": "FCF margin: +26.1% -> +34.0% (+7.9%)",
      "severity": "MEDIUM"
    },
    {
      "quarter": "2023-03 (Q1)",
      "signal": "OPERATING LEVERAGE",
      "detail": "Rev growth +8.6% vs OpEx growth +4.4% (leverage: 1.9x)",
      "severity": "MEDIUM"
    },
    {
      "quarter": "2023-03 (Q1)",
      "signal": "YoY REVENUE GROWTH ACCELERATION",
      "detail": "YoY growth: +18.8% vs prior quarter YoY: +11.0% (accel: +7.8%)",
      "severity": "MEDIUM"
    },
    {
      "quarter": "2022-12 (Q4)",
      "signal": "YoY REVENUE GROWTH ACCELERATION",
      "detail": "YoY growth: +11.0% vs prior quarter YoY: +5.2% (accel: +5.8%)",
      "severity": "MEDIUM"
    },
    {
      "quarter": "2022-06 (Q2)",
      "signal": "FCF MARGIN EXPANSION",
      "detail": "FCF margin: +24.6% -> +44.4% (+19.8%)",
      "severity": "MEDIUM"
    },
    {
      "quarter": "2022-03 (Q1)",
      "signal": "OPERATING LEVERAGE",
      "detail": "Rev growth +1.5% vs OpEx growth +0.7% (leverage: 2.2x)",
      "severity": "MEDIUM"
    },
    {
      "quarter": "2021-12 (Q4)",
      "signal": "FCF MARGIN EXPANSION",
      "detail": "FCF margin: +35.3% -> +40.7% (+5.4%)",
      "severity": "MEDIUM"
    },
    {
      "quarter": "2021-06 (Q2)",
      "signal": "FCF MARGIN EXPANSION",
      "detail": "FCF margin: +30.1% -> +47.8% (+17.7%)",
      "severity": "MEDIUM"
    }
  ],
  "data_quality": {
    "n_quarters": 20,
    "coverage": {
      "revenue": [
        20,
        20
      ],
      "gross_profit": [
        0,
        20
      ],
      "op_income": [
        20,
        20
      ],
      "fcf": [
        20,
        20
      ]
    },
    "gaps": [],
    "warnings": [
      "gross_profit: no data"
    ]
  },
  "market_cap": null,
  "source": "SEC EDGAR",
  "last_updated": "2026-02-03T01:17:18.580176",
  "sector": "Real Estate",
  "industry": "REIT - Specialty"
}