{
  "ticker": "DLTR",
  "name": "DOLLAR TREE, INC.",
  "quarters": [
    {
      "date": "2021-01-30T00:00:00",
      "quarter_label": "2021-01 (Q1)",
      "revenue": 6767900000,
      "gross_profit": 2152800000,
      "operating_income": 681600000,
      "net_income": 502800000,
      "opex": 1471200000,
      "cogs": 4615100000,
      "rd": null,
      "sga": 1471200000,
      "fcf": 982600000,
      "ocf": 982600000,
      "capex": null,
      "gross_margin": 0.3180898062914641,
      "op_margin": 0.10071070790053044,
      "fcf_margin": 0.14518536030378698
    },
    {
      "date": "2021-05-01T00:00:00",
      "quarter_label": "2021-05 (Q2)",
      "revenue": 6479700000,
      "gross_profit": 1964100000,
      "operating_income": 519900000,
      "net_income": 374500000,
      "opex": 1444200000,
      "cogs": 4512700000,
      "rd": null,
      "sga": 1447100000,
      "fcf": 556200000,
      "ocf": 556200000,
      "capex": null,
      "gross_margin": 0.3031158849946757,
      "op_margin": 0.0802351960738923,
      "fcf_margin": 0.08583730728274457,
      "fcf_margin_change": -0.059348053021042416
    },
    {
      "date": "2021-07-31T00:00:00",
      "quarter_label": "2021-07 (Q3)",
      "revenue": 6343200000,
      "gross_profit": 1861000000,
      "operating_income": 402200000,
      "net_income": 282400000,
      "opex": 1458800000,
      "cogs": 4479200000,
      "rd": null,
      "sga": 1461800000,
      "fcf": 179900000,
      "ocf": 179900000,
      "capex": null,
      "gross_margin": 0.2933850422499685,
      "op_margin": 0.06340648253247572,
      "fcf_margin": 0.028361079581283893,
      "fcf_margin_change": -0.05747622770146067
    },
    {
      "date": "2021-10-30T00:00:00",
      "quarter_label": "2021-10 (Q4)",
      "revenue": 6417700000,
      "gross_profit": 1763700000,
      "operating_income": 310500000,
      "net_income": 216800000,
      "opex": 1453200000,
      "cogs": 4651700000,
      "rd": null,
      "sga": 1455500000,
      "fcf": 282600000,
      "ocf": 282600000,
      "capex": null,
      "gross_margin": 0.2748180812440594,
      "op_margin": 0.048381819031740346,
      "fcf_margin": 0.0440344671767144,
      "op_leverage_ratio": Infinity,
      "fcf_margin_change": 0.015673387595430507
    },
    {
      "date": "2022-01-29T00:00:00",
      "quarter_label": "2022-01 (Q1)",
      "revenue": 7080600000,
      "gross_profit": 2137100000,
      "operating_income": 578800000,
      "net_income": 454200000,
      "opex": 1558300000,
      "cogs": 4940300000,
      "rd": null,
      "sga": 1561500000,
      "fcf": 412800000,
      "ocf": 412800000,
      "capex": null,
      "gross_margin": 0.30182470412111967,
      "op_margin": 0.0817444849306556,
      "fcf_margin": 0.05830014405558851,
      "incr_op_margin_yoy": -0.32874960025583627,
      "rev_growth_yoy": 0.046203401350492765,
      "op_leverage_ratio": 1.428207404572277,
      "fcf_margin_change": 0.01426567687887411
    },
    {
      "date": "2022-04-30T00:00:00",
      "quarter_label": "2022-04 (Q2)",
      "revenue": 6902600000,
      "gross_profit": 2340500000,
      "operating_income": 731500000,
      "net_income": 536400000,
      "opex": 1609000000,
      "cogs": 4559600000,
      "rd": null,
      "sga": 1611500000,
      "fcf": 538500000,
      "ocf": 538500000,
      "capex": null,
      "gross_margin": 0.3390751311100165,
      "op_margin": 0.10597456031060759,
      "fcf_margin": 0.0780140816503926,
      "incr_op_margin_yoy": 0.5003546937810357,
      "rev_growth_yoy": 0.06526536722379123,
      "rev_growth_yoy_accel": 0.01906196587329846,
      "fcf_margin_change": 0.01971393759480409
    },
    {
      "date": "2022-07-30T00:00:00",
      "quarter_label": "2022-07 (Q3)",
      "revenue": 6768500000,
      "gross_profit": 2124400000,
      "operating_income": 505400000,
      "net_income": 359900000,
      "opex": 1619000000,
      "cogs": 4640900000,
      "rd": null,
      "sga": 1622200000,
      "fcf": -17900000,
      "ocf": -17900000,
      "capex": null,
      "gross_margin": 0.3138657014109478,
      "op_margin": 0.07466942454014922,
      "fcf_margin": -0.002644603678806235,
      "incr_op_margin_yoy": 0.24265224547378322,
      "rev_growth_yoy": 0.06704817757598688,
      "rev_growth_yoy_accel": 0.0017828103521956573,
      "fcf_margin_change": -0.08065868532919883
    },
    {
      "date": "2022-10-29T00:00:00",
      "quarter_label": "2022-10 (Q4)",
      "revenue": 6939900000,
      "gross_profit": 2071500000,
      "operating_income": 381300000,
      "net_income": 266900000,
      "opex": 1690200000,
      "cogs": 4865100000,
      "rd": null,
      "sga": 1693500000,
      "fcf": 213500000,
      "ocf": 213500000,
      "capex": null,
      "gross_margin": 0.29849133272813727,
      "op_margin": 0.05494315480050145,
      "fcf_margin": 0.03076413204801222,
      "incr_op_margin_yoy": 0.13558023745691306,
      "rev_growth_yoy": 0.0813687146485501,
      "rev_growth_yoy_accel": 0.014320537072563214,
      "op_leverage_ratio": 0.5758180035906583,
      "fcf_margin_change": 0.033408735726818455
    },
    {
      "date": "2023-01-28T00:00:00",
      "quarter_label": "2023-01 (Q1)",
      "revenue": 7720700000,
      "gross_profit": 2385500000,
      "operating_income": 618100000,
      "net_income": 452200000,
      "opex": 1767400000,
      "cogs": 5330700000,
      "rd": null,
      "sga": 1771900000,
      "fcf": 880700000,
      "ocf": 880700000,
      "capex": null,
      "gross_margin": 0.3089745748442499,
      "op_margin": 0.0800575077389356,
      "fcf_margin": 0.1140699677490383,
      "incr_op_margin_yoy": 0.061396656772379314,
      "rev_growth_yoy": 0.09040194333813519,
      "rev_growth_yoy_accel": 0.009033228689585088,
      "op_leverage_ratio": 2.463243747744794,
      "fcf_margin_change": 0.08330583570102608
    },
    {
      "date": "2023-04-29T00:00:00",
      "quarter_label": "2023-04 (Q2)",
      "revenue": 7323800000,
      "gross_profit": 2230400000,
      "operating_income": 419700000,
      "net_income": 299000000,
      "opex": 1810700000,
      "cogs": 5089100000,
      "rd": null,
      "sga": 1815000000,
      "fcf": 752000000,
      "ocf": 752000000,
      "capex": null,
      "gross_margin": 0.30454135831125917,
      "op_margin": 0.05730631639312925,
      "fcf_margin": 0.10267893716376744,
      "incr_op_margin_yoy": -0.7402659069325735,
      "rev_growth_yoy": 0.061020485034624636,
      "rev_growth_yoy_accel": -0.02938145830351055,
      "fcf_margin_change": -0.011391030585270856
    },
    {
      "date": "2023-07-29T00:00:00",
      "quarter_label": "2023-07 (Q3)",
      "revenue": 7325300000,
      "gross_profit": 2134700000,
      "operating_income": 287800000,
      "net_income": 200400000,
      "opex": 1846900000,
      "cogs": 5185400000,
      "rd": null,
      "sga": 1852100000,
      "fcf": 171800000,
      "ocf": 171800000,
      "capex": null,
      "gross_margin": 0.2914146860879418,
      "op_margin": 0.039288493304028504,
      "fcf_margin": 0.023452964383711247,
      "incr_op_margin_yoy": -0.39080459770114945,
      "rev_growth_yoy": 0.08226342616532467,
      "rev_growth_yoy_accel": 0.021242941130700035,
      "fcf_margin_change": -0.07922597278005619
    },
    {
      "date": "2023-10-28T00:00:00",
      "quarter_label": "2023-10 (Q4)",
      "revenue": 7314800000,
      "gross_profit": 2173000000,
      "operating_income": 301700000,
      "net_income": 212000000,
      "opex": 1871300000,
      "cogs": 5136100000,
      "rd": null,
      "sga": 1877000000,
      "fcf": 505800000,
      "ocf": 505800000,
      "capex": null,
      "gross_margin": 0.297068956089025,
      "op_margin": 0.041245146825613824,
      "fcf_margin": 0.0691474818176847,
      "incr_op_margin_yoy": -0.2123232862096559,
      "rev_growth_yoy": 0.054020951310537614,
      "rev_growth_yoy_accel": -0.028242474854787057,
      "fcf_margin_change": 0.045694517433973444
    },
    {
      "date": "2024-02-03T00:00:00",
      "quarter_label": "2024-02 (Q1)",
      "revenue": 4961400000,
      "gross_profit": 1933200000,
      "operating_income": -1891000000,
      "net_income": -1709800000,
      "opex": 3824200000,
      "cogs": 5861400000,
      "rd": null,
      "sga": 3600500000,
      "fcf": 1254900000,
      "ocf": 1254900000,
      "capex": null,
      "gross_margin": 0.3896480832023219,
      "op_margin": -0.381142419478373,
      "fcf_margin": 0.25293263998065063,
      "incr_op_margin_yoy": 0.9093248287609176,
      "rev_growth_yoy": -0.3573898739751577,
      "rev_growth_yoy_accel": -0.41141082528569534,
      "fcf_margin_change": 0.18378515816296592
    },
    {
      "date": "2024-05-04T00:00:00",
      "quarter_label": "2024-05 (Q2)",
      "revenue": 7632800000,
      "gross_profit": 2347700000,
      "operating_income": 420600000,
      "net_income": 300100000,
      "opex": 1927100000,
      "cogs": 5278700000,
      "rd": null,
      "sga": 1933500000,
      "fcf": 695700000,
      "ocf": 695700000,
      "capex": null,
      "gross_margin": 0.30758044230164555,
      "op_margin": 0.05510428676239388,
      "fcf_margin": 0.09114610627816791,
      "incr_op_margin_yoy": 0.002912621359223301,
      "rev_growth_yoy": 0.04219121221223955,
      "rev_growth_yoy_accel": 0.39958108618739724,
      "op_leverage_ratio": Infinity,
      "fcf_margin_change": -0.16178653370248272
    },
    {
      "date": "2024-08-03T00:00:00",
      "quarter_label": "2024-08 (Q3)",
      "revenue": 7378800000,
      "gross_profit": 2214500000,
      "operating_income": 203100000,
      "net_income": 132400000,
      "opex": 2011400000,
      "cogs": 5158200000,
      "rd": null,
      "sga": 2017500000,
      "fcf": 306900000,
      "ocf": 306900000,
      "capex": null,
      "gross_margin": 0.30011655011655014,
      "op_margin": 0.027524800780614735,
      "fcf_margin": 0.04159212880143113,
      "incr_op_margin_yoy": -1.583177570093458,
      "rev_growth_yoy": 0.007303455148594597,
      "rev_growth_yoy_accel": -0.034887757063644956,
      "fcf_margin_change": -0.04955397747673678
    },
    {
      "date": "2024-11-02T00:00:00",
      "quarter_label": "2024-11 (Q4)",
      "revenue": 7568200000,
      "gross_profit": 2337400000,
      "operating_income": 333400000,
      "net_income": 233300000,
      "opex": 2004000000,
      "cogs": 5224300000,
      "rd": null,
      "sga": 2010500000,
      "fcf": 785600000,
      "ocf": 785600000,
      "capex": null,
      "gross_margin": 0.3088449036759071,
      "op_margin": 0.04405274702042758,
      "fcf_margin": 0.10380275362701831,
      "incr_op_margin_yoy": 0.1250986582478295,
      "rev_growth_yoy": 0.03464209547766173,
      "rev_growth_yoy_accel": 0.027338640329067132,
      "op_leverage_ratio": Infinity,
      "fcf_margin_change": 0.06221062482558718
    },
    {
      "date": "2025-02-01T00:00:00",
      "quarter_label": "2025-02 (Q1)",
      "revenue": 4996700000,
      "gross_profit": 1879800000,
      "operating_income": 504900000,
      "net_income": -3695900000,
      "opex": 1374900000,
      "cogs": -4377100000,
      "rd": null,
      "sga": -1129100000,
      "fcf": null,
      "ocf": null,
      "capex": null,
      "gross_margin": 0.3762082974763344,
      "op_margin": 0.10104669081593852,
      "fcf_margin": null,
      "incr_op_margin_yoy": 67.87252124645893,
      "rev_growth_yoy": 0.007114927238279518,
      "rev_growth_yoy_accel": -0.02752716823938221
    },
    {
      "date": "2025-05-03T00:00:00",
      "quarter_label": "2025-05 (Q2)",
      "revenue": 4639700000,
      "gross_profit": 1649500000,
      "operating_income": 384100000,
      "net_income": 343400000,
      "opex": 1265400000,
      "cogs": 2987000000,
      "rd": null,
      "sga": 1268600000,
      "fcf": null,
      "ocf": null,
      "capex": null,
      "gross_margin": 0.3555186757764511,
      "op_margin": 0.08278552492618058,
      "fcf_margin": null,
      "incr_op_margin_yoy": 0.012194714510039758,
      "rev_growth_yoy": -0.3921365684938686,
      "rev_growth_yoy_accel": -0.3992514957321481
    },
    {
      "date": "2025-08-02T00:00:00",
      "quarter_label": "2025-08 (Q3)",
      "revenue": 4570400000,
      "gross_profit": 1570100000,
      "operating_income": 231000000,
      "net_income": 188400000,
      "opex": 1339100000,
      "cogs": 2996700000,
      "rd": null,
      "sga": 1350700000,
      "fcf": null,
      "ocf": null,
      "capex": null,
      "gross_margin": 0.343536670750919,
      "op_margin": 0.05054262208997024,
      "fcf_margin": null,
      "incr_op_margin_yoy": -0.009934482267483264,
      "rev_growth_yoy": -0.3806038922317992,
      "rev_growth_yoy_accel": 0.011532676262069386
    },
    {
      "date": "2025-11-01T00:00:00",
      "quarter_label": "2025-11 (Q4)",
      "revenue": 4751000000,
      "gross_profit": 1700500000,
      "operating_income": 343300000,
      "net_income": 244600000,
      "opex": 1357200000,
      "cogs": 3045800000,
      "rd": null,
      "sga": 1385700000,
      "fcf": null,
      "ocf": null,
      "capex": null,
      "gross_margin": 0.35792464744264363,
      "op_margin": 0.07225847190065249,
      "fcf_margin": null,
      "incr_op_margin_yoy": -0.0035141275024847367,
      "rev_growth_yoy": -0.3722417483681721,
      "rev_growth_yoy_accel": 0.008362143863627103,
      "op_leverage_ratio": 2.9234654800092454
    }
  ],
  "signals": [
    {
      "quarter": "2025-11 (Q4)",
      "signal": "OPERATING LEVERAGE",
      "detail": "Rev growth +4.0% vs OpEx growth +1.4% (leverage: 2.9x)",
      "severity": "MEDIUM"
    },
    {
      "quarter": "2025-05 (Q2)",
      "signal": "YoY REVENUE GROWTH DECELERATION",
      "detail": "YoY growth: -39.2% vs prior quarter YoY: +0.7% (decel: -39.9%)",
      "severity": "WARNING"
    },
    {
      "quarter": "2025-02 (Q1)",
      "signal": "OP MARGIN TURNED POSITIVE (YoY)",
      "detail": "Op margin: -38.1% (year-ago) -> +10.1%",
      "severity": "HIGH"
    },
    {
      "quarter": "2024-11 (Q4)",
      "signal": "FCF MARGIN EXPANSION",
      "detail": "FCF margin: +4.2% -> +10.4% (+6.2%)",
      "severity": "MEDIUM"
    },
    {
      "quarter": "2024-05 (Q2)",
      "signal": "YoY REVENUE GROWTH ACCELERATION",
      "detail": "YoY growth: +4.2% vs prior quarter YoY: -35.7% (accel: +40.0%)",
      "severity": "HIGH"
    },
    {
      "quarter": "2024-05 (Q2)",
      "signal": "OP MARGIN TURNED POSITIVE (QoQ)",
      "detail": "Op margin: -38.1% -> +5.5%",
      "severity": "HIGH"
    },
    {
      "quarter": "2024-02 (Q1)",
      "signal": "FCF MARGIN EXPANSION",
      "detail": "FCF margin: +6.9% -> +25.3% (+18.4%)",
      "severity": "MEDIUM"
    },
    {
      "quarter": "2024-02 (Q1)",
      "signal": "YoY REVENUE GROWTH DECELERATION",
      "detail": "YoY growth: -35.7% vs prior quarter YoY: +5.4% (decel: -41.1%)",
      "severity": "WARNING"
    },
    {
      "quarter": "2023-01 (Q1)",
      "signal": "FCF MARGIN EXPANSION",
      "detail": "FCF margin: +3.1% -> +11.4% (+8.3%)",
      "severity": "MEDIUM"
    },
    {
      "quarter": "2023-01 (Q1)",
      "signal": "OPERATING LEVERAGE",
      "detail": "Rev growth +11.3% vs OpEx growth +4.6% (leverage: 2.5x)",
      "severity": "MEDIUM"
    },
    {
      "quarter": "2022-10 (Q4)",
      "signal": "FCF TURNED POSITIVE",
      "detail": "FCF margin: -0.3% -> +3.1%",
      "severity": "HIGH"
    },
    {
      "quarter": "2022-07 (Q3)",
      "signal": "INCREMENTAL MARGIN (YoY)",
      "detail": "YoY Incr OPM: +24.3% vs year-ago OPM: +6.3%",
      "severity": "MEDIUM"
    },
    {
      "quarter": "2022-04 (Q2)",
      "signal": "INCREMENTAL MARGIN (YoY)",
      "detail": "YoY Incr OPM: +50.0% vs year-ago OPM: +8.0%",
      "severity": "HIGH"
    },
    {
      "quarter": "2022-01 (Q1)",
      "signal": "GROSS MARGIN INFLECTION",
      "detail": "GM: +29.3% -> +27.5% -> +30.2% (reversal +2.7%)",
      "severity": "MEDIUM"
    }
  ],
  "data_quality": {
    "n_quarters": 20,
    "coverage": {
      "revenue": [
        20,
        20
      ],
      "gross_profit": [
        20,
        20
      ],
      "op_income": [
        20,
        20
      ],
      "fcf": [
        16,
        20
      ]
    },
    "gaps": [],
    "warnings": []
  },
  "market_cap": null,
  "source": "SEC EDGAR",
  "last_updated": "2026-02-02T20:13:35.716395"
}