{
  "ticker": "DLX",
  "name": "DELUXE CORPORATION",
  "quarters": [
    {
      "date": "2020-12-31T00:00:00",
      "quarter_label": "2020-12 (Q4)",
      "revenue": 454492000,
      "gross_profit": 262514000,
      "operating_income": 36584000,
      "net_income": 24663000,
      "opex": 225930000,
      "cogs": 191979000,
      "rd": null,
      "sga": 207013000,
      "fcf": 50742000,
      "ocf": 50742000,
      "capex": null,
      "gross_margin": 0.5775987256101317,
      "op_margin": 0.08049426612569638,
      "fcf_margin": 0.11164552951427088
    },
    {
      "date": "2021-03-31T00:00:00",
      "quarter_label": "2021-03 (Q1)",
      "revenue": 441264000,
      "gross_profit": 262755000,
      "operating_income": 36006000,
      "net_income": 24292000,
      "opex": 226749000,
      "cogs": 178509000,
      "rd": null,
      "sga": 212436000,
      "fcf": 39581000,
      "ocf": 39581000,
      "capex": null,
      "gross_margin": 0.5954598607636244,
      "op_margin": 0.08159741107364299,
      "fcf_margin": 0.08969913702454767,
      "fcf_margin_change": -0.021946392489723215
    },
    {
      "date": "2021-06-30T00:00:00",
      "quarter_label": "2021-06 (Q2)",
      "revenue": 478216000,
      "gross_profit": 271641000,
      "operating_income": 26369000,
      "net_income": 12100000,
      "opex": 245272000,
      "cogs": 206575000,
      "rd": null,
      "sga": 233908000,
      "fcf": 44230000,
      "ocf": 44230000,
      "capex": null,
      "gross_margin": 0.5680299278986901,
      "op_margin": 0.05514035498603142,
      "fcf_margin": 0.09248958629573248,
      "op_leverage_ratio": 1.0251171646571398,
      "fcf_margin_change": 0.002790449271184811
    },
    {
      "date": "2021-09-30T00:00:00",
      "quarter_label": "2021-09 (Q3)",
      "revenue": 532141000,
      "gross_profit": 287990000,
      "operating_income": 36404000,
      "net_income": 12464000,
      "opex": 251586000,
      "cogs": 244151000,
      "rd": null,
      "sga": 239251000,
      "fcf": 65418000,
      "ocf": 65418000,
      "capex": null,
      "gross_margin": 0.54119115046576,
      "op_margin": 0.06841044009012649,
      "fcf_margin": 0.12293358339237156,
      "op_leverage_ratio": 4.380356385700843,
      "fcf_margin_change": 0.030443997096639086
    },
    {
      "date": "2021-12-31T00:00:00",
      "quarter_label": "2021-12 (Q4)",
      "revenue": 570575000,
      "gross_profit": 315542000,
      "operating_income": 43374000,
      "net_income": 13777000,
      "opex": 272168000,
      "cogs": 255033000,
      "rd": null,
      "sga": 255430000,
      "fcf": 61592000,
      "ocf": 61592000,
      "capex": null,
      "gross_margin": 0.5530245804670727,
      "op_margin": 0.0760180519651229,
      "fcf_margin": 0.10794724619900978,
      "incr_op_margin_yoy": 0.05849263027316661,
      "rev_growth_yoy": 0.25541263652605545,
      "op_leverage_ratio": 0.8828517064705615,
      "fcf_margin_change": -0.014986337193361787
    },
    {
      "date": "2022-03-31T00:00:00",
      "quarter_label": "2022-03 (Q1)",
      "revenue": 556015000,
      "gross_profit": 306821000,
      "operating_income": 30878000,
      "net_income": 9644000,
      "opex": 275943000,
      "cogs": 249194000,
      "rd": null,
      "sga": 259699000,
      "fcf": 34265000,
      "ocf": 34265000,
      "capex": null,
      "gross_margin": 0.5518214436660881,
      "op_margin": 0.05553447299083658,
      "fcf_margin": 0.061626035268832674,
      "incr_op_margin_yoy": -0.0446880637205776,
      "rev_growth_yoy": 0.2600506726132202,
      "rev_growth_yoy_accel": 0.004638036087164732,
      "fcf_margin_change": -0.046321210930177104
    },
    {
      "date": "2022-06-30T00:00:00",
      "quarter_label": "2022-06 (Q2)",
      "revenue": 562953000,
      "gross_profit": 298841000,
      "operating_income": 51560000,
      "net_income": 22062000,
      "opex": 247281000,
      "cogs": 264112000,
      "rd": null,
      "sga": 249626000,
      "fcf": 37922000,
      "ocf": 37922000,
      "capex": null,
      "gross_margin": 0.5308453814083947,
      "op_margin": 0.09158846298003563,
      "fcf_margin": 0.06736263950987027,
      "incr_op_margin_yoy": 0.2972845392213555,
      "rev_growth_yoy": 0.17719398765411445,
      "rev_growth_yoy_accel": -0.08285668495910573,
      "op_leverage_ratio": Infinity,
      "fcf_margin_change": 0.005736604241037599
    },
    {
      "date": "2022-09-30T00:00:00",
      "quarter_label": "2022-09 (Q3)",
      "revenue": 555038000,
      "gross_profit": 298813000,
      "operating_income": 41613000,
      "net_income": 14725000,
      "opex": 257200000,
      "cogs": 256225000,
      "rd": null,
      "sga": 243816000,
      "fcf": 51231000,
      "ocf": 51231000,
      "capex": null,
      "gross_margin": 0.5383649407788296,
      "op_margin": 0.07497324507511198,
      "fcf_margin": 0.09230178834602315,
      "incr_op_margin_yoy": 0.2274970520155479,
      "rev_growth_yoy": 0.04302806962816246,
      "rev_growth_yoy_accel": -0.13416591802595199,
      "fcf_margin_change": 0.024939148836152877
    },
    {
      "date": "2022-12-31T00:00:00",
      "quarter_label": "2022-12 (Q4)",
      "revenue": 564004000,
      "gross_profit": 301420000,
      "operating_income": 45395000,
      "net_income": 18965000,
      "opex": 256025000,
      "cogs": 262584000,
      "rd": null,
      "sga": 240110000,
      "fcf": 68113000,
      "ocf": 68113000,
      "capex": null,
      "gross_margin": 0.5344288338380578,
      "op_margin": 0.08048701782256863,
      "fcf_margin": 0.12076687399380147,
      "incr_op_margin_yoy": -0.3075635367523969,
      "rev_growth_yoy": -0.011516452701222452,
      "rev_growth_yoy_accel": -0.05454452232938491,
      "op_leverage_ratio": Infinity,
      "fcf_margin_change": 0.028465085647778318
    },
    {
      "date": "2023-03-31T00:00:00",
      "quarter_label": "2023-03 (Q1)",
      "revenue": 545365000,
      "gross_profit": 294702000,
      "operating_income": 34131000,
      "net_income": 2752000,
      "opex": 260571000,
      "cogs": 250663000,
      "rd": null,
      "sga": 247630000,
      "fcf": -6706000,
      "ocf": -6706000,
      "capex": null,
      "gross_margin": 0.5403757116793341,
      "op_margin": 0.06258377416959283,
      "fcf_margin": -0.01229635198445078,
      "incr_op_margin_yoy": -0.30544600938967137,
      "rev_growth_yoy": -0.01915415951008516,
      "rev_growth_yoy_accel": -0.007637706808862707,
      "fcf_margin_change": -0.13306322597825224
    },
    {
      "date": "2023-06-30T00:00:00",
      "quarter_label": "2023-06 (Q2)",
      "revenue": 571686000,
      "gross_profit": 301739000,
      "operating_income": 54131000,
      "net_income": 16375000,
      "opex": 247608000,
      "cogs": 269947000,
      "rd": null,
      "sga": 245359000,
      "fcf": 54043000,
      "ocf": 54043000,
      "capex": null,
      "gross_margin": 0.5278054736341278,
      "op_margin": 0.09468659368954287,
      "fcf_margin": 0.0945326630353026,
      "incr_op_margin_yoy": 0.29440054963929924,
      "rev_growth_yoy": 0.015512840325924189,
      "rev_growth_yoy_accel": 0.03466699983600935,
      "op_leverage_ratio": Infinity,
      "fcf_margin_change": 0.10682901501975338
    },
    {
      "date": "2023-09-30T00:00:00",
      "quarter_label": "2023-09 (Q3)",
      "revenue": 537844000,
      "gross_profit": 282717000,
      "operating_income": 21567000,
      "net_income": -7983000,
      "opex": 261150000,
      "cogs": 255127000,
      "rd": null,
      "sga": 233891000,
      "fcf": 67569000,
      "ocf": 67569000,
      "capex": null,
      "gross_margin": 0.5256487011103591,
      "op_margin": 0.040098987810591916,
      "fcf_margin": 0.12562936464848543,
      "incr_op_margin_yoy": 1.1658718157496801,
      "rev_growth_yoy": -0.030978059159913376,
      "rev_growth_yoy_accel": -0.04649089948583757,
      "fcf_margin_change": 0.03109670161318283
    },
    {
      "date": "2023-12-31T00:00:00",
      "quarter_label": "2023-12 (Q4)",
      "revenue": 537364000,
      "gross_profit": 283524000,
      "operating_income": 50961000,
      "net_income": 14976000,
      "opex": 232563000,
      "cogs": 253840000,
      "rd": null,
      "sga": 229188000,
      "fcf": 83461000,
      "ocf": 83461000,
      "capex": null,
      "gross_margin": 0.5276200117611154,
      "op_margin": 0.09483515829121415,
      "fcf_margin": 0.1553155775228709,
      "incr_op_margin_yoy": -0.20893393393393395,
      "rev_growth_yoy": -0.047233707562357716,
      "rev_growth_yoy_accel": -0.01625564840244434,
      "fcf_margin_change": 0.02968621287438547
    },
    {
      "date": "2024-03-31T00:00:00",
      "quarter_label": "2024-03 (Q1)",
      "revenue": 534955000,
      "gross_profit": 283537000,
      "operating_income": 44221000,
      "net_income": 10803000,
      "opex": 239316000,
      "cogs": 251418000,
      "rd": null,
      "sga": 234093000,
      "fcf": 26590000,
      "ocf": 26590000,
      "capex": null,
      "gross_margin": 0.5300202820798011,
      "op_margin": 0.0826630277313045,
      "fcf_margin": 0.04970511538353693,
      "incr_op_margin_yoy": -0.9692603266090298,
      "rev_growth_yoy": -0.01908813363527179,
      "rev_growth_yoy_accel": 0.028145573927085926,
      "fcf_margin_change": -0.10561046213933396
    },
    {
      "date": "2024-06-30T00:00:00",
      "quarter_label": "2024-06 (Q2)",
      "revenue": 537816000,
      "gross_profit": 288790000,
      "operating_income": 59309000,
      "net_income": 20459000,
      "opex": 229481000,
      "cogs": 249026000,
      "rd": null,
      "sga": 233818000,
      "fcf": 39632000,
      "ocf": 39632000,
      "capex": null,
      "gross_margin": 0.5369680336769452,
      "op_margin": 0.1102774926740744,
      "fcf_margin": 0.07369063025272583,
      "incr_op_margin_yoy": -0.15287865367581932,
      "rev_growth_yoy": -0.059245809762701905,
      "rev_growth_yoy_accel": -0.04015767612743011,
      "fcf_margin_change": 0.0239855148691889
    },
    {
      "date": "2024-09-30T00:00:00",
      "quarter_label": "2024-09 (Q3)",
      "revenue": 528444000,
      "gross_profit": 281867000,
      "operating_income": 41580000,
      "net_income": 8931000,
      "opex": 240287000,
      "cogs": 246577000,
      "rd": null,
      "sga": 227764000,
      "fcf": 67900000,
      "ocf": 67900000,
      "capex": null,
      "gross_margin": 0.5333904822459901,
      "op_margin": 0.07868383404864092,
      "fcf_margin": 0.12849043607269645,
      "incr_op_margin_yoy": -2.129042553191489,
      "rev_growth_yoy": -0.01747718669353939,
      "rev_growth_yoy_accel": 0.041768623069162514,
      "fcf_margin_change": 0.05479980581997061
    },
    {
      "date": "2024-12-31T00:00:00",
      "quarter_label": "2024-12 (Q4)",
      "revenue": 520546000,
      "gross_profit": 272255000,
      "operating_income": 47067000,
      "net_income": 12609000,
      "opex": 225188000,
      "cogs": 248291000,
      "rd": null,
      "sga": 213491000,
      "fcf": 60159000,
      "ocf": 60159000,
      "capex": null,
      "gross_margin": 0.5230181386467286,
      "op_margin": 0.09041852209026675,
      "fcf_margin": 0.11556903712640189,
      "incr_op_margin_yoy": 0.23153763824473778,
      "rev_growth_yoy": -0.031297221250400103,
      "rev_growth_yoy_accel": -0.013820034556860712,
      "fcf_margin_change": -0.012921398946294557
    },
    {
      "date": "2025-03-31T00:00:00",
      "quarter_label": "2025-03 (Q1)",
      "revenue": 536471000,
      "gross_profit": 281047000,
      "operating_income": 48067000,
      "net_income": 14013000,
      "opex": 232980000,
      "cogs": 255424000,
      "rd": null,
      "sga": 225312000,
      "fcf": 50281000,
      "ocf": 50281000,
      "capex": null,
      "gross_margin": 0.5238810671965493,
      "op_margin": 0.08959850579062055,
      "fcf_margin": 0.0937254763072002,
      "incr_op_margin_yoy": 2.5369393139841687,
      "rev_growth_yoy": 0.0028338832238225644,
      "rev_growth_yoy_accel": 0.03413110447422267,
      "op_leverage_ratio": 0.8841310181803973,
      "fcf_margin_change": -0.02184356081920169
    },
    {
      "date": "2025-06-30T00:00:00",
      "quarter_label": "2025-06 (Q2)",
      "revenue": 521262000,
      "gross_profit": 279264000,
      "operating_income": 60791000,
      "net_income": 22385000,
      "opex": 218473000,
      "cogs": 241998000,
      "rd": null,
      "sga": 214426000,
      "fcf": 51093000,
      "ocf": 51093000,
      "capex": null,
      "gross_margin": 0.5357459396618207,
      "op_margin": 0.11662273482433018,
      "fcf_margin": 0.09801788735798889,
      "incr_op_margin_yoy": -0.08952519028633563,
      "rev_growth_yoy": -0.030780043732428933,
      "rev_growth_yoy_accel": -0.0336139269562515,
      "fcf_margin_change": 0.004292411050788689
    },
    {
      "date": "2025-09-30T00:00:00",
      "quarter_label": "2025-09 (Q3)",
      "revenue": 540247000,
      "gross_profit": 291109000,
      "operating_income": 75835000,
      "net_income": 33729000,
      "opex": 215274000,
      "cogs": 249138000,
      "rd": null,
      "sga": 212364000,
      "fcf": 67147000,
      "ocf": 67147000,
      "capex": null,
      "gross_margin": 0.5388442693804871,
      "op_margin": 0.14037097845985264,
      "fcf_margin": 0.1242894453833154,
      "incr_op_margin_yoy": 2.902228247055833,
      "rev_growth_yoy": 0.022335384638675054,
      "rev_growth_yoy_accel": 0.05311542837110399,
      "op_leverage_ratio": Infinity,
      "fcf_margin_change": 0.02627155802532652
    }
  ],
  "signals": [
    {
      "quarter": "2025-09 (Q3)",
      "signal": "YoY REVENUE GROWTH ACCELERATION",
      "detail": "YoY growth: +2.2% vs prior quarter YoY: -3.1% (accel: +5.3%)",
      "severity": "MEDIUM"
    },
    {
      "quarter": "2025-09 (Q3)",
      "signal": "INCREMENTAL MARGIN (YoY)",
      "detail": "YoY Incr OPM: +290.2% vs year-ago OPM: +7.9%",
      "severity": "HIGH"
    },
    {
      "quarter": "2025-03 (Q1)",
      "signal": "INCREMENTAL MARGIN (YoY)",
      "detail": "YoY Incr OPM: +253.7% vs year-ago OPM: +8.3%",
      "severity": "HIGH"
    },
    {
      "quarter": "2024-12 (Q4)",
      "signal": "INCREMENTAL MARGIN (YoY)",
      "detail": "YoY Incr OPM: +23.2% vs year-ago OPM: +9.5%",
      "severity": "MEDIUM"
    },
    {
      "quarter": "2024-09 (Q3)",
      "signal": "FCF MARGIN EXPANSION",
      "detail": "FCF margin: +7.4% -> +12.8% (+5.5%)",
      "severity": "MEDIUM"
    },
    {
      "quarter": "2023-09 (Q3)",
      "signal": "INCREMENTAL MARGIN (YoY)",
      "detail": "YoY Incr OPM: +116.6% vs year-ago OPM: +7.5%",
      "severity": "HIGH"
    },
    {
      "quarter": "2023-06 (Q2)",
      "signal": "FCF TURNED POSITIVE",
      "detail": "FCF margin: -1.2% -> +9.5%",
      "severity": "HIGH"
    },
    {
      "quarter": "2023-06 (Q2)",
      "signal": "INCREMENTAL MARGIN (YoY)",
      "detail": "YoY Incr OPM: +29.4% vs year-ago OPM: +9.2%",
      "severity": "HIGH"
    },
    {
      "quarter": "2022-12 (Q4)",
      "signal": "YoY REVENUE GROWTH DECELERATION",
      "detail": "YoY growth: -1.2% vs prior quarter YoY: +4.3% (decel: -5.5%)",
      "severity": "WARNING"
    },
    {
      "quarter": "2022-09 (Q3)",
      "signal": "YoY REVENUE GROWTH DECELERATION",
      "detail": "YoY growth: +4.3% vs prior quarter YoY: +17.7% (decel: -13.4%)",
      "severity": "WARNING"
    },
    {
      "quarter": "2022-09 (Q3)",
      "signal": "INCREMENTAL MARGIN (YoY)",
      "detail": "YoY Incr OPM: +22.7% vs year-ago OPM: +6.8%",
      "severity": "MEDIUM"
    },
    {
      "quarter": "2022-06 (Q2)",
      "signal": "YoY REVENUE GROWTH DECELERATION",
      "detail": "YoY growth: +17.7% vs prior quarter YoY: +26.0% (decel: -8.3%)",
      "severity": "WARNING"
    },
    {
      "quarter": "2022-06 (Q2)",
      "signal": "INCREMENTAL MARGIN (YoY)",
      "detail": "YoY Incr OPM: +29.7% vs year-ago OPM: +5.5%",
      "severity": "HIGH"
    },
    {
      "quarter": "2021-09 (Q3)",
      "signal": "OPERATING LEVERAGE",
      "detail": "Rev growth +11.3% vs OpEx growth +2.6% (leverage: 4.4x)",
      "severity": "MEDIUM"
    }
  ],
  "data_quality": {
    "n_quarters": 20,
    "coverage": {
      "revenue": [
        20,
        20
      ],
      "gross_profit": [
        20,
        20
      ],
      "op_income": [
        20,
        20
      ],
      "fcf": [
        20,
        20
      ]
    },
    "gaps": [],
    "warnings": []
  },
  "market_cap": null,
  "source": "SEC EDGAR",
  "last_updated": "2026-02-02T21:58:19.975837"
}