{
  "ticker": "DMLP",
  "name": "DORCHESTER MINERALS, L.P.",
  "quarters": [
    {
      "date": "2020-12-31T00:00:00",
      "quarter_label": "2020-12 (Q4)",
      "revenue": 12112000,
      "gross_profit": null,
      "operating_income": null,
      "net_income": 6295000,
      "opex": 5817000,
      "cogs": null,
      "rd": null,
      "sga": null,
      "fcf": 7358000,
      "ocf": 7358000,
      "capex": null,
      "gross_margin": null,
      "op_margin": null,
      "fcf_margin": 0.6074966974900925
    },
    {
      "date": "2021-03-31T00:00:00",
      "quarter_label": "2021-03 (Q1)",
      "revenue": 17789000,
      "gross_profit": null,
      "operating_income": null,
      "net_income": 11801000,
      "opex": 5988000,
      "cogs": null,
      "rd": null,
      "sga": null,
      "fcf": 10509000,
      "ocf": 10509000,
      "capex": null,
      "gross_margin": null,
      "op_margin": null,
      "fcf_margin": 0.5907583338017877,
      "op_leverage_ratio": 15.944319393265198,
      "fcf_margin_change": -0.016738363688304836
    },
    {
      "date": "2021-06-30T00:00:00",
      "quarter_label": "2021-06 (Q2)",
      "revenue": 21361000,
      "gross_profit": null,
      "operating_income": null,
      "net_income": 16509000,
      "opex": 4852000,
      "cogs": null,
      "rd": null,
      "sga": null,
      "fcf": 17702000,
      "ocf": 17702000,
      "capex": null,
      "gross_margin": null,
      "op_margin": null,
      "fcf_margin": 0.8287065212302794,
      "op_leverage_ratio": Infinity,
      "fcf_margin_change": 0.23794818742849178
    },
    {
      "date": "2021-09-30T00:00:00",
      "quarter_label": "2021-09 (Q3)",
      "revenue": 23969000,
      "gross_profit": null,
      "operating_income": null,
      "net_income": 18031000,
      "opex": 5938000,
      "cogs": null,
      "rd": null,
      "sga": null,
      "fcf": 19250000,
      "ocf": 19250000,
      "capex": null,
      "gross_margin": null,
      "op_margin": null,
      "fcf_margin": 0.8031206975676916,
      "op_leverage_ratio": 0.5454776665241546,
      "fcf_margin_change": -0.02558582366258788
    },
    {
      "date": "2021-12-31T00:00:00",
      "quarter_label": "2021-12 (Q4)",
      "revenue": 30304000,
      "gross_profit": null,
      "operating_income": null,
      "net_income": 23833000,
      "opex": 6471000,
      "cogs": null,
      "rd": null,
      "sga": null,
      "fcf": 22844000,
      "ocf": 22844000,
      "capex": null,
      "gross_margin": null,
      "op_margin": null,
      "fcf_margin": 0.7538278775079198,
      "rev_growth_yoy": 1.5019815059445178,
      "op_leverage_ratio": 2.944487317381574,
      "fcf_margin_change": -0.04929282005977176
    },
    {
      "date": "2022-03-31T00:00:00",
      "quarter_label": "2022-03 (Q1)",
      "revenue": 40401000,
      "gross_profit": null,
      "operating_income": null,
      "net_income": 30624000,
      "opex": 9777000,
      "cogs": null,
      "rd": null,
      "sga": null,
      "fcf": 28415000,
      "ocf": 28415000,
      "capex": null,
      "gross_margin": null,
      "op_margin": null,
      "fcf_margin": 0.7033241751441796,
      "rev_growth_yoy": 1.2711226038563157,
      "rev_growth_yoy_accel": -0.23085890208820214,
      "op_leverage_ratio": 0.6521701986117207,
      "fcf_margin_change": -0.050503702363740244
    },
    {
      "date": "2022-06-30T00:00:00",
      "quarter_label": "2022-06 (Q2)",
      "revenue": 47459000,
      "gross_profit": null,
      "operating_income": null,
      "net_income": 37324000,
      "opex": 10135000,
      "cogs": null,
      "rd": null,
      "sga": null,
      "fcf": 39029000,
      "ocf": 39029000,
      "capex": null,
      "gross_margin": null,
      "op_margin": null,
      "fcf_margin": 0.8223729956383404,
      "rev_growth_yoy": 1.2217592809325406,
      "rev_growth_yoy_accel": -0.0493633229237751,
      "op_leverage_ratio": 4.771029783957723,
      "fcf_margin_change": 0.11904882049416088
    },
    {
      "date": "2022-09-30T00:00:00",
      "quarter_label": "2022-09 (Q3)",
      "revenue": 44057000,
      "gross_profit": null,
      "operating_income": null,
      "net_income": 34201000,
      "opex": 9856000,
      "cogs": null,
      "rd": null,
      "sga": null,
      "fcf": 45938000,
      "ocf": 45938000,
      "capex": null,
      "gross_margin": null,
      "op_margin": null,
      "fcf_margin": 1.042694690968518,
      "rev_growth_yoy": 0.8380825232592098,
      "rev_growth_yoy_accel": -0.38367675767333076,
      "fcf_margin_change": 0.22032169533017754
    },
    {
      "date": "2022-12-31T00:00:00",
      "quarter_label": "2022-12 (Q4)",
      "revenue": 38883000,
      "gross_profit": null,
      "operating_income": null,
      "net_income": 28458000,
      "opex": 10425000,
      "cogs": null,
      "rd": null,
      "sga": null,
      "fcf": 33670000,
      "ocf": 33670000,
      "capex": null,
      "gross_margin": null,
      "op_margin": null,
      "fcf_margin": 0.8659311267134737,
      "rev_growth_yoy": 0.2830979408658923,
      "rev_growth_yoy_accel": -0.5549845823933175,
      "fcf_margin_change": -0.17676356425504425
    },
    {
      "date": "2023-03-31T00:00:00",
      "quarter_label": "2023-03 (Q1)",
      "revenue": 40167000,
      "gross_profit": null,
      "operating_income": null,
      "net_income": 28070000,
      "opex": 12097000,
      "cogs": null,
      "rd": null,
      "sga": null,
      "fcf": 38745000,
      "ocf": 38745000,
      "capex": null,
      "gross_margin": null,
      "op_margin": null,
      "fcf_margin": 0.9645978041676002,
      "rev_growth_yoy": -0.0057919358431721985,
      "rev_growth_yoy_accel": -0.2888898767090645,
      "op_leverage_ratio": 0.205894643813664,
      "fcf_margin_change": 0.0986666774541265
    },
    {
      "date": "2023-06-30T00:00:00",
      "quarter_label": "2023-06 (Q2)",
      "revenue": 30619000,
      "gross_profit": null,
      "operating_income": null,
      "net_income": 19804000,
      "opex": 10815000,
      "cogs": null,
      "rd": null,
      "sga": null,
      "fcf": 29336000,
      "ocf": 29336000,
      "capex": null,
      "gross_margin": null,
      "op_margin": null,
      "fcf_margin": 0.958097913060518,
      "rev_growth_yoy": -0.35483259234286435,
      "rev_growth_yoy_accel": -0.3490406564996921,
      "fcf_margin_change": -0.006499891107082267
    },
    {
      "date": "2023-09-30T00:00:00",
      "quarter_label": "2023-09 (Q3)",
      "revenue": 42594000,
      "gross_profit": null,
      "operating_income": null,
      "net_income": 29463000,
      "opex": 13131000,
      "cogs": null,
      "rd": null,
      "sga": null,
      "fcf": 33845000,
      "ocf": 33845000,
      "capex": null,
      "gross_margin": null,
      "op_margin": null,
      "fcf_margin": 0.7945954829318683,
      "rev_growth_yoy": -0.033206981864402935,
      "rev_growth_yoy_accel": 0.3216256104784614,
      "op_leverage_ratio": 1.826301551392029,
      "fcf_margin_change": -0.16350243012864962
    },
    {
      "date": "2023-12-31T00:00:00",
      "quarter_label": "2023-12 (Q4)",
      "revenue": 50419000,
      "gross_profit": null,
      "operating_income": null,
      "net_income": 36780000,
      "opex": 13639000,
      "cogs": null,
      "rd": null,
      "sga": null,
      "fcf": 37916000,
      "ocf": 37916000,
      "capex": null,
      "gross_margin": null,
      "op_margin": null,
      "fcf_margin": 0.7520180884190484,
      "rev_growth_yoy": 0.2966849265745956,
      "rev_growth_yoy_accel": 0.3298919084389985,
      "op_leverage_ratio": 4.748648334632914,
      "fcf_margin_change": -0.042577394512819944
    },
    {
      "date": "2024-03-31T00:00:00",
      "quarter_label": "2024-03 (Q1)",
      "revenue": 30979000,
      "gross_profit": null,
      "operating_income": null,
      "net_income": 18167000,
      "opex": 12812000,
      "cogs": null,
      "rd": null,
      "sga": null,
      "fcf": 27967000,
      "ocf": 27967000,
      "capex": null,
      "gross_margin": null,
      "op_margin": null,
      "fcf_margin": 0.9027728461215663,
      "rev_growth_yoy": -0.22874498966813553,
      "rev_growth_yoy_accel": -0.5254299162427312,
      "fcf_margin_change": 0.1507547577025179
    },
    {
      "date": "2024-06-30T00:00:00",
      "quarter_label": "2024-06 (Q2)",
      "revenue": 37360000,
      "gross_profit": null,
      "operating_income": null,
      "net_income": 23628000,
      "opex": 13732000,
      "cogs": null,
      "rd": null,
      "sga": null,
      "fcf": 29421000,
      "ocf": 29421000,
      "capex": null,
      "gross_margin": null,
      "op_margin": null,
      "fcf_margin": 0.7875,
      "rev_growth_yoy": 0.22015741859629642,
      "rev_growth_yoy_accel": 0.44890240826443195,
      "op_leverage_ratio": 2.868470927711199,
      "fcf_margin_change": -0.1152728461215663
    },
    {
      "date": "2024-09-30T00:00:00",
      "quarter_label": "2024-09 (Q3)",
      "revenue": 53472000,
      "gross_profit": null,
      "operating_income": null,
      "net_income": 36413000,
      "opex": 17059000,
      "cogs": null,
      "rd": null,
      "sga": null,
      "fcf": 43719000,
      "ocf": 43719000,
      "capex": null,
      "gross_margin": null,
      "op_margin": null,
      "fcf_margin": 0.8176054757630161,
      "rev_growth_yoy": 0.2553880828285674,
      "rev_growth_yoy_accel": 0.035230664232270975,
      "op_leverage_ratio": 1.7800146616901877,
      "fcf_margin_change": 0.030105475763016143
    },
    {
      "date": "2024-12-31T00:00:00",
      "quarter_label": "2024-12 (Q4)",
      "revenue": 39712000,
      "gross_profit": null,
      "operating_income": null,
      "net_income": 14241000,
      "opex": 25471000,
      "cogs": null,
      "rd": null,
      "sga": null,
      "fcf": 31532000,
      "ocf": 31532000,
      "capex": null,
      "gross_margin": null,
      "op_margin": null,
      "fcf_margin": 0.794016921837228,
      "rev_growth_yoy": -0.212360419683056,
      "rev_growth_yoy_accel": -0.46774850251162337,
      "fcf_margin_change": -0.02358855392578807
    },
    {
      "date": "2025-03-31T00:00:00",
      "quarter_label": "2025-03 (Q1)",
      "revenue": 43164000,
      "gross_profit": null,
      "operating_income": null,
      "net_income": 17642000,
      "opex": 25522000,
      "cogs": null,
      "rd": null,
      "sga": null,
      "fcf": 33394000,
      "ocf": 33394000,
      "capex": null,
      "gross_margin": null,
      "op_margin": null,
      "fcf_margin": 0.7736539709016773,
      "rev_growth_yoy": 0.3933309661383518,
      "rev_growth_yoy_accel": 0.6056913858214078,
      "op_leverage_ratio": 43.41350468471031,
      "fcf_margin_change": -0.02036295093555074
    },
    {
      "date": "2025-06-30T00:00:00",
      "quarter_label": "2025-06 (Q2)",
      "revenue": 32395000,
      "gross_profit": null,
      "operating_income": null,
      "net_income": 12347000,
      "opex": 20048000,
      "cogs": null,
      "rd": null,
      "sga": null,
      "fcf": 30522000,
      "ocf": 30522000,
      "capex": null,
      "gross_margin": null,
      "op_margin": null,
      "fcf_margin": 0.9421824355610434,
      "rev_growth_yoy": -0.13289614561027838,
      "rev_growth_yoy_accel": -0.5262271117486301,
      "fcf_margin_change": 0.1685284646593661
    },
    {
      "date": "2025-09-30T00:00:00",
      "quarter_label": "2025-09 (Q3)",
      "revenue": 35416000,
      "gross_profit": null,
      "operating_income": null,
      "net_income": 11173000,
      "opex": 24243000,
      "cogs": null,
      "rd": null,
      "sga": null,
      "fcf": 34253000,
      "ocf": 34253000,
      "capex": null,
      "gross_margin": null,
      "op_margin": null,
      "fcf_margin": 0.9671617348091258,
      "rev_growth_yoy": -0.337672052663076,
      "rev_growth_yoy_accel": -0.2047759070527976,
      "op_leverage_ratio": 0.44566838751620946,
      "fcf_margin_change": 0.0249792992480824
    }
  ],
  "signals": [
    {
      "quarter": "2025-09 (Q3)",
      "signal": "YoY REVENUE GROWTH DECELERATION",
      "detail": "YoY growth: -33.8% vs prior quarter YoY: -13.3% (decel: -20.5%)",
      "severity": "WARNING"
    },
    {
      "quarter": "2025-06 (Q2)",
      "signal": "FCF MARGIN EXPANSION",
      "detail": "FCF margin: +77.4% -> +94.2% (+16.9%)",
      "severity": "MEDIUM"
    },
    {
      "quarter": "2025-06 (Q2)",
      "signal": "YoY REVENUE GROWTH DECELERATION",
      "detail": "YoY growth: -13.3% vs prior quarter YoY: +39.3% (decel: -52.6%)",
      "severity": "WARNING"
    },
    {
      "quarter": "2025-03 (Q1)",
      "signal": "OPERATING LEVERAGE",
      "detail": "Rev growth +8.7% vs OpEx growth +0.2% (leverage: 43.4x)",
      "severity": "MEDIUM"
    },
    {
      "quarter": "2025-03 (Q1)",
      "signal": "YoY REVENUE GROWTH ACCELERATION",
      "detail": "YoY growth: +39.3% vs prior quarter YoY: -21.2% (accel: +60.6%)",
      "severity": "HIGH"
    },
    {
      "quarter": "2024-12 (Q4)",
      "signal": "YoY REVENUE GROWTH DECELERATION",
      "detail": "YoY growth: -21.2% vs prior quarter YoY: +25.5% (decel: -46.8%)",
      "severity": "WARNING"
    },
    {
      "quarter": "2024-09 (Q3)",
      "signal": "OPERATING LEVERAGE",
      "detail": "Rev growth +43.1% vs OpEx growth +24.2% (leverage: 1.8x)",
      "severity": "MEDIUM"
    },
    {
      "quarter": "2024-06 (Q2)",
      "signal": "OPERATING LEVERAGE",
      "detail": "Rev growth +20.6% vs OpEx growth +7.2% (leverage: 2.9x)",
      "severity": "MEDIUM"
    },
    {
      "quarter": "2024-06 (Q2)",
      "signal": "YoY REVENUE GROWTH ACCELERATION",
      "detail": "YoY growth: +22.0% vs prior quarter YoY: -22.9% (accel: +44.9%)",
      "severity": "HIGH"
    },
    {
      "quarter": "2024-03 (Q1)",
      "signal": "FCF MARGIN EXPANSION",
      "detail": "FCF margin: +75.2% -> +90.3% (+15.1%)",
      "severity": "MEDIUM"
    },
    {
      "quarter": "2024-03 (Q1)",
      "signal": "YoY REVENUE GROWTH DECELERATION",
      "detail": "YoY growth: -22.9% vs prior quarter YoY: +29.7% (decel: -52.5%)",
      "severity": "WARNING"
    },
    {
      "quarter": "2023-12 (Q4)",
      "signal": "OPERATING LEVERAGE",
      "detail": "Rev growth +18.4% vs OpEx growth +3.9% (leverage: 4.7x)",
      "severity": "MEDIUM"
    },
    {
      "quarter": "2023-12 (Q4)",
      "signal": "YoY REVENUE GROWTH ACCELERATION",
      "detail": "YoY growth: +29.7% vs prior quarter YoY: -3.3% (accel: +33.0%)",
      "severity": "HIGH"
    },
    {
      "quarter": "2023-09 (Q3)",
      "signal": "OPERATING LEVERAGE",
      "detail": "Rev growth +39.1% vs OpEx growth +21.4% (leverage: 1.8x)",
      "severity": "MEDIUM"
    },
    {
      "quarter": "2023-09 (Q3)",
      "signal": "YoY REVENUE GROWTH ACCELERATION",
      "detail": "YoY growth: -3.3% vs prior quarter YoY: -35.5% (accel: +32.2%)",
      "severity": "HIGH"
    },
    {
      "quarter": "2023-06 (Q2)",
      "signal": "YoY REVENUE GROWTH DECELERATION",
      "detail": "YoY growth: -35.5% vs prior quarter YoY: -0.6% (decel: -34.9%)",
      "severity": "WARNING"
    },
    {
      "quarter": "2023-03 (Q1)",
      "signal": "FCF MARGIN EXPANSION",
      "detail": "FCF margin: +86.6% -> +96.5% (+9.9%)",
      "severity": "MEDIUM"
    },
    {
      "quarter": "2023-03 (Q1)",
      "signal": "YoY REVENUE GROWTH DECELERATION",
      "detail": "YoY growth: -0.6% vs prior quarter YoY: +28.3% (decel: -28.9%)",
      "severity": "WARNING"
    },
    {
      "quarter": "2022-12 (Q4)",
      "signal": "YoY REVENUE GROWTH DECELERATION",
      "detail": "YoY growth: +28.3% vs prior quarter YoY: +83.8% (decel: -55.5%)",
      "severity": "WARNING"
    },
    {
      "quarter": "2022-09 (Q3)",
      "signal": "FCF MARGIN EXPANSION",
      "detail": "FCF margin: +82.2% -> +104.3% (+22.0%)",
      "severity": "MEDIUM"
    },
    {
      "quarter": "2022-09 (Q3)",
      "signal": "YoY REVENUE GROWTH DECELERATION",
      "detail": "YoY growth: +83.8% vs prior quarter YoY: +122.2% (decel: -38.4%)",
      "severity": "WARNING"
    },
    {
      "quarter": "2022-06 (Q2)",
      "signal": "FCF MARGIN EXPANSION",
      "detail": "FCF margin: +70.3% -> +82.2% (+11.9%)",
      "severity": "MEDIUM"
    },
    {
      "quarter": "2022-06 (Q2)",
      "signal": "OPERATING LEVERAGE",
      "detail": "Rev growth +17.5% vs OpEx growth +3.7% (leverage: 4.8x)",
      "severity": "MEDIUM"
    },
    {
      "quarter": "2022-03 (Q1)",
      "signal": "YoY REVENUE GROWTH DECELERATION",
      "detail": "YoY growth: +127.1% vs prior quarter YoY: +150.2% (decel: -23.1%)",
      "severity": "WARNING"
    },
    {
      "quarter": "2021-12 (Q4)",
      "signal": "OPERATING LEVERAGE",
      "detail": "Rev growth +26.4% vs OpEx growth +9.0% (leverage: 2.9x)",
      "severity": "MEDIUM"
    },
    {
      "quarter": "2021-06 (Q2)",
      "signal": "FCF MARGIN EXPANSION",
      "detail": "FCF margin: +59.1% -> +82.9% (+23.8%)",
      "severity": "MEDIUM"
    },
    {
      "quarter": "2021-03 (Q1)",
      "signal": "OPERATING LEVERAGE",
      "detail": "Rev growth +46.9% vs OpEx growth +2.9% (leverage: 15.9x)",
      "severity": "MEDIUM"
    }
  ],
  "data_quality": {
    "n_quarters": 20,
    "coverage": {
      "revenue": [
        20,
        20
      ],
      "gross_profit": [
        0,
        20
      ],
      "op_income": [
        0,
        20
      ],
      "fcf": [
        20,
        20
      ]
    },
    "gaps": [],
    "warnings": [
      "gross_profit: no data",
      "op_income: no data"
    ]
  },
  "market_cap": null,
  "source": "SEC EDGAR",
  "last_updated": "2026-02-02T21:55:35.370314"
}