{
  "ticker": "DNA",
  "name": "GINKGO BIOWORKS HOLDINGS, INC.",
  "quarters": [
    {
      "date": "2020-12-31T00:00:00",
      "quarter_label": "2020-12 (Q4)",
      "revenue": 32058000,
      "gross_profit": null,
      "operating_income": -55888000,
      "net_income": -46924000,
      "opex": 87946000,
      "cogs": null,
      "rd": 61191000,
      "sga": null,
      "fcf": -78752000,
      "ocf": -59339000,
      "capex": -19413000,
      "gross_margin": null,
      "op_margin": -1.7433401958949404,
      "fcf_margin": -2.456547507642398
    },
    {
      "date": "2021-03-31T00:00:00",
      "quarter_label": "2021-03 (Q1)",
      "revenue": 44097000,
      "gross_profit": null,
      "operating_income": -295117,
      "net_income": 5761600,
      "opex": 101212000,
      "cogs": null,
      "rd": 59585000,
      "sga": null,
      "fcf": -70066000,
      "ocf": -48131000,
      "capex": -21935000,
      "gross_margin": null,
      "op_margin": -0.0066924507336099965,
      "fcf_margin": -1.5889062748032745,
      "op_leverage_ratio": 2.489602941231659,
      "fcf_margin_change": 0.8676412328391234
    },
    {
      "date": "2021-06-30T00:00:00",
      "quarter_label": "2021-06 (Q2)",
      "revenue": 43636000,
      "gross_profit": null,
      "operating_income": -5310980,
      "net_income": -106755145,
      "opex": 103581000,
      "cogs": null,
      "rd": 52031000,
      "sga": null,
      "fcf": -58945000,
      "ocf": -34911000,
      "capex": -24034000,
      "gross_margin": null,
      "op_margin": -0.12171097259143826,
      "fcf_margin": -1.3508341736181135,
      "fcf_margin_change": 0.23807210118516098
    },
    {
      "date": "2021-09-30T00:00:00",
      "quarter_label": "2021-09 (Q3)",
      "revenue": 77610000,
      "gross_profit": null,
      "operating_income": -26672000,
      "net_income": -101881000,
      "opex": 104282000,
      "cogs": null,
      "rd": 53021000,
      "sga": null,
      "fcf": -10673000,
      "ocf": -5235000,
      "capex": -5438000,
      "gross_margin": null,
      "op_margin": -0.3436670532147919,
      "fcf_margin": -0.13752093802345058,
      "op_leverage_ratio": 115.04396224818754,
      "fcf_margin_change": 1.213313235594663
    },
    {
      "date": "2021-12-31T00:00:00",
      "quarter_label": "2021-12 (Q4)",
      "revenue": 148494000,
      "gross_profit": null,
      "operating_income": -1684735000,
      "net_income": -1600656000,
      "opex": 1833229000,
      "cogs": null,
      "rd": 985025000,
      "sga": null,
      "fcf": -170655000,
      "ocf": -165541000,
      "capex": -5114000,
      "gross_margin": null,
      "op_margin": -11.345475238056757,
      "fcf_margin": -1.1492383530647703,
      "incr_op_margin_yoy": -13.989204369782541,
      "rev_growth_yoy": 3.632041924012727,
      "op_leverage_ratio": 0.0550881521527712,
      "fcf_margin_change": -1.0117174150413197
    },
    {
      "date": "2022-03-31T00:00:00",
      "quarter_label": "2022-03 (Q1)",
      "revenue": 168405000,
      "gross_profit": null,
      "operating_income": -674515000,
      "net_income": -590505000,
      "opex": 842920000,
      "cogs": null,
      "rd": 322720000,
      "sga": null,
      "fcf": -23478000,
      "ocf": -19898000,
      "capex": -3580000,
      "gross_margin": null,
      "op_margin": -4.005314569044862,
      "fcf_margin": -0.1394139128885722,
      "incr_op_margin_yoy": -5.423785138526885,
      "rev_growth_yoy": 2.818967276685489,
      "rev_growth_yoy_accel": -0.8130746473272379,
      "op_leverage_ratio": Infinity,
      "fcf_margin_change": 1.0098244401761982
    },
    {
      "date": "2022-06-30T00:00:00",
      "quarter_label": "2022-06 (Q2)",
      "revenue": 144618000,
      "gross_profit": null,
      "operating_income": -646908000,
      "net_income": -668825000,
      "opex": 791526000,
      "cogs": null,
      "rd": 289188000,
      "sga": null,
      "fcf": -108981000,
      "ocf": -99408000,
      "capex": -9573000,
      "gross_margin": null,
      "op_margin": -4.473219101356678,
      "fcf_margin": -0.7535783927311953,
      "incr_op_margin_yoy": -6.353578063417243,
      "rev_growth_yoy": 2.3141901182509854,
      "rev_growth_yoy_accel": -0.5047771584345035,
      "fcf_margin_change": -0.6141644798426231
    },
    {
      "date": "2022-09-30T00:00:00",
      "quarter_label": "2022-09 (Q3)",
      "revenue": 66398000,
      "gross_profit": null,
      "operating_income": -653021000,
      "net_income": -669055000,
      "opex": 719419000,
      "cogs": null,
      "rd": 259580000,
      "sga": null,
      "fcf": -41834000,
      "ocf": -28361000,
      "capex": -13473000,
      "gross_margin": null,
      "op_margin": -9.834949847886984,
      "fcf_margin": -0.6300490978643936,
      "incr_op_margin_yoy": 55.86416339636104,
      "rev_growth_yoy": -0.1444659193402912,
      "rev_growth_yoy_accel": -2.4586560375912767,
      "fcf_margin_change": 0.12352929486680175
    },
    {
      "date": "2022-12-31T00:00:00",
      "quarter_label": "2022-12 (Q4)",
      "revenue": 98285000,
      "gross_profit": null,
      "operating_income": -234508000,
      "net_income": -176544000,
      "opex": 332793000,
      "cogs": null,
      "rd": 181155000,
      "sga": null,
      "fcf": -130176000,
      "ocf": -104531000,
      "capex": -25645000,
      "gross_margin": null,
      "op_margin": -2.3859998982550747,
      "fcf_margin": -1.3244747418222516,
      "incr_op_margin_yoy": -28.883805692206575,
      "rev_growth_yoy": -0.3381214055786766,
      "rev_growth_yoy_accel": -0.19365548623838538,
      "op_leverage_ratio": Infinity,
      "fcf_margin_change": -0.694425643957858
    },
    {
      "date": "2023-03-31T00:00:00",
      "quarter_label": "2023-03 (Q1)",
      "revenue": 80702000,
      "gross_profit": null,
      "operating_income": -215745000,
      "net_income": -204969000,
      "opex": 296447000,
      "cogs": null,
      "rd": 162639000,
      "sga": null,
      "fcf": -110026000,
      "ocf": -90585000,
      "capex": -19441000,
      "gross_margin": null,
      "op_margin": -2.673353820227504,
      "fcf_margin": -1.3633615028128174,
      "incr_op_margin_yoy": -5.230949910493369,
      "rev_growth_yoy": -0.5207861999346812,
      "rev_growth_yoy_accel": -0.18266479435600463,
      "fcf_margin_change": -0.03888676099056587
    },
    {
      "date": "2023-06-30T00:00:00",
      "quarter_label": "2023-06 (Q2)",
      "revenue": 80568000,
      "gross_profit": null,
      "operating_income": -184151000,
      "net_income": -173315000,
      "opex": 264719000,
      "cogs": null,
      "rd": 144282000,
      "sga": null,
      "fcf": -87066000,
      "ocf": -73533000,
      "capex": -13533000,
      "gross_margin": null,
      "op_margin": -2.2856593188362626,
      "fcf_margin": -1.0806523681858802,
      "incr_op_margin_yoy": -7.224933645589383,
      "rev_growth_yoy": -0.44289092644069206,
      "rev_growth_yoy_accel": 0.07789527349398917,
      "fcf_margin_change": 0.28270913462693725
    },
    {
      "date": "2023-09-30T00:00:00",
      "quarter_label": "2023-09 (Q3)",
      "revenue": 55430000,
      "gross_profit": null,
      "operating_income": -286393000,
      "net_income": -302891000,
      "opex": 341823000,
      "cogs": null,
      "rd": 156662000,
      "sga": null,
      "fcf": -77932000,
      "ocf": -73551000,
      "capex": -4381000,
      "gross_margin": null,
      "op_margin": -5.166750856936677,
      "fcf_margin": -1.4059534548078658,
      "incr_op_margin_yoy": -33.427060539752006,
      "rev_growth_yoy": -0.16518569836440858,
      "rev_growth_yoy_accel": 0.2777052280762835,
      "fcf_margin_change": -0.32530108662198565
    },
    {
      "date": "2023-12-31T00:00:00",
      "quarter_label": "2023-12 (Q4)",
      "revenue": 34755000,
      "gross_profit": null,
      "operating_income": -178117000,
      "net_income": -211694000,
      "opex": 212872000,
      "cogs": null,
      "rd": 117038000,
      "sga": null,
      "fcf": -61277000,
      "ocf": -57831000,
      "capex": -3446000,
      "gross_margin": null,
      "op_margin": -5.124931664508704,
      "fcf_margin": -1.7631132211192635,
      "incr_op_margin_yoy": -0.8876278923343303,
      "rev_growth_yoy": -0.6463855115226128,
      "rev_growth_yoy_accel": -0.48119981315820426,
      "fcf_margin_change": -0.3571597663113977
    },
    {
      "date": "2024-03-31T00:00:00",
      "quarter_label": "2024-03 (Q1)",
      "revenue": 37944000,
      "gross_profit": null,
      "operating_income": -178002000,
      "net_income": null,
      "opex": 215946000,
      "cogs": null,
      "rd": 136457000,
      "sga": null,
      "fcf": -95969000,
      "ocf": -89259000,
      "capex": -6710000,
      "gross_margin": null,
      "op_margin": -4.6911764705882355,
      "fcf_margin": -2.529227282310774,
      "incr_op_margin_yoy": -0.8827120071097806,
      "rev_growth_yoy": -0.529825778791108,
      "rev_growth_yoy_accel": 0.11655973273150477,
      "op_leverage_ratio": 6.354068665620773,
      "fcf_margin_change": -0.7661140611915105
    },
    {
      "date": "2024-06-30T00:00:00",
      "quarter_label": "2024-06 (Q2)",
      "revenue": 56206000,
      "gross_profit": null,
      "operating_income": -222945000,
      "net_income": -217181000,
      "opex": 279151000,
      "cogs": null,
      "rd": 134221000,
      "sga": null,
      "fcf": -111422000,
      "ocf": -84390000,
      "capex": -27032000,
      "gross_margin": null,
      "op_margin": -3.9665694054015583,
      "fcf_margin": -1.9823862221115183,
      "incr_op_margin_yoy": 1.5923979968803874,
      "rev_growth_yoy": -0.30237811538079634,
      "rev_growth_yoy_accel": 0.2274476634103117,
      "op_leverage_ratio": 1.6443677668836698,
      "fcf_margin_change": 0.5468410601992557
    },
    {
      "date": "2024-09-30T00:00:00",
      "quarter_label": "2024-09 (Q3)",
      "revenue": 89046000,
      "gross_profit": null,
      "operating_income": -55204000,
      "net_income": -56403000,
      "opex": 144250000,
      "cogs": null,
      "rd": 77006000,
      "sga": null,
      "fcf": -118590000,
      "ocf": -103501000,
      "capex": -15089000,
      "gross_margin": null,
      "op_margin": -0.619949239718797,
      "fcf_margin": -1.3317835725355434,
      "incr_op_margin_yoy": 6.877350071394574,
      "rev_growth_yoy": 0.6064585964279271,
      "rev_growth_yoy_accel": 0.9088367118087235,
      "op_leverage_ratio": Infinity,
      "fcf_margin_change": 0.6506026495759749
    },
    {
      "date": "2024-12-31T00:00:00",
      "quarter_label": "2024-12 (Q4)",
      "revenue": 43847000,
      "gross_profit": null,
      "operating_income": -103606000,
      "net_income": -107534000,
      "opex": 147453000,
      "cogs": null,
      "rd": 76377000,
      "sga": null,
      "fcf": -56145000,
      "ocf": -42435000,
      "capex": -13710000,
      "gross_margin": null,
      "op_margin": -2.362898259858143,
      "fcf_margin": -1.2804752890733688,
      "incr_op_margin_yoy": 8.195226572811263,
      "rev_growth_yoy": 0.2616026471011365,
      "rev_growth_yoy_accel": -0.3448559493267906,
      "fcf_margin_change": 0.05130828346217453
    },
    {
      "date": "2025-03-31T00:00:00",
      "quarter_label": "2025-03 (Q1)",
      "revenue": 48318000,
      "gross_profit": null,
      "operating_income": -88968000,
      "net_income": null,
      "opex": 137286000,
      "cogs": null,
      "rd": 70923000,
      "sga": null,
      "fcf": -59143000,
      "ocf": -51521000,
      "capex": -7622000,
      "gross_margin": null,
      "op_margin": -1.8413013783683099,
      "fcf_margin": -1.2240365909184983,
      "incr_op_margin_yoy": 8.582417582417582,
      "rev_growth_yoy": 0.2734029095509171,
      "rev_growth_yoy_accel": 0.011800262449780607,
      "op_leverage_ratio": Infinity,
      "fcf_margin_change": 0.05643869815487057
    },
    {
      "date": "2025-06-30T00:00:00",
      "quarter_label": "2025-06 (Q2)",
      "revenue": 49604000,
      "gross_profit": null,
      "operating_income": -65541000,
      "net_income": null,
      "opex": 115145000,
      "cogs": null,
      "rd": 53370000,
      "sga": null,
      "fcf": -40292000,
      "ocf": -40254000,
      "capex": -38000,
      "gross_margin": null,
      "op_margin": -1.3212845738246917,
      "fcf_margin": -0.8122732037738892,
      "incr_op_margin_yoy": -23.84186610118146,
      "rev_growth_yoy": -0.11746076931288474,
      "rev_growth_yoy_accel": -0.39086367886380186,
      "op_leverage_ratio": Infinity,
      "fcf_margin_change": 0.411763387144609
    },
    {
      "date": "2025-09-30T00:00:00",
      "quarter_label": "2025-09 (Q3)",
      "revenue": 38837000,
      "gross_profit": null,
      "operating_income": -90017000,
      "net_income": -80755000,
      "opex": 128854000,
      "cogs": null,
      "rd": 69353000,
      "sga": null,
      "fcf": -31606000,
      "ocf": -31606000,
      "capex": null,
      "gross_margin": null,
      "op_margin": -2.317815485233154,
      "fcf_margin": -0.8138115714396066,
      "incr_op_margin_yoy": 0.6933617478938039,
      "rev_growth_yoy": -0.5638546369292275,
      "rev_growth_yoy_accel": -0.4463938676163428,
      "fcf_margin_change": -0.001538367665717355
    }
  ],
  "signals": [
    {
      "quarter": "2025-09 (Q3)",
      "signal": "YoY REVENUE GROWTH DECELERATION",
      "detail": "YoY growth: -56.4% vs prior quarter YoY: -11.7% (decel: -44.6%)",
      "severity": "WARNING"
    },
    {
      "quarter": "2025-06 (Q2)",
      "signal": "FCF MARGIN EXPANSION",
      "detail": "FCF margin: -122.4% -> -81.2% (+41.2%)",
      "severity": "MEDIUM"
    },
    {
      "quarter": "2025-06 (Q2)",
      "signal": "YoY REVENUE GROWTH DECELERATION",
      "detail": "YoY growth: -11.7% vs prior quarter YoY: +27.3% (decel: -39.1%)",
      "severity": "WARNING"
    },
    {
      "quarter": "2025-03 (Q1)",
      "signal": "FCF MARGIN EXPANSION",
      "detail": "FCF margin: -128.0% -> -122.4% (+5.6%)",
      "severity": "MEDIUM"
    },
    {
      "quarter": "2024-12 (Q4)",
      "signal": "FCF MARGIN EXPANSION",
      "detail": "FCF margin: -133.2% -> -128.0% (+5.1%)",
      "severity": "MEDIUM"
    },
    {
      "quarter": "2024-12 (Q4)",
      "signal": "YoY REVENUE GROWTH DECELERATION",
      "detail": "YoY growth: +26.2% vs prior quarter YoY: +60.6% (decel: -34.5%)",
      "severity": "WARNING"
    },
    {
      "quarter": "2024-09 (Q3)",
      "signal": "FCF MARGIN EXPANSION",
      "detail": "FCF margin: -198.2% -> -133.2% (+65.1%)",
      "severity": "MEDIUM"
    },
    {
      "quarter": "2024-09 (Q3)",
      "signal": "YoY REVENUE GROWTH ACCELERATION",
      "detail": "YoY growth: +60.6% vs prior quarter YoY: -30.2% (accel: +90.9%)",
      "severity": "HIGH"
    },
    {
      "quarter": "2024-06 (Q2)",
      "signal": "FCF MARGIN EXPANSION",
      "detail": "FCF margin: -252.9% -> -198.2% (+54.7%)",
      "severity": "MEDIUM"
    },
    {
      "quarter": "2024-06 (Q2)",
      "signal": "OPERATING LEVERAGE",
      "detail": "Rev growth +48.1% vs OpEx growth +29.3% (leverage: 1.6x)",
      "severity": "MEDIUM"
    },
    {
      "quarter": "2024-06 (Q2)",
      "signal": "YoY REVENUE GROWTH ACCELERATION",
      "detail": "YoY growth: -30.2% vs prior quarter YoY: -53.0% (accel: +22.7%)",
      "severity": "HIGH"
    },
    {
      "quarter": "2024-03 (Q1)",
      "signal": "OPERATING LEVERAGE",
      "detail": "Rev growth +9.2% vs OpEx growth +1.4% (leverage: 6.4x)",
      "severity": "MEDIUM"
    },
    {
      "quarter": "2024-03 (Q1)",
      "signal": "YoY REVENUE GROWTH ACCELERATION",
      "detail": "YoY growth: -53.0% vs prior quarter YoY: -64.6% (accel: +11.7%)",
      "severity": "MEDIUM"
    },
    {
      "quarter": "2023-12 (Q4)",
      "signal": "YoY REVENUE GROWTH DECELERATION",
      "detail": "YoY growth: -64.6% vs prior quarter YoY: -16.5% (decel: -48.1%)",
      "severity": "WARNING"
    },
    {
      "quarter": "2023-09 (Q3)",
      "signal": "YoY REVENUE GROWTH ACCELERATION",
      "detail": "YoY growth: -16.5% vs prior quarter YoY: -44.3% (accel: +27.8%)",
      "severity": "HIGH"
    },
    {
      "quarter": "2023-06 (Q2)",
      "signal": "FCF MARGIN EXPANSION",
      "detail": "FCF margin: -136.3% -> -108.1% (+28.3%)",
      "severity": "MEDIUM"
    },
    {
      "quarter": "2023-06 (Q2)",
      "signal": "YoY REVENUE GROWTH ACCELERATION",
      "detail": "YoY growth: -44.3% vs prior quarter YoY: -52.1% (accel: +7.8%)",
      "severity": "MEDIUM"
    },
    {
      "quarter": "2023-03 (Q1)",
      "signal": "YoY REVENUE GROWTH DECELERATION",
      "detail": "YoY growth: -52.1% vs prior quarter YoY: -33.8% (decel: -18.3%)",
      "severity": "WARNING"
    },
    {
      "quarter": "2022-12 (Q4)",
      "signal": "YoY REVENUE GROWTH DECELERATION",
      "detail": "YoY growth: -33.8% vs prior quarter YoY: -14.4% (decel: -19.4%)",
      "severity": "WARNING"
    },
    {
      "quarter": "2022-09 (Q3)",
      "signal": "FCF MARGIN EXPANSION",
      "detail": "FCF margin: -75.4% -> -63.0% (+12.4%)",
      "severity": "MEDIUM"
    },
    {
      "quarter": "2022-09 (Q3)",
      "signal": "YoY REVENUE GROWTH DECELERATION",
      "detail": "YoY growth: -14.4% vs prior quarter YoY: +231.4% (decel: -245.9%)",
      "severity": "WARNING"
    },
    {
      "quarter": "2022-06 (Q2)",
      "signal": "YoY REVENUE GROWTH DECELERATION",
      "detail": "YoY growth: +231.4% vs prior quarter YoY: +281.9% (decel: -50.5%)",
      "severity": "WARNING"
    },
    {
      "quarter": "2022-03 (Q1)",
      "signal": "FCF MARGIN EXPANSION",
      "detail": "FCF margin: -114.9% -> -13.9% (+101.0%)",
      "severity": "MEDIUM"
    },
    {
      "quarter": "2022-03 (Q1)",
      "signal": "YoY REVENUE GROWTH DECELERATION",
      "detail": "YoY growth: +281.9% vs prior quarter YoY: +363.2% (decel: -81.3%)",
      "severity": "WARNING"
    },
    {
      "quarter": "2021-09 (Q3)",
      "signal": "FCF MARGIN EXPANSION",
      "detail": "FCF margin: -135.1% -> -13.8% (+121.3%)",
      "severity": "MEDIUM"
    },
    {
      "quarter": "2021-09 (Q3)",
      "signal": "OPERATING LEVERAGE",
      "detail": "Rev growth +77.9% vs OpEx growth +0.7% (leverage: 115.0x)",
      "severity": "MEDIUM"
    },
    {
      "quarter": "2021-06 (Q2)",
      "signal": "FCF MARGIN EXPANSION",
      "detail": "FCF margin: -158.9% -> -135.1% (+23.8%)",
      "severity": "MEDIUM"
    },
    {
      "quarter": "2021-03 (Q1)",
      "signal": "FCF MARGIN EXPANSION",
      "detail": "FCF margin: -245.7% -> -158.9% (+86.8%)",
      "severity": "MEDIUM"
    },
    {
      "quarter": "2021-03 (Q1)",
      "signal": "OPERATING LEVERAGE",
      "detail": "Rev growth +37.6% vs OpEx growth +15.1% (leverage: 2.5x)",
      "severity": "MEDIUM"
    }
  ],
  "data_quality": {
    "n_quarters": 20,
    "coverage": {
      "revenue": [
        20,
        20
      ],
      "gross_profit": [
        0,
        20
      ],
      "op_income": [
        20,
        20
      ],
      "fcf": [
        20,
        20
      ]
    },
    "gaps": [],
    "warnings": [
      "gross_profit: no data"
    ]
  },
  "market_cap": null,
  "source": "SEC EDGAR",
  "last_updated": "2026-02-02T22:19:34.065118"
}