{
  "ticker": "DNUT",
  "name": "Krispy Kreme, Inc.",
  "quarters": [
    {
      "date": "2021-01-03T00:00:00",
      "quarter_label": "2021-01 (Q1)",
      "revenue": 325615000,
      "gross_profit": null,
      "operating_income": 318000,
      "net_income": -25304000,
      "opex": null,
      "cogs": null,
      "rd": null,
      "sga": 53227000,
      "fcf": -30466000,
      "ocf": -2077000,
      "capex": -28389000,
      "gross_margin": null,
      "op_margin": 0.0009766134852509866,
      "fcf_margin": -0.09356448566558666
    },
    {
      "date": "2021-04-04T00:00:00",
      "quarter_label": "2021-04 (Q2)",
      "revenue": 321809000,
      "gross_profit": null,
      "operating_income": 13680000,
      "net_income": -3061000,
      "opex": null,
      "cogs": null,
      "rd": null,
      "sga": 49537000,
      "fcf": 10344000,
      "ocf": 40641000,
      "capex": -30297000,
      "gross_margin": null,
      "op_margin": 0.04250968742328524,
      "fcf_margin": 0.0321432899639227,
      "fcf_margin_change": 0.12570777562950936
    },
    {
      "date": "2021-07-04T00:00:00",
      "quarter_label": "2021-07 (Q3)",
      "revenue": 349186000,
      "gross_profit": null,
      "operating_income": 9125000,
      "net_income": -17142000,
      "opex": null,
      "cogs": null,
      "rd": null,
      "sga": 60930000,
      "fcf": -6341000,
      "ocf": 16204000,
      "capex": -22545000,
      "gross_margin": null,
      "op_margin": 0.026132204613014267,
      "fcf_margin": -0.018159376378205312,
      "fcf_margin_change": -0.05030266634212801
    },
    {
      "date": "2021-10-03T00:00:00",
      "quarter_label": "2021-10 (Q4)",
      "revenue": 342799000,
      "gross_profit": null,
      "operating_income": 1824000,
      "net_income": -5659000,
      "opex": null,
      "cogs": null,
      "rd": null,
      "sga": 52950000,
      "fcf": 11300000,
      "ocf": 41943000,
      "capex": -30643000,
      "gross_margin": null,
      "op_margin": 0.00532090233635454,
      "fcf_margin": 0.03296392346535433,
      "fcf_margin_change": 0.05112329984355964
    },
    {
      "date": "2022-01-02T00:00:00",
      "quarter_label": "2022-01 (Q1)",
      "revenue": 370597000,
      "gross_profit": null,
      "operating_income": 16473000,
      "net_income": 1356000,
      "opex": null,
      "cogs": null,
      "rd": null,
      "sga": 58977000,
      "fcf": 6424000,
      "ocf": 42436000,
      "capex": -36012000,
      "gross_margin": null,
      "op_margin": 0.044449901105513535,
      "fcf_margin": 0.017334193207176527,
      "incr_op_margin_yoy": 0.3591436574629852,
      "rev_growth_yoy": 0.13814474148918202,
      "fcf_margin_change": -0.015629730258177803
    },
    {
      "date": "2022-04-03T00:00:00",
      "quarter_label": "2022-04 (Q2)",
      "revenue": 372532000,
      "gross_profit": null,
      "operating_income": 17288000,
      "net_income": 4002000,
      "opex": null,
      "cogs": null,
      "rd": null,
      "sga": 53711000,
      "fcf": -1069000,
      "ocf": 28391000,
      "capex": -29460000,
      "gross_margin": null,
      "op_margin": 0.046406751634758894,
      "fcf_margin": -0.0028695521458559263,
      "incr_op_margin_yoy": 0.07113143938647162,
      "rev_growth_yoy": 0.1576183388283112,
      "rev_growth_yoy_accel": 0.01947359733912918,
      "fcf_margin_change": -0.020203745353032453
    },
    {
      "date": "2022-07-03T00:00:00",
      "quarter_label": "2022-07 (Q3)",
      "revenue": 375245000,
      "gross_profit": null,
      "operating_income": 7508000,
      "net_income": -3849000,
      "opex": null,
      "cogs": null,
      "rd": null,
      "sga": 51754000,
      "fcf": 3532000,
      "ocf": 25532000,
      "capex": -22000000,
      "gross_margin": null,
      "op_margin": 0.020008261269304054,
      "fcf_margin": 0.009412517155458433,
      "incr_op_margin_yoy": -0.06205149852258337,
      "rev_growth_yoy": 0.07462784876827823,
      "rev_growth_yoy_accel": -0.08299049006003296,
      "fcf_margin_change": 0.012282069301314359
    },
    {
      "date": "2022-10-02T00:00:00",
      "quarter_label": "2022-10 (Q4)",
      "revenue": 377522000,
      "gross_profit": null,
      "operating_income": -1027000,
      "net_income": -13056000,
      "opex": null,
      "cogs": null,
      "rd": null,
      "sga": 54801000,
      "fcf": -6735000,
      "ocf": 16807000,
      "capex": -23542000,
      "gross_margin": null,
      "op_margin": -0.002720371263131685,
      "fcf_margin": -0.017840019919368937,
      "incr_op_margin_yoy": -0.08210696080407799,
      "rev_growth_yoy": 0.1012925942024335,
      "rev_growth_yoy_accel": 0.02666474543415527,
      "fcf_margin_change": -0.02725253707482737
    },
    {
      "date": "2023-01-01T00:00:00",
      "quarter_label": "2023-01 (Q1)",
      "revenue": 404599000,
      "gross_profit": null,
      "operating_income": 5206000,
      "net_income": -2719000,
      "opex": null,
      "cogs": null,
      "rd": null,
      "sga": 62932000,
      "fcf": 32373000,
      "ocf": 69088000,
      "capex": -36715000,
      "gross_margin": null,
      "op_margin": 0.012867060966537239,
      "fcf_margin": 0.08001255564151172,
      "incr_op_margin_yoy": -0.33136286100817597,
      "rev_growth_yoy": 0.09174925862864514,
      "rev_growth_yoy_accel": -0.009543335573788364,
      "fcf_margin_change": 0.09785257556088066
    },
    {
      "date": "2023-04-02T00:00:00",
      "quarter_label": "2023-04 (Q2)",
      "revenue": 418950000,
      "gross_profit": null,
      "operating_income": 14948000,
      "net_income": -301000,
      "opex": null,
      "cogs": null,
      "rd": null,
      "sga": 61468000,
      "fcf": -16188000,
      "ocf": 10365000,
      "capex": -26553000,
      "gross_margin": null,
      "op_margin": 0.0356796753789235,
      "fcf_margin": -0.038639455782312926,
      "incr_op_margin_yoy": -0.050411478305829635,
      "rev_growth_yoy": 0.1246013765260434,
      "rev_growth_yoy_accel": 0.03285211789739827,
      "fcf_margin_change": -0.11865201142382464
    },
    {
      "date": "2023-07-02T00:00:00",
      "quarter_label": "2023-07 (Q3)",
      "revenue": 408882000,
      "gross_profit": null,
      "operating_income": 5645000,
      "net_income": 223000,
      "opex": null,
      "cogs": null,
      "rd": null,
      "sga": 62582000,
      "fcf": 8151000,
      "ocf": 35888000,
      "capex": -27737000,
      "gross_margin": null,
      "op_margin": 0.013805939121800422,
      "fcf_margin": 0.019934846728395968,
      "incr_op_margin_yoy": -0.055385438653863306,
      "rev_growth_yoy": 0.08964010180015723,
      "rev_growth_yoy_accel": -0.03496127472588617,
      "fcf_margin_change": 0.058574302510708894
    },
    {
      "date": "2023-10-01T00:00:00",
      "quarter_label": "2023-10 (Q4)",
      "revenue": 407367000,
      "gross_profit": null,
      "operating_income": -2113000,
      "net_income": -40457000,
      "opex": null,
      "cogs": null,
      "rd": null,
      "sga": 68305000,
      "fcf": -36536000,
      "ocf": -2221000,
      "capex": -34315000,
      "gross_margin": null,
      "op_margin": -0.0051869689984706665,
      "fcf_margin": -0.08968816816286052,
      "incr_op_margin_yoy": -0.036388004690902996,
      "rev_growth_yoy": 0.07905499547046264,
      "rev_growth_yoy_accel": -0.010585106329694588,
      "fcf_margin_change": -0.10962301489125648
    },
    {
      "date": "2023-12-31T00:00:00",
      "quarter_label": "2023-12 (Q4)",
      "revenue": 450905000,
      "gross_profit": null,
      "operating_income": -5335000,
      "net_income": 2610000,
      "opex": null,
      "cogs": null,
      "rd": null,
      "sga": 74508000,
      "fcf": -31310000,
      "ocf": 1512000,
      "capex": -32822000,
      "gross_margin": null,
      "op_margin": -0.011831760570408401,
      "fcf_margin": -0.06943812998303411,
      "incr_op_margin_yoy": -0.22763788709886407,
      "rev_growth_yoy": 0.11444912122867333,
      "rev_growth_yoy_accel": 0.03539412575821069,
      "fcf_margin_change": 0.020250038179826402
    },
    {
      "date": "2024-03-31T00:00:00",
      "quarter_label": "2024-03 (Q1)",
      "revenue": 442698000,
      "gross_profit": null,
      "operating_income": 11908000,
      "net_income": -8534000,
      "opex": null,
      "cogs": null,
      "rd": null,
      "sga": 71574000,
      "fcf": -46769000,
      "ocf": -17705000,
      "capex": -29064000,
      "gross_margin": null,
      "op_margin": 0.026898698435502306,
      "fcf_margin": -0.10564538353459921,
      "incr_op_margin_yoy": -0.1280107798551457,
      "rev_growth_yoy": 0.05668456856426781,
      "rev_growth_yoy_accel": -0.05776455266440552,
      "fcf_margin_change": -0.036207253551565094
    },
    {
      "date": "2024-06-30T00:00:00",
      "quarter_label": "2024-06 (Q2)",
      "revenue": 438809000,
      "gross_profit": null,
      "operating_income": 6859000,
      "net_income": -5491000,
      "opex": null,
      "cogs": null,
      "rd": null,
      "sga": 64466000,
      "fcf": 1559000,
      "ocf": 33230000,
      "capex": -31671000,
      "gross_margin": null,
      "op_margin": 0.015630946493804823,
      "fcf_margin": 0.0035527985980232856,
      "incr_op_margin_yoy": 0.04056537574765262,
      "rev_growth_yoy": 0.07319226573925974,
      "rev_growth_yoy_accel": 0.016507697174991932,
      "fcf_margin_change": 0.10919818213262249
    },
    {
      "date": "2024-09-29T00:00:00",
      "quarter_label": "2024-09 (Q3)",
      "revenue": 379867000,
      "gross_profit": null,
      "operating_income": -16004000,
      "net_income": 39563000,
      "opex": null,
      "cogs": null,
      "rd": null,
      "sga": 71110000,
      "fcf": -22880000,
      "ocf": 3262000,
      "capex": -26142000,
      "gross_margin": null,
      "op_margin": -0.04213053516099056,
      "fcf_margin": -0.0602316073783719,
      "incr_op_margin_yoy": 0.5051272727272728,
      "rev_growth_yoy": -0.06750669543679287,
      "rev_growth_yoy_accel": -0.14069896117605263,
      "fcf_margin_change": -0.06378440597639519
    },
    {
      "date": "2024-12-29T00:00:00",
      "quarter_label": "2024-12 (Q4)",
      "revenue": 404023000,
      "gross_profit": null,
      "operating_income": -11498000,
      "net_income": -22443000,
      "opex": null,
      "cogs": null,
      "rd": null,
      "sga": 67153000,
      "fcf": -6870000,
      "ocf": 27045000,
      "capex": -33915000,
      "gross_margin": null,
      "op_margin": -0.028458775861770244,
      "fcf_margin": -0.017003982446543886,
      "incr_op_margin_yoy": 0.13145770231645407,
      "rev_growth_yoy": -0.10397312072387753,
      "rev_growth_yoy_accel": -0.03646642528708466,
      "fcf_margin_change": 0.04322762493182802
    },
    {
      "date": "2025-03-30T00:00:00",
      "quarter_label": "2025-03 (Q1)",
      "revenue": 375184000,
      "gross_profit": null,
      "operating_income": -20269000,
      "net_income": -33284000,
      "opex": null,
      "cogs": null,
      "rd": null,
      "sga": 59405000,
      "fcf": -46731000,
      "ocf": -20834000,
      "capex": -25897000,
      "gross_margin": null,
      "op_margin": -0.05402415881274255,
      "fcf_margin": -0.12455488506972578,
      "incr_op_margin_yoy": 0.47659744645554997,
      "rev_growth_yoy": -0.1525057714288296,
      "rev_growth_yoy_accel": -0.048532650704952066,
      "fcf_margin_change": -0.1075509026231819
    },
    {
      "date": "2025-06-29T00:00:00",
      "quarter_label": "2025-06 (Q2)",
      "revenue": 379767000,
      "gross_profit": null,
      "operating_income": -434551000,
      "net_income": -435260000,
      "opex": null,
      "cogs": null,
      "rd": null,
      "sga": 62920000,
      "fcf": -60752000,
      "ocf": -32543000,
      "capex": -28209000,
      "gross_margin": null,
      "op_margin": -1.1442568732933616,
      "fcf_margin": -0.15997177216556469,
      "incr_op_margin_yoy": 7.476203380644287,
      "rev_growth_yoy": -0.13455056755900632,
      "rev_growth_yoy_accel": 0.017955203869823272,
      "fcf_margin_change": -0.0354168870958389
    },
    {
      "date": "2025-09-28T00:00:00",
      "quarter_label": "2025-09 (Q3)",
      "revenue": 375298000,
      "gross_profit": null,
      "operating_income": -7180000,
      "net_income": -19444000,
      "opex": null,
      "cogs": null,
      "rd": null,
      "sga": 49393000,
      "fcf": 15544000,
      "ocf": 42282000,
      "capex": -26738000,
      "gross_margin": null,
      "op_margin": -0.01913146353031458,
      "fcf_margin": 0.041417753358664315,
      "incr_op_margin_yoy": -1.931275990369884,
      "rev_growth_yoy": -0.012027893973417011,
      "rev_growth_yoy_accel": 0.12252267358558931,
      "fcf_margin_change": 0.201389525524229
    }
  ],
  "signals": [
    {
      "quarter": "2025-09 (Q3)",
      "signal": "FCF TURNED POSITIVE",
      "detail": "FCF margin: -16.0% -> +4.1%",
      "severity": "HIGH"
    },
    {
      "quarter": "2025-09 (Q3)",
      "signal": "YoY REVENUE GROWTH ACCELERATION",
      "detail": "YoY growth: -1.2% vs prior quarter YoY: -13.5% (accel: +12.3%)",
      "severity": "MEDIUM"
    },
    {
      "quarter": "2024-09 (Q3)",
      "signal": "YoY REVENUE GROWTH DECELERATION",
      "detail": "YoY growth: -6.8% vs prior quarter YoY: +7.3% (decel: -14.1%)",
      "severity": "WARNING"
    },
    {
      "quarter": "2024-06 (Q2)",
      "signal": "FCF TURNED POSITIVE",
      "detail": "FCF margin: -10.6% -> +0.4%",
      "severity": "HIGH"
    },
    {
      "quarter": "2024-03 (Q1)",
      "signal": "YoY REVENUE GROWTH DECELERATION",
      "detail": "YoY growth: +5.7% vs prior quarter YoY: +11.4% (decel: -5.8%)",
      "severity": "WARNING"
    },
    {
      "quarter": "2024-03 (Q1)",
      "signal": "OP MARGIN TURNED POSITIVE (QoQ)",
      "detail": "Op margin: -1.2% -> +2.7%",
      "severity": "HIGH"
    },
    {
      "quarter": "2023-07 (Q3)",
      "signal": "FCF TURNED POSITIVE",
      "detail": "FCF margin: -3.9% -> +2.0%",
      "severity": "HIGH"
    },
    {
      "quarter": "2023-01 (Q1)",
      "signal": "FCF TURNED POSITIVE",
      "detail": "FCF margin: -1.8% -> +8.0%",
      "severity": "HIGH"
    },
    {
      "quarter": "2023-01 (Q1)",
      "signal": "OP MARGIN TURNED POSITIVE (QoQ)",
      "detail": "Op margin: -0.3% -> +1.3%",
      "severity": "HIGH"
    },
    {
      "quarter": "2022-07 (Q3)",
      "signal": "FCF TURNED POSITIVE",
      "detail": "FCF margin: -0.3% -> +0.9%",
      "severity": "HIGH"
    },
    {
      "quarter": "2022-07 (Q3)",
      "signal": "YoY REVENUE GROWTH DECELERATION",
      "detail": "YoY growth: +7.5% vs prior quarter YoY: +15.8% (decel: -8.3%)",
      "severity": "WARNING"
    },
    {
      "quarter": "2022-01 (Q1)",
      "signal": "INCREMENTAL MARGIN (YoY)",
      "detail": "YoY Incr OPM: +35.9% vs year-ago OPM: +0.1%",
      "severity": "HIGH"
    },
    {
      "quarter": "2021-10 (Q4)",
      "signal": "FCF TURNED POSITIVE",
      "detail": "FCF margin: -1.8% -> +3.3%",
      "severity": "HIGH"
    },
    {
      "quarter": "2021-04 (Q2)",
      "signal": "FCF TURNED POSITIVE",
      "detail": "FCF margin: -9.4% -> +3.2%",
      "severity": "HIGH"
    }
  ],
  "data_quality": {
    "n_quarters": 20,
    "coverage": {
      "revenue": [
        20,
        20
      ],
      "gross_profit": [
        0,
        20
      ],
      "op_income": [
        20,
        20
      ],
      "fcf": [
        20,
        20
      ]
    },
    "gaps": [],
    "warnings": [
      "gross_profit: no data"
    ]
  },
  "market_cap": null,
  "source": "SEC EDGAR",
  "last_updated": "2026-02-02T22:20:05.683234",
  "sector": "Consumer Defensive",
  "industry": "Grocery Stores"
}