{
  "ticker": "DOC",
  "name": "Healthpeak Properties, Inc.",
  "quarters": [
    {
      "date": "2020-12-31T00:00:00",
      "quarter_label": "2020-12 (Q4)",
      "revenue": 431697000,
      "gross_profit": 655302000,
      "operating_income": null,
      "net_income": 146394000,
      "opex": -223605000,
      "cogs": -223605000,
      "rd": null,
      "sga": null,
      "fcf": 218707000,
      "ocf": 218707000,
      "capex": null,
      "gross_margin": 1.5179674632902245,
      "op_margin": null,
      "fcf_margin": 0.5066215424244319
    },
    {
      "date": "2021-03-31T00:00:00",
      "quarter_label": "2021-03 (Q1)",
      "revenue": 455276000,
      "gross_profit": 273515000,
      "operating_income": null,
      "net_income": 145788000,
      "opex": 181761000,
      "cogs": 181761000,
      "rd": null,
      "sga": null,
      "fcf": 122726000,
      "ocf": 122726000,
      "capex": null,
      "gross_margin": 0.6007674465598889,
      "op_margin": null,
      "fcf_margin": 0.26956395680861717,
      "op_leverage_ratio": Infinity,
      "fcf_margin_change": -0.23705758561581475
    },
    {
      "date": "2021-06-30T00:00:00",
      "quarter_label": "2021-06 (Q2)",
      "revenue": 476238000,
      "gross_profit": 286106000,
      "operating_income": null,
      "net_income": 276280000,
      "opex": 190132000,
      "cogs": 190132000,
      "rd": null,
      "sga": null,
      "fcf": 236868000,
      "ocf": 236868000,
      "capex": null,
      "gross_margin": 0.6007626438881399,
      "op_margin": null,
      "fcf_margin": 0.4973731621584166,
      "op_leverage_ratio": 0.9997267692284801,
      "fcf_margin_change": 0.22780920534979943
    },
    {
      "date": "2021-09-30T00:00:00",
      "quarter_label": "2021-09 (Q3)",
      "revenue": 481465000,
      "gross_profit": 279326000,
      "operating_income": null,
      "net_income": 54711000,
      "opex": 202139000,
      "cogs": 202139000,
      "rd": null,
      "sga": null,
      "fcf": 211741000,
      "ocf": 211741000,
      "capex": null,
      "gross_margin": 0.5801584746554785,
      "op_margin": null,
      "fcf_margin": 0.43978482340357034,
      "op_leverage_ratio": 0.1737997551758718,
      "fcf_margin_change": -0.05758833875484626
    },
    {
      "date": "2021-12-31T00:00:00",
      "quarter_label": "2021-12 (Q4)",
      "revenue": 483205000,
      "gross_profit": 283958000,
      "operating_income": null,
      "net_income": 28761000,
      "opex": 199247000,
      "cogs": 199247000,
      "rd": null,
      "sga": null,
      "fcf": 223913000,
      "ocf": 223913000,
      "capex": null,
      "gross_margin": 0.5876553429703749,
      "op_margin": null,
      "fcf_margin": 0.46339131424550656,
      "rev_growth_yoy": 0.11931516781446246,
      "fcf_margin_change": 0.023606490841936223
    },
    {
      "date": "2022-03-31T00:00:00",
      "quarter_label": "2022-03 (Q1)",
      "revenue": 498372000,
      "gross_profit": 291125000,
      "operating_income": null,
      "net_income": 71613000,
      "opex": 207247000,
      "cogs": 207247000,
      "rd": null,
      "sga": null,
      "fcf": 194183000,
      "ocf": 194183000,
      "capex": null,
      "gross_margin": 0.5841519989084459,
      "op_margin": null,
      "fcf_margin": 0.3896346504217733,
      "rev_growth_yoy": 0.09465906395241568,
      "rev_growth_yoy_accel": -0.02465610386204678,
      "op_leverage_ratio": 0.7817539266460405,
      "fcf_margin_change": -0.07375666382373325
    },
    {
      "date": "2022-06-30T00:00:00",
      "quarter_label": "2022-06 (Q2)",
      "revenue": 517932000,
      "gross_profit": 302888000,
      "operating_income": null,
      "net_income": 68338000,
      "opex": 215044000,
      "cogs": 215044000,
      "rd": null,
      "sga": null,
      "fcf": 255485000,
      "ocf": 255485000,
      "capex": null,
      "gross_margin": 0.5848026381841632,
      "op_margin": null,
      "fcf_margin": 0.493279040491802,
      "rev_growth_yoy": 0.08754866264346818,
      "rev_growth_yoy_accel": -0.007110401308947495,
      "op_leverage_ratio": 1.0432200719957416,
      "fcf_margin_change": 0.10364439007002868
    },
    {
      "date": "2022-09-30T00:00:00",
      "quarter_label": "2022-09 (Q3)",
      "revenue": 520406000,
      "gross_profit": 300198000,
      "operating_income": null,
      "net_income": 353970000,
      "opex": 220208000,
      "cogs": 220208000,
      "rd": null,
      "sga": null,
      "fcf": 243638000,
      "ocf": 243638000,
      "capex": null,
      "gross_margin": 0.5768534567241731,
      "op_margin": null,
      "fcf_margin": 0.468169083369523,
      "rev_growth_yoy": 0.08088023013095448,
      "rev_growth_yoy_accel": -0.0066684325125137,
      "fcf_margin_change": -0.02510995712227898
    },
    {
      "date": "2022-12-31T00:00:00",
      "quarter_label": "2022-12 (Q4)",
      "revenue": 524468000,
      "gross_profit": 303976000,
      "operating_income": null,
      "net_income": 6528000,
      "opex": 220492000,
      "cogs": 220492000,
      "rd": null,
      "sga": null,
      "fcf": 206955000,
      "ocf": 206955000,
      "capex": null,
      "gross_margin": 0.579589221840036,
      "op_margin": null,
      "fcf_margin": 0.39459986119267526,
      "rev_growth_yoy": 0.08539439782287021,
      "rev_growth_yoy_accel": 0.0045141676919157325,
      "fcf_margin_change": -0.07356922217684775
    },
    {
      "date": "2023-03-31T00:00:00",
      "quarter_label": "2023-03 (Q1)",
      "revenue": 525678000,
      "gross_profit": 302590000,
      "operating_income": null,
      "net_income": 118952000,
      "opex": 223088000,
      "cogs": 223088000,
      "rd": null,
      "sga": null,
      "fcf": 173921000,
      "ocf": 173921000,
      "capex": null,
      "gross_margin": 0.5756185345401558,
      "op_margin": null,
      "fcf_margin": 0.3308508250297711,
      "rev_growth_yoy": 0.05479039753437191,
      "rev_growth_yoy_accel": -0.0306040002884983,
      "fcf_margin_change": -0.06374903616290417
    },
    {
      "date": "2023-06-30T00:00:00",
      "quarter_label": "2023-06 (Q2)",
      "revenue": 545430000,
      "gross_profit": 323593000,
      "operating_income": null,
      "net_income": 51899000,
      "opex": 221837000,
      "cogs": 221837000,
      "rd": null,
      "sga": null,
      "fcf": 297816000,
      "ocf": 297816000,
      "capex": null,
      "gross_margin": 0.5932805309572264,
      "op_margin": null,
      "fcf_margin": 0.5460205709256917,
      "rev_growth_yoy": 0.0530919116795255,
      "rev_growth_yoy_accel": -0.0016984858548464155,
      "op_leverage_ratio": Infinity,
      "fcf_margin_change": 0.21516974589592058
    },
    {
      "date": "2023-09-30T00:00:00",
      "quarter_label": "2023-09 (Q3)",
      "revenue": 556243000,
      "gross_profit": 323509000,
      "operating_income": null,
      "net_income": 64214000,
      "opex": 232734000,
      "cogs": 232734000,
      "rd": null,
      "sga": null,
      "fcf": 253257000,
      "ocf": 253257000,
      "capex": null,
      "gross_margin": 0.5815965324507455,
      "op_margin": null,
      "fcf_margin": 0.45529921275413804,
      "rev_growth_yoy": 0.06886354115824952,
      "rev_growth_yoy_accel": 0.015771629478724028,
      "op_leverage_ratio": 0.40358425426810224,
      "fcf_margin_change": -0.09072135817155363
    },
    {
      "date": "2023-12-31T00:00:00",
      "quarter_label": "2023-12 (Q4)",
      "revenue": 553652000,
      "gross_profit": 329251000,
      "operating_income": null,
      "net_income": 70944000,
      "opex": 224401000,
      "cogs": 224401000,
      "rd": null,
      "sga": null,
      "fcf": 231248000,
      "ocf": 231248000,
      "capex": null,
      "gross_margin": 0.5946894439106153,
      "op_margin": null,
      "fcf_margin": 0.41767753028978494,
      "rev_growth_yoy": 0.055644958319668696,
      "rev_growth_yoy_accel": -0.01321858283858083,
      "fcf_margin_change": -0.0376216824643531
    },
    {
      "date": "2024-03-31T00:00:00",
      "quarter_label": "2024-03 (Q1)",
      "revenue": 606560000,
      "gross_profit": 362831000,
      "operating_income": null,
      "net_income": 6676000,
      "opex": 243729000,
      "cogs": 243729000,
      "rd": null,
      "sga": null,
      "fcf": 152564000,
      "ocf": 152564000,
      "capex": null,
      "gross_margin": 0.5981782511210763,
      "op_margin": null,
      "fcf_margin": 0.2515233447639145,
      "rev_growth_yoy": 0.1538622502748831,
      "rev_growth_yoy_accel": 0.09821729195521439,
      "op_leverage_ratio": 1.1094873189971628,
      "fcf_margin_change": -0.1661541855258704
    },
    {
      "date": "2024-06-30T00:00:00",
      "quarter_label": "2024-06 (Q2)",
      "revenue": 695504000,
      "gross_profit": 421677000,
      "operating_income": null,
      "net_income": 146047000,
      "opex": 273827000,
      "cogs": 273827000,
      "rd": null,
      "sga": null,
      "fcf": 316200000,
      "ocf": 316200000,
      "capex": null,
      "gross_margin": 0.6062898272332007,
      "op_margin": null,
      "fcf_margin": 0.45463433711380524,
      "rev_growth_yoy": 0.2751480483288415,
      "rev_growth_yoy_accel": 0.1212857980539584,
      "op_leverage_ratio": 1.187442143407768,
      "fcf_margin_change": 0.20311099234989072
    },
    {
      "date": "2024-09-30T00:00:00",
      "quarter_label": "2024-09 (Q3)",
      "revenue": 700397000,
      "gross_profit": 420118000,
      "operating_income": null,
      "net_income": 85872000,
      "opex": 665194000,
      "cogs": 280279000,
      "rd": null,
      "sga": null,
      "fcf": 318202000,
      "ocf": 318202000,
      "capex": null,
      "gross_margin": 0.5998283830456156,
      "op_margin": null,
      "fcf_margin": 0.4543166232865075,
      "rev_growth_yoy": 0.25915651972249537,
      "rev_growth_yoy_accel": -0.015991528606346117,
      "fcf_margin_change": -0.00031771382729772757
    },
    {
      "date": "2024-12-31T00:00:00",
      "quarter_label": "2024-12 (Q4)",
      "revenue": 697988000,
      "gross_profit": 420962000,
      "operating_income": null,
      "net_income": 4547000,
      "opex": 668136000,
      "cogs": 277026000,
      "rd": null,
      "sga": null,
      "fcf": 283531000,
      "ocf": 283531000,
      "capex": null,
      "gross_margin": 0.6031077898187361,
      "op_margin": null,
      "fcf_margin": 0.40621185464506554,
      "rev_growth_yoy": 0.26069805581845634,
      "rev_growth_yoy_accel": 0.0015415360959609714,
      "fcf_margin_change": -0.048104768641441975
    },
    {
      "date": "2025-03-31T00:00:00",
      "quarter_label": "2025-03 (Q1)",
      "revenue": 702889000,
      "gross_profit": 429746000,
      "operating_income": null,
      "net_income": 42828000,
      "opex": 642472000,
      "cogs": 273143000,
      "rd": null,
      "sga": null,
      "fcf": 279429000,
      "ocf": 279429000,
      "capex": null,
      "gross_margin": 0.6113995239646658,
      "op_margin": null,
      "fcf_margin": 0.3975435666228949,
      "rev_growth_yoy": 0.158811988921129,
      "rev_growth_yoy_accel": -0.10188606689732735,
      "fcf_margin_change": -0.008668288022170623
    },
    {
      "date": "2025-06-30T00:00:00",
      "quarter_label": "2025-06 (Q2)",
      "revenue": 694348000,
      "gross_profit": 418167000,
      "operating_income": null,
      "net_income": 31673000,
      "opex": 651638000,
      "cogs": 276181000,
      "rd": null,
      "sga": null,
      "fcf": 363485000,
      "ocf": 363485000,
      "capex": null,
      "gross_margin": 0.6022441196633388,
      "op_margin": null,
      "fcf_margin": 0.5234911024443074,
      "rev_growth_yoy": -0.0016621040281579976,
      "rev_growth_yoy_accel": -0.160474092949287,
      "fcf_margin_change": 0.1259475358214125
    },
    {
      "date": "2025-09-30T00:00:00",
      "quarter_label": "2025-09 (Q3)",
      "revenue": 705873000,
      "gross_profit": 413951000,
      "operating_income": null,
      "net_income": -117122000,
      "opex": 653296000,
      "cogs": 291922000,
      "rd": null,
      "sga": null,
      "fcf": 314961000,
      "ocf": 314961000,
      "capex": null,
      "gross_margin": 0.5864383536415191,
      "op_margin": null,
      "fcf_margin": 0.44620066215877363,
      "rev_growth_yoy": 0.007818422980109851,
      "rev_growth_yoy_accel": 0.009480527008267849,
      "op_leverage_ratio": 6.5235744186232205,
      "fcf_margin_change": -0.07729044028553378
    }
  ],
  "signals": [
    {
      "quarter": "2025-09 (Q3)",
      "signal": "OPERATING LEVERAGE",
      "detail": "Rev growth +1.7% vs OpEx growth +0.3% (leverage: 6.5x)",
      "severity": "MEDIUM"
    },
    {
      "quarter": "2025-06 (Q2)",
      "signal": "FCF MARGIN EXPANSION",
      "detail": "FCF margin: +39.8% -> +52.3% (+12.6%)",
      "severity": "MEDIUM"
    },
    {
      "quarter": "2025-06 (Q2)",
      "signal": "YoY REVENUE GROWTH DECELERATION",
      "detail": "YoY growth: -0.2% vs prior quarter YoY: +15.9% (decel: -16.0%)",
      "severity": "WARNING"
    },
    {
      "quarter": "2025-03 (Q1)",
      "signal": "YoY REVENUE GROWTH DECELERATION",
      "detail": "YoY growth: +15.9% vs prior quarter YoY: +26.1% (decel: -10.2%)",
      "severity": "WARNING"
    },
    {
      "quarter": "2024-06 (Q2)",
      "signal": "FCF MARGIN EXPANSION",
      "detail": "FCF margin: +25.2% -> +45.5% (+20.3%)",
      "severity": "MEDIUM"
    },
    {
      "quarter": "2024-06 (Q2)",
      "signal": "YoY REVENUE GROWTH ACCELERATION",
      "detail": "YoY growth: +27.5% vs prior quarter YoY: +15.4% (accel: +12.1%)",
      "severity": "MEDIUM"
    },
    {
      "quarter": "2024-03 (Q1)",
      "signal": "YoY REVENUE GROWTH ACCELERATION",
      "detail": "YoY growth: +15.4% vs prior quarter YoY: +5.6% (accel: +9.8%)",
      "severity": "MEDIUM"
    },
    {
      "quarter": "2023-06 (Q2)",
      "signal": "FCF MARGIN EXPANSION",
      "detail": "FCF margin: +33.1% -> +54.6% (+21.5%)",
      "severity": "MEDIUM"
    },
    {
      "quarter": "2022-06 (Q2)",
      "signal": "FCF MARGIN EXPANSION",
      "detail": "FCF margin: +39.0% -> +49.3% (+10.4%)",
      "severity": "MEDIUM"
    },
    {
      "quarter": "2021-06 (Q2)",
      "signal": "FCF MARGIN EXPANSION",
      "detail": "FCF margin: +27.0% -> +49.7% (+22.8%)",
      "severity": "MEDIUM"
    }
  ],
  "data_quality": {
    "n_quarters": 20,
    "coverage": {
      "revenue": [
        20,
        20
      ],
      "gross_profit": [
        20,
        20
      ],
      "op_income": [
        0,
        20
      ],
      "fcf": [
        20,
        20
      ]
    },
    "gaps": [],
    "warnings": [
      "op_income: no data"
    ]
  },
  "market_cap": null,
  "source": "SEC EDGAR",
  "last_updated": "2026-02-02T20:32:25.388882"
}