{
  "ticker": "DOLE",
  "name": "Dole plc",
  "quarters": [
    {
      "date": "2021-09-30T00:00:00",
      "quarter_label": "2021-09 (Q3)",
      "revenue": 1942185000,
      "gross_profit": 98770000,
      "operating_income": -27161000,
      "net_income": -28516000,
      "opex": 125931000,
      "cogs": 1843415000,
      "rd": null,
      "sga": 110213000,
      "fcf": null,
      "ocf": null,
      "capex": null,
      "gross_margin": 0.05085509361878503,
      "op_margin": -0.013984764582158754,
      "fcf_margin": null
    },
    {
      "date": "2021-12-31T00:00:00",
      "quarter_label": "2021-12 (Q4)",
      "revenue": 2251480000,
      "gross_profit": 63693000,
      "operating_income": -36816000,
      "net_income": -29251000,
      "opex": 100509000,
      "cogs": 2187787000,
      "rd": null,
      "sga": 100176000,
      "fcf": 35639000,
      "ocf": 35639000,
      "capex": null,
      "gross_margin": 0.02828939186668325,
      "op_margin": -0.016351910743155614,
      "fcf_margin": 0.015829143496722157,
      "op_leverage_ratio": Infinity
    },
    {
      "date": "2022-03-31T00:00:00",
      "quarter_label": "2022-03 (Q1)",
      "revenue": 1970231000,
      "gross_profit": 151795000,
      "operating_income": 42988000,
      "net_income": -1394000,
      "opex": 108807000,
      "cogs": 1818436000,
      "rd": null,
      "sga": 109544000,
      "fcf": -145291000,
      "ocf": -145291000,
      "capex": null,
      "gross_margin": 0.07704426536786803,
      "op_margin": 0.02181876135336415,
      "fcf_margin": -0.07374312961272055,
      "fcf_margin_change": -0.0895722731094427
    },
    {
      "date": "2022-06-30T00:00:00",
      "quarter_label": "2022-06 (Q2)",
      "revenue": 2050909000,
      "gross_profit": 165509000,
      "operating_income": 63070000,
      "net_income": 41272000,
      "opex": 102439000,
      "cogs": 1885400000,
      "rd": null,
      "sga": 110365000,
      "fcf": 267230000,
      "ocf": 267230000,
      "capex": null,
      "gross_margin": 0.08070031386082951,
      "op_margin": 0.030752217675186953,
      "fcf_margin": 0.1302983213784717,
      "op_leverage_ratio": Infinity,
      "fcf_margin_change": 0.20404145099119225
    },
    {
      "date": "2022-09-30T00:00:00",
      "quarter_label": "2022-09 (Q3)",
      "revenue": 2267538000,
      "gross_profit": 133476000,
      "operating_income": 17804000,
      "net_income": 39837000,
      "opex": 115672000,
      "cogs": 2134062000,
      "rd": null,
      "sga": 116326000,
      "fcf": -384000,
      "ocf": -384000,
      "capex": null,
      "gross_margin": 0.05886384263461075,
      "op_margin": 0.007851687601266219,
      "fcf_margin": -0.0001693466658552139,
      "incr_op_margin_yoy": 0.13820373563483354,
      "rev_growth_yoy": 0.1675190571444018,
      "op_leverage_ratio": 0.8176684144638073,
      "fcf_margin_change": -0.1304676680443269
    },
    {
      "date": "2022-12-31T00:00:00",
      "quarter_label": "2022-12 (Q4)",
      "revenue": 2356198000,
      "gross_profit": 157287000,
      "operating_income": 31730000,
      "net_income": 6781000,
      "opex": 125557000,
      "cogs": 2198911000,
      "rd": null,
      "sga": 127669000,
      "fcf": 117337000,
      "ocf": 117337000,
      "capex": null,
      "gross_margin": 0.06675457665272613,
      "op_margin": 0.01346661019150343,
      "fcf_margin": 0.04979929530540303,
      "incr_op_margin_yoy": 0.6545770545655952,
      "rev_growth_yoy": 0.04651073960239487,
      "rev_growth_yoy_accel": -0.12100831754200692,
      "op_leverage_ratio": 0.4575354239004883,
      "fcf_margin_change": 0.04996864197125824
    },
    {
      "date": "2023-03-31T00:00:00",
      "quarter_label": "2023-03 (Q1)",
      "revenue": 1989167000,
      "gross_profit": 179039000,
      "operating_income": 62133000,
      "net_income": 14159000,
      "opex": 116906000,
      "cogs": 1810128000,
      "rd": null,
      "sga": 120879000,
      "fcf": 15227000,
      "ocf": 15227000,
      "capex": null,
      "gross_margin": 0.09000702304029777,
      "op_margin": 0.031235688104618665,
      "fcf_margin": 0.007654963107672709,
      "incr_op_margin_yoy": 1.0110371778622729,
      "rev_growth_yoy": 0.009611055759451557,
      "rev_growth_yoy_accel": -0.036899683842943315,
      "fcf_margin_change": -0.04214433219773032
    },
    {
      "date": "2023-06-30T00:00:00",
      "quarter_label": "2023-06 (Q2)",
      "revenue": 2141174000,
      "gross_profit": 196573000,
      "operating_income": 91629000,
      "net_income": 42275000,
      "opex": 104944000,
      "cogs": 1944601000,
      "rd": null,
      "sga": 115667000,
      "fcf": 58619000,
      "ocf": 58619000,
      "capex": null,
      "gross_margin": 0.09180617735877607,
      "op_margin": 0.042793813113740406,
      "fcf_margin": 0.027377037083394437,
      "incr_op_margin_yoy": 0.31639062759652137,
      "rev_growth_yoy": 0.04401219166720708,
      "rev_growth_yoy_accel": 0.03440113590775552,
      "op_leverage_ratio": Infinity,
      "fcf_margin_change": 0.01972207397572173
    },
    {
      "date": "2023-09-30T00:00:00",
      "quarter_label": "2023-09 (Q3)",
      "revenue": 2042672000,
      "gross_profit": 166380000,
      "operating_income": 77103000,
      "net_income": 45292000,
      "opex": 89277000,
      "cogs": 1876292000,
      "rd": null,
      "sga": 118023000,
      "fcf": null,
      "ocf": null,
      "capex": null,
      "gross_margin": 0.08145213720068616,
      "op_margin": 0.03774614818238072,
      "fcf_margin": null,
      "incr_op_margin_yoy": -0.26370816397321073,
      "rev_growth_yoy": -0.09916746709426699,
      "rev_growth_yoy_accel": -0.14317965876147407
    },
    {
      "date": "2023-12-31T00:00:00",
      "quarter_label": "2023-12 (Q4)",
      "revenue": 2072255000,
      "gross_profit": 152178000,
      "operating_income": 41293000,
      "net_income": 22337000,
      "opex": 110885000,
      "cogs": 1920077000,
      "rd": null,
      "sga": 119334000,
      "fcf": null,
      "ocf": null,
      "capex": null,
      "gross_margin": 0.07343594297033908,
      "op_margin": 0.01992660169718495,
      "fcf_margin": null,
      "incr_op_margin_yoy": -0.033679294788038446,
      "rev_growth_yoy": -0.12050897250570623,
      "rev_growth_yoy_accel": -0.02134150541143924,
      "op_leverage_ratio": 0.05983683233656653
    },
    {
      "date": "2024-03-31T00:00:00",
      "quarter_label": "2024-03 (Q1)",
      "revenue": 2121374000,
      "gross_profit": 194677000,
      "operating_income": 112133000,
      "net_income": 70143000,
      "opex": 82544000,
      "cogs": 1926697000,
      "rd": null,
      "sga": 118950000,
      "fcf": null,
      "ocf": null,
      "capex": null,
      "gross_margin": 0.09176929669167247,
      "op_margin": 0.05285866612865058,
      "fcf_margin": null,
      "incr_op_margin_yoy": 0.37819480057788163,
      "rev_growth_yoy": 0.06646349954528705,
      "rev_growth_yoy_accel": 0.18697247205099327,
      "op_leverage_ratio": Infinity
    },
    {
      "date": "2024-06-30T00:00:00",
      "quarter_label": "2024-06 (Q2)",
      "revenue": 2124091000,
      "gross_profit": 200586000,
      "operating_income": 85888000,
      "net_income": 80117000,
      "opex": 114698000,
      "cogs": 1923505000,
      "rd": null,
      "sga": 116604000,
      "fcf": null,
      "ocf": null,
      "capex": null,
      "gross_margin": 0.09443380721447434,
      "op_margin": 0.04043517909543424,
      "fcf_margin": null,
      "incr_op_margin_yoy": 0.33606509395305273,
      "rev_growth_yoy": -0.007978333381593462,
      "rev_growth_yoy_accel": -0.0744418329268805
    },
    {
      "date": "2024-09-30T00:00:00",
      "quarter_label": "2024-09 (Q3)",
      "revenue": 2062414000,
      "gross_profit": 164039000,
      "operating_income": 47734000,
      "net_income": 14402000,
      "opex": 116305000,
      "cogs": 1898375000,
      "rd": null,
      "sga": 115829000,
      "fcf": null,
      "ocf": null,
      "capex": null,
      "gross_margin": 0.07953737707366222,
      "op_margin": 0.023144722640556163,
      "fcf_margin": null,
      "incr_op_margin_yoy": -1.4876405632661331,
      "rev_growth_yoy": 0.00966479199793212,
      "rev_growth_yoy_accel": 0.01764312537952558
    },
    {
      "date": "2024-12-31T00:00:00",
      "quarter_label": "2024-12 (Q4)",
      "revenue": 2167464000,
      "gross_profit": 158419000,
      "operating_income": 34809000,
      "net_income": -39149000,
      "opex": 123610000,
      "cogs": 2009045000,
      "rd": null,
      "sga": 122675000,
      "fcf": null,
      "ocf": null,
      "capex": null,
      "gross_margin": 0.07308956457869657,
      "op_margin": 0.016059782307803035,
      "fcf_margin": null,
      "incr_op_margin_yoy": -0.06810280540705185,
      "rev_growth_yoy": 0.045944635192097495,
      "rev_growth_yoy_accel": 0.03627984319416538,
      "op_leverage_ratio": 0.8109580216560973
    },
    {
      "date": "2025-03-31T00:00:00",
      "quarter_label": "2025-03 (Q1)",
      "revenue": 2099404000,
      "gross_profit": 182193000,
      "operating_income": 67905000,
      "net_income": 38912000,
      "opex": 114288000,
      "cogs": 1917211000,
      "rd": null,
      "sga": 118412000,
      "fcf": null,
      "ocf": null,
      "capex": null,
      "gross_margin": 0.08678320132761488,
      "op_margin": 0.032344894074699294,
      "fcf_margin": null,
      "incr_op_margin_yoy": 2.013108784706418,
      "rev_growth_yoy": -0.010356495365739375,
      "rev_growth_yoy_accel": -0.05630113055783687
    },
    {
      "date": "2025-06-30T00:00:00",
      "quarter_label": "2025-06 (Q2)",
      "revenue": 2428427000,
      "gross_profit": 218300000,
      "operating_income": 103219000,
      "net_income": 9966000,
      "opex": 115081000,
      "cogs": 2210127000,
      "rd": null,
      "sga": 124308000,
      "fcf": null,
      "ocf": null,
      "capex": null,
      "gross_margin": 0.08989358131827722,
      "op_margin": 0.04250446894224121,
      "fcf_margin": null,
      "incr_op_margin_yoy": 0.05694692708059513,
      "rev_growth_yoy": 0.1432782305466197,
      "rev_growth_yoy_accel": 0.15363472591235908,
      "op_leverage_ratio": 22.586954813715067
    },
    {
      "date": "2025-09-30T00:00:00",
      "quarter_label": "2025-09 (Q3)",
      "revenue": 2278915000,
      "gross_profit": 155181000,
      "operating_income": 24151000,
      "net_income": 5105000,
      "opex": 131030000,
      "cogs": 2123734000,
      "rd": null,
      "sga": 123621000,
      "fcf": null,
      "ocf": null,
      "capex": null,
      "gross_margin": 0.06809424660419541,
      "op_margin": 0.010597587009607641,
      "fcf_margin": null,
      "incr_op_margin_yoy": -0.10892790333531947,
      "rev_growth_yoy": 0.10497455893918486,
      "rev_growth_yoy_accel": -0.038303671607434836
    }
  ],
  "signals": [
    {
      "quarter": "2025-06 (Q2)",
      "signal": "OPERATING LEVERAGE",
      "detail": "Rev growth +15.7% vs OpEx growth +0.7% (leverage: 22.6x)",
      "severity": "MEDIUM"
    },
    {
      "quarter": "2025-06 (Q2)",
      "signal": "YoY REVENUE GROWTH ACCELERATION",
      "detail": "YoY growth: +14.3% vs prior quarter YoY: -1.0% (accel: +15.4%)",
      "severity": "HIGH"
    },
    {
      "quarter": "2025-03 (Q1)",
      "signal": "YoY REVENUE GROWTH DECELERATION",
      "detail": "YoY growth: -1.0% vs prior quarter YoY: +4.6% (decel: -5.6%)",
      "severity": "WARNING"
    },
    {
      "quarter": "2025-03 (Q1)",
      "signal": "INCREMENTAL MARGIN (YoY)",
      "detail": "YoY Incr OPM: +201.3% vs year-ago OPM: +5.3%",
      "severity": "HIGH"
    },
    {
      "quarter": "2024-06 (Q2)",
      "signal": "YoY REVENUE GROWTH DECELERATION",
      "detail": "YoY growth: -0.8% vs prior quarter YoY: +6.6% (decel: -7.4%)",
      "severity": "WARNING"
    },
    {
      "quarter": "2024-06 (Q2)",
      "signal": "INCREMENTAL MARGIN (YoY)",
      "detail": "YoY Incr OPM: +33.6% vs year-ago OPM: +4.3%",
      "severity": "HIGH"
    },
    {
      "quarter": "2024-03 (Q1)",
      "signal": "YoY REVENUE GROWTH ACCELERATION",
      "detail": "YoY growth: +6.6% vs prior quarter YoY: -12.1% (accel: +18.7%)",
      "severity": "HIGH"
    },
    {
      "quarter": "2024-03 (Q1)",
      "signal": "INCREMENTAL MARGIN (YoY)",
      "detail": "YoY Incr OPM: +37.8% vs year-ago OPM: +3.1%",
      "severity": "HIGH"
    },
    {
      "quarter": "2023-09 (Q3)",
      "signal": "YoY REVENUE GROWTH DECELERATION",
      "detail": "YoY growth: -9.9% vs prior quarter YoY: +4.4% (decel: -14.3%)",
      "severity": "WARNING"
    },
    {
      "quarter": "2023-06 (Q2)",
      "signal": "INCREMENTAL MARGIN (YoY)",
      "detail": "YoY Incr OPM: +31.6% vs year-ago OPM: +3.1%",
      "severity": "HIGH"
    },
    {
      "quarter": "2023-03 (Q1)",
      "signal": "INCREMENTAL MARGIN (YoY)",
      "detail": "YoY Incr OPM: +101.1% vs year-ago OPM: +2.2%",
      "severity": "HIGH"
    },
    {
      "quarter": "2022-12 (Q4)",
      "signal": "FCF TURNED POSITIVE",
      "detail": "FCF margin: -0.0% -> +5.0%",
      "severity": "HIGH"
    },
    {
      "quarter": "2022-12 (Q4)",
      "signal": "YoY REVENUE GROWTH DECELERATION",
      "detail": "YoY growth: +4.7% vs prior quarter YoY: +16.8% (decel: -12.1%)",
      "severity": "WARNING"
    },
    {
      "quarter": "2022-12 (Q4)",
      "signal": "OP MARGIN TURNED POSITIVE (YoY)",
      "detail": "Op margin: -1.6% (year-ago) -> +1.3%",
      "severity": "HIGH"
    },
    {
      "quarter": "2022-09 (Q3)",
      "signal": "OP MARGIN TURNED POSITIVE (YoY)",
      "detail": "Op margin: -1.4% (year-ago) -> +0.8%",
      "severity": "HIGH"
    },
    {
      "quarter": "2022-06 (Q2)",
      "signal": "FCF TURNED POSITIVE",
      "detail": "FCF margin: -7.4% -> +13.0%",
      "severity": "HIGH"
    },
    {
      "quarter": "2022-03 (Q1)",
      "signal": "GROSS MARGIN INFLECTION",
      "detail": "GM: +5.1% -> +2.8% -> +7.7% (reversal +4.9%)",
      "severity": "MEDIUM"
    },
    {
      "quarter": "2022-03 (Q1)",
      "signal": "OP MARGIN TURNED POSITIVE (QoQ)",
      "detail": "Op margin: -1.6% -> +2.2%",
      "severity": "HIGH"
    }
  ],
  "data_quality": {
    "n_quarters": 17,
    "coverage": {
      "revenue": [
        17,
        17
      ],
      "gross_profit": [
        17,
        17
      ],
      "op_income": [
        17,
        17
      ],
      "fcf": [
        7,
        17
      ]
    },
    "gaps": [],
    "warnings": [
      "fcf: 7/17Q"
    ]
  },
  "market_cap": null,
  "source": "SEC EDGAR",
  "last_updated": "2026-02-02T21:48:43.228913"
}