{
  "ticker": "DOMH",
  "name": "DOMINARI HOLDINGS INC.",
  "quarters": [
    {
      "date": "2015-03-31T00:00:00",
      "quarter_label": "2015-03 (Q1)",
      "revenue": 2000,
      "gross_profit": null,
      "operating_income": null,
      "net_income": null,
      "opex": null,
      "cogs": null,
      "rd": null,
      "sga": null,
      "fcf": null,
      "ocf": null,
      "capex": null,
      "gross_margin": null,
      "op_margin": null,
      "fcf_margin": null
    },
    {
      "date": "2015-12-31T00:00:00",
      "quarter_label": "2015-12 (Q4)",
      "revenue": 31000,
      "gross_profit": null,
      "operating_income": null,
      "net_income": null,
      "opex": null,
      "cogs": null,
      "rd": null,
      "sga": null,
      "fcf": null,
      "ocf": null,
      "capex": null,
      "gross_margin": null,
      "op_margin": null,
      "fcf_margin": null
    },
    {
      "date": "2016-03-31T00:00:00",
      "quarter_label": "2016-03 (Q1)",
      "revenue": 72000,
      "gross_profit": null,
      "operating_income": null,
      "net_income": null,
      "opex": null,
      "cogs": null,
      "rd": null,
      "sga": null,
      "fcf": null,
      "ocf": null,
      "capex": -2000,
      "gross_margin": null,
      "op_margin": null,
      "fcf_margin": null,
      "rev_growth_yoy": 35.0
    },
    {
      "date": "2016-06-30T00:00:00",
      "quarter_label": "2016-06 (Q2)",
      "revenue": 177000,
      "gross_profit": null,
      "operating_income": null,
      "net_income": null,
      "opex": null,
      "cogs": null,
      "rd": null,
      "sga": null,
      "fcf": null,
      "ocf": null,
      "capex": -1000,
      "gross_margin": null,
      "op_margin": null,
      "fcf_margin": null
    },
    {
      "date": "2016-09-30T00:00:00",
      "quarter_label": "2016-09 (Q3)",
      "revenue": 314000,
      "gross_profit": null,
      "operating_income": null,
      "net_income": null,
      "opex": null,
      "cogs": null,
      "rd": null,
      "sga": null,
      "fcf": null,
      "ocf": null,
      "capex": null,
      "gross_margin": null,
      "op_margin": null,
      "fcf_margin": null
    },
    {
      "date": "2016-12-31T00:00:00",
      "quarter_label": "2016-12 (Q4)",
      "revenue": 314000,
      "gross_profit": null,
      "operating_income": null,
      "net_income": null,
      "opex": null,
      "cogs": null,
      "rd": null,
      "sga": null,
      "fcf": null,
      "ocf": null,
      "capex": -1000,
      "gross_margin": null,
      "op_margin": null,
      "fcf_margin": null,
      "rev_growth_yoy": 9.129032258064516
    },
    {
      "date": "2017-03-31T00:00:00",
      "quarter_label": "2017-03 (Q1)",
      "revenue": 327000,
      "gross_profit": null,
      "operating_income": null,
      "net_income": null,
      "opex": null,
      "cogs": null,
      "rd": null,
      "sga": null,
      "fcf": null,
      "ocf": null,
      "capex": null,
      "gross_margin": null,
      "op_margin": null,
      "fcf_margin": null,
      "rev_growth_yoy": 3.5416666666666665,
      "rev_growth_yoy_accel": -5.58736559139785
    },
    {
      "date": "2017-06-30T00:00:00",
      "quarter_label": "2017-06 (Q2)",
      "revenue": 311000,
      "gross_profit": null,
      "operating_income": null,
      "net_income": null,
      "opex": null,
      "cogs": null,
      "rd": null,
      "sga": null,
      "fcf": null,
      "ocf": null,
      "capex": null,
      "gross_margin": null,
      "op_margin": null,
      "fcf_margin": null,
      "rev_growth_yoy": 0.7570621468926554,
      "rev_growth_yoy_accel": -2.7846045197740112
    },
    {
      "date": "2017-09-30T00:00:00",
      "quarter_label": "2017-09 (Q3)",
      "revenue": 314000,
      "gross_profit": null,
      "operating_income": null,
      "net_income": null,
      "opex": null,
      "cogs": null,
      "rd": null,
      "sga": null,
      "fcf": null,
      "ocf": null,
      "capex": null,
      "gross_margin": null,
      "op_margin": null,
      "fcf_margin": null,
      "rev_growth_yoy": 0.0,
      "rev_growth_yoy_accel": -0.7570621468926554
    },
    {
      "date": "2017-12-31T00:00:00",
      "quarter_label": "2017-12 (Q4)",
      "revenue": 284000,
      "gross_profit": null,
      "operating_income": null,
      "net_income": null,
      "opex": null,
      "cogs": null,
      "rd": null,
      "sga": null,
      "fcf": null,
      "ocf": null,
      "capex": null,
      "gross_margin": null,
      "op_margin": null,
      "fcf_margin": null,
      "rev_growth_yoy": -0.09554140127388536,
      "rev_growth_yoy_accel": -0.09554140127388536
    },
    {
      "date": "2023-06-30T00:00:00",
      "quarter_label": "2023-06 (Q2)",
      "revenue": 71000,
      "gross_profit": null,
      "operating_income": -9011000,
      "net_income": -8663000,
      "opex": 9082000,
      "cogs": null,
      "rd": 2000,
      "sga": 9080000,
      "fcf": -9980000,
      "ocf": -9922000,
      "capex": -58000,
      "gross_margin": null,
      "op_margin": -126.91549295774648,
      "fcf_margin": -140.56338028169014
    },
    {
      "date": "2023-09-30T00:00:00",
      "quarter_label": "2023-09 (Q3)",
      "revenue": 963000,
      "gross_profit": null,
      "operating_income": -3104000,
      "net_income": -3541000,
      "opex": 4067000,
      "cogs": null,
      "rd": null,
      "sga": null,
      "fcf": -3575000,
      "ocf": -3575000,
      "capex": null,
      "gross_margin": null,
      "op_margin": -3.2232606438213915,
      "fcf_margin": -3.7123572170301142,
      "op_leverage_ratio": Infinity,
      "fcf_margin_change": 136.85102306466004
    },
    {
      "date": "2023-12-31T00:00:00",
      "quarter_label": "2023-12 (Q4)",
      "revenue": 1005000,
      "gross_profit": null,
      "operating_income": -5847000,
      "net_income": -6916000,
      "opex": 6852000,
      "cogs": null,
      "rd": 0,
      "sga": null,
      "fcf": -4752000,
      "ocf": -4744000,
      "capex": -8000,
      "gross_margin": null,
      "op_margin": -5.817910447761194,
      "fcf_margin": -4.728358208955224,
      "op_leverage_ratio": 0.06369010665727053,
      "fcf_margin_change": -1.0160009919251096
    },
    {
      "date": "2024-03-31T00:00:00",
      "quarter_label": "2024-03 (Q1)",
      "revenue": 1367000,
      "gross_profit": null,
      "operating_income": -2805000,
      "net_income": -5441000,
      "opex": 4172000,
      "cogs": null,
      "rd": null,
      "sga": null,
      "fcf": -8594000,
      "ocf": -8594000,
      "capex": null,
      "gross_margin": null,
      "op_margin": -2.0519385515727873,
      "fcf_margin": -6.286759326993416,
      "op_leverage_ratio": Infinity,
      "fcf_margin_change": -1.5584011180381925
    },
    {
      "date": "2024-06-30T00:00:00",
      "quarter_label": "2024-06 (Q2)",
      "revenue": 6174000,
      "gross_profit": null,
      "operating_income": -2736000,
      "net_income": -6120000,
      "opex": 8910000,
      "cogs": null,
      "rd": null,
      "sga": null,
      "fcf": 1409000,
      "ocf": 1409000,
      "capex": null,
      "gross_margin": null,
      "op_margin": -0.44314868804664725,
      "fcf_margin": 0.22821509556203434,
      "incr_op_margin_yoy": 1.0281828608880879,
      "rev_growth_yoy": 85.95774647887323,
      "op_leverage_ratio": 3.0963842586345267,
      "fcf_margin_change": 6.514974422555451
    },
    {
      "date": "2024-09-30T00:00:00",
      "quarter_label": "2024-09 (Q3)",
      "revenue": 4043000,
      "gross_profit": null,
      "operating_income": -3196000,
      "net_income": -4211000,
      "opex": 7239000,
      "cogs": null,
      "rd": null,
      "sga": null,
      "fcf": -4717000,
      "ocf": -4717000,
      "capex": null,
      "gross_margin": null,
      "op_margin": -0.7905021023992085,
      "fcf_margin": -1.166707890180559,
      "incr_op_margin_yoy": -0.02987012987012987,
      "rev_growth_yoy": 3.1983385254413292,
      "rev_growth_yoy_accel": -82.7594079534319,
      "fcf_margin_change": -1.3949229857425933
    },
    {
      "date": "2024-12-31T00:00:00",
      "quarter_label": "2024-12 (Q4)",
      "revenue": 6562000,
      "gross_profit": null,
      "operating_income": -2790000,
      "net_income": 1069000,
      "opex": 9352000,
      "cogs": null,
      "rd": null,
      "sga": null,
      "fcf": -3216000,
      "ocf": -3216000,
      "capex": null,
      "gross_margin": null,
      "op_margin": -0.42517525144772933,
      "fcf_margin": -0.49009448338921063,
      "incr_op_margin_yoy": 0.5501169695879071,
      "rev_growth_yoy": 5.529353233830846,
      "rev_growth_yoy_accel": 2.3310147083895165,
      "op_leverage_ratio": 2.134536107876766,
      "fcf_margin_change": 0.6766134067913483
    },
    {
      "date": "2025-03-31T00:00:00",
      "quarter_label": "2025-03 (Q1)",
      "revenue": 8112000,
      "gross_profit": null,
      "operating_income": -32010000,
      "net_income": -32488000,
      "opex": 40122000,
      "cogs": null,
      "rd": null,
      "sga": null,
      "fcf": 1235000,
      "ocf": 1235000,
      "capex": null,
      "gross_margin": null,
      "op_margin": -3.9460059171597632,
      "fcf_margin": 0.15224358974358973,
      "incr_op_margin_yoy": -4.329873980726464,
      "rev_growth_yoy": 4.9341623994147765,
      "rev_growth_yoy_accel": -0.5951908344160692,
      "op_leverage_ratio": 0.07179140850646672,
      "fcf_margin_change": 0.6423380731328003
    },
    {
      "date": "2025-06-30T00:00:00",
      "quarter_label": "2025-06 (Q2)",
      "revenue": 34095000,
      "gross_profit": null,
      "operating_income": -19426000,
      "net_income": 16610000,
      "opex": 53521000,
      "cogs": null,
      "rd": null,
      "sga": null,
      "fcf": -353000,
      "ocf": -353000,
      "capex": null,
      "gross_margin": null,
      "op_margin": -0.5697609620178912,
      "fcf_margin": -0.010353424255755975,
      "incr_op_margin_yoy": -0.5977579599584542,
      "rev_growth_yoy": 4.522351797862002,
      "rev_growth_yoy_accel": -0.4118106015527747,
      "op_leverage_ratio": 9.591168874211668,
      "fcf_margin_change": -0.1625970139993457
    },
    {
      "date": "2025-09-30T00:00:00",
      "quarter_label": "2025-09 (Q3)",
      "revenue": 50821000,
      "gross_profit": null,
      "operating_income": -1599000,
      "net_income": 125210000,
      "opex": 52420000,
      "cogs": null,
      "rd": null,
      "sga": null,
      "fcf": -4913000,
      "ocf": -4913000,
      "capex": null,
      "gross_margin": null,
      "op_margin": -0.03146337144093977,
      "fcf_margin": -0.09667263532791563,
      "incr_op_margin_yoy": 0.034139980332634996,
      "rev_growth_yoy": 11.570121197130844,
      "rev_growth_yoy_accel": 7.047769399268842,
      "op_leverage_ratio": Infinity,
      "fcf_margin_change": -0.08631921107215966
    }
  ],
  "signals": [
    {
      "quarter": "2025-09 (Q3)",
      "signal": "YoY REVENUE GROWTH ACCELERATION",
      "detail": "YoY growth: +1157.0% vs prior quarter YoY: +452.2% (accel: +704.8%)",
      "severity": "HIGH"
    },
    {
      "quarter": "2025-06 (Q2)",
      "signal": "OPERATING LEVERAGE",
      "detail": "Rev growth +320.3% vs OpEx growth +33.4% (leverage: 9.6x)",
      "severity": "MEDIUM"
    },
    {
      "quarter": "2025-06 (Q2)",
      "signal": "YoY REVENUE GROWTH DECELERATION",
      "detail": "YoY growth: +452.2% vs prior quarter YoY: +493.4% (decel: -41.2%)",
      "severity": "WARNING"
    },
    {
      "quarter": "2025-03 (Q1)",
      "signal": "FCF TURNED POSITIVE",
      "detail": "FCF margin: -49.0% -> +15.2%",
      "severity": "HIGH"
    },
    {
      "quarter": "2025-03 (Q1)",
      "signal": "YoY REVENUE GROWTH DECELERATION",
      "detail": "YoY growth: +493.4% vs prior quarter YoY: +552.9% (decel: -59.5%)",
      "severity": "WARNING"
    },
    {
      "quarter": "2024-12 (Q4)",
      "signal": "FCF MARGIN EXPANSION",
      "detail": "FCF margin: -116.7% -> -49.0% (+67.7%)",
      "severity": "MEDIUM"
    },
    {
      "quarter": "2024-12 (Q4)",
      "signal": "OPERATING LEVERAGE",
      "detail": "Rev growth +62.3% vs OpEx growth +29.2% (leverage: 2.1x)",
      "severity": "MEDIUM"
    },
    {
      "quarter": "2024-12 (Q4)",
      "signal": "YoY REVENUE GROWTH ACCELERATION",
      "detail": "YoY growth: +552.9% vs prior quarter YoY: +319.8% (accel: +233.1%)",
      "severity": "HIGH"
    },
    {
      "quarter": "2024-09 (Q3)",
      "signal": "YoY REVENUE GROWTH DECELERATION",
      "detail": "YoY growth: +319.8% vs prior quarter YoY: +8595.8% (decel: -8275.9%)",
      "severity": "WARNING"
    },
    {
      "quarter": "2024-06 (Q2)",
      "signal": "FCF TURNED POSITIVE",
      "detail": "FCF margin: -628.7% -> +22.8%",
      "severity": "HIGH"
    },
    {
      "quarter": "2024-06 (Q2)",
      "signal": "OPERATING LEVERAGE",
      "detail": "Rev growth +351.6% vs OpEx growth +113.6% (leverage: 3.1x)",
      "severity": "MEDIUM"
    },
    {
      "quarter": "2023-09 (Q3)",
      "signal": "FCF MARGIN EXPANSION",
      "detail": "FCF margin: -14056.3% -> -371.2% (+13685.1%)",
      "severity": "MEDIUM"
    },
    {
      "quarter": "2017-12 (Q4)",
      "signal": "YoY REVENUE GROWTH DECELERATION",
      "detail": "YoY growth: -9.6% vs prior quarter YoY: +0.0% (decel: -9.6%)",
      "severity": "WARNING"
    },
    {
      "quarter": "2017-09 (Q3)",
      "signal": "YoY REVENUE GROWTH DECELERATION",
      "detail": "YoY growth: +0.0% vs prior quarter YoY: +75.7% (decel: -75.7%)",
      "severity": "WARNING"
    },
    {
      "quarter": "2017-06 (Q2)",
      "signal": "YoY REVENUE GROWTH DECELERATION",
      "detail": "YoY growth: +75.7% vs prior quarter YoY: +354.2% (decel: -278.5%)",
      "severity": "WARNING"
    },
    {
      "quarter": "2017-03 (Q1)",
      "signal": "YoY REVENUE GROWTH DECELERATION",
      "detail": "YoY growth: +354.2% vs prior quarter YoY: +912.9% (decel: -558.7%)",
      "severity": "WARNING"
    }
  ],
  "data_quality": {
    "n_quarters": 20,
    "coverage": {
      "revenue": [
        20,
        20
      ],
      "gross_profit": [
        0,
        20
      ],
      "op_income": [
        10,
        20
      ],
      "fcf": [
        10,
        20
      ]
    },
    "gaps": [
      [
        "2015-03 (Q1)",
        "2015-12 (Q4)",
        275
      ],
      [
        "2017-12 (Q4)",
        "2023-06 (Q2)",
        2007
      ]
    ],
    "warnings": [
      "gross_profit: no data",
      "op_income: 10/20Q",
      "fcf: 10/20Q",
      "gap: 2Q missing between 2015-03 (Q1) and 2015-12 (Q4)",
      "gap: 21Q missing between 2017-12 (Q4) and 2023-06 (Q2)"
    ]
  },
  "market_cap": null,
  "source": "SEC EDGAR",
  "last_updated": "2026-02-02T23:32:29.301197",
  "sector": "Financial Services",
  "industry": "Capital Markets"
}