{
  "ticker": "DOMO",
  "name": "DOMO, INC.",
  "quarters": [
    {
      "date": "2021-01-31T00:00:00",
      "quarter_label": "2021-01 (Q1)",
      "revenue": 56843000,
      "gross_profit": 42331000,
      "operating_income": -16868000,
      "net_income": -19615000,
      "opex": 59199000,
      "cogs": 14512000,
      "rd": 16600000,
      "sga": null,
      "fcf": 2101000,
      "ocf": 3548000,
      "capex": -1447000,
      "gross_margin": 0.7447003149024506,
      "op_margin": -0.2967471808314128,
      "fcf_margin": 0.03696145523635276
    },
    {
      "date": "2021-04-30T00:00:00",
      "quarter_label": "2021-04 (Q2)",
      "revenue": 60062000,
      "gross_profit": 44904000,
      "operating_income": -14954000,
      "net_income": -18104000,
      "opex": 59858000,
      "cogs": 15158000,
      "rd": 16186000,
      "sga": null,
      "fcf": -4506000,
      "ocf": -2728000,
      "capex": -1778000,
      "gross_margin": 0.7476274516333122,
      "op_margin": -0.24897605807332424,
      "fcf_margin": -0.0750224767740002,
      "op_leverage_ratio": 5.087131242439009,
      "fcf_margin_change": -0.11198393201035296
    },
    {
      "date": "2021-07-31T00:00:00",
      "quarter_label": "2021-07 (Q3)",
      "revenue": 62825000,
      "gross_profit": 46507000,
      "operating_income": -18596000,
      "net_income": -22240000,
      "opex": 65103000,
      "cogs": 16318000,
      "rd": 19341000,
      "sga": null,
      "fcf": 529000,
      "ocf": 2169000,
      "capex": -1640000,
      "gross_margin": 0.7402626343016315,
      "op_margin": -0.29599681655391963,
      "fcf_margin": 0.008420214882610426,
      "op_leverage_ratio": 0.5249981882401213,
      "fcf_margin_change": 0.08344269165661063
    },
    {
      "date": "2021-10-31T00:00:00",
      "quarter_label": "2021-10 (Q4)",
      "revenue": 65081000,
      "gross_profit": 47937000,
      "operating_income": -24980000,
      "net_income": -28513000,
      "opex": 72917000,
      "cogs": 17144000,
      "rd": 21984000,
      "sga": null,
      "fcf": -1518000,
      "ocf": 29000,
      "capex": -1547000,
      "gross_margin": 0.7365744226425531,
      "op_margin": -0.38382938184723653,
      "fcf_margin": -0.02332477988967594,
      "op_leverage_ratio": 0.2991811263284007,
      "fcf_margin_change": -0.031744994772286365
    },
    {
      "date": "2022-01-31T00:00:00",
      "quarter_label": "2022-01 (Q1)",
      "revenue": 69993000,
      "gross_profit": 51467000,
      "operating_income": -29940000,
      "net_income": -33254000,
      "opex": 81407000,
      "cogs": 18526000,
      "rd": 23516000,
      "sga": null,
      "fcf": -643000,
      "ocf": 909000,
      "capex": -1552000,
      "gross_margin": 0.7353163887817353,
      "op_margin": -0.42775706142042774,
      "fcf_margin": -0.009186632949009187,
      "incr_op_margin_yoy": -0.9940684410646388,
      "rev_growth_yoy": 0.23133895114613937,
      "op_leverage_ratio": 0.6482242034927971,
      "fcf_margin_change": 0.014138146940666754
    },
    {
      "date": "2022-04-30T00:00:00",
      "quarter_label": "2022-04 (Q2)",
      "revenue": 74464000,
      "gross_profit": 56803000,
      "operating_income": -28635000,
      "net_income": -32888000,
      "opex": 85438000,
      "cogs": 17661000,
      "rd": 23191000,
      "sga": null,
      "fcf": -1156000,
      "ocf": 781000,
      "capex": -1937000,
      "gross_margin": 0.7628249892565535,
      "op_margin": -0.3845482380747744,
      "fcf_margin": -0.015524280189084659,
      "incr_op_margin_yoy": -0.9499375086793501,
      "rev_growth_yoy": 0.23978555492657588,
      "rev_growth_yoy_accel": 0.008446603780436518,
      "op_leverage_ratio": 1.2900276347938155,
      "fcf_margin_change": -0.006337647240075472
    },
    {
      "date": "2022-07-31T00:00:00",
      "quarter_label": "2022-07 (Q3)",
      "revenue": 75531000,
      "gross_profit": 57218000,
      "operating_income": -25641000,
      "net_income": -29139000,
      "opex": 82859000,
      "cogs": 18313000,
      "rd": 25334000,
      "sga": null,
      "fcf": -3837000,
      "ocf": -2358000,
      "capex": -1479000,
      "gross_margin": 0.7575432603831539,
      "op_margin": -0.33947650633514714,
      "fcf_margin": -0.050800333637844065,
      "incr_op_margin_yoy": -0.5544624586809381,
      "rev_growth_yoy": 0.20224432948666932,
      "rev_growth_yoy_accel": -0.03754122543990657,
      "op_leverage_ratio": Infinity,
      "fcf_margin_change": -0.035276053448759406
    },
    {
      "date": "2022-10-31T00:00:00",
      "quarter_label": "2022-10 (Q4)",
      "revenue": 79026000,
      "gross_profit": 60112000,
      "operating_income": -18512000,
      "net_income": -23711000,
      "opex": 78624000,
      "cogs": 18914000,
      "rd": 24583000,
      "sga": null,
      "fcf": -8139000,
      "ocf": -6482000,
      "capex": -1657000,
      "gross_margin": 0.7606610482625972,
      "op_margin": -0.23425201832308354,
      "fcf_margin": -0.10299142054513705,
      "incr_op_margin_yoy": 0.46382215847974184,
      "rev_growth_yoy": 0.21427144635146972,
      "rev_growth_yoy_accel": 0.012027116864800402,
      "op_leverage_ratio": Infinity,
      "fcf_margin_change": -0.05219108690729298
    },
    {
      "date": "2023-01-31T00:00:00",
      "quarter_label": "2023-01 (Q1)",
      "revenue": 79624000,
      "gross_profit": 61434000,
      "operating_income": -16085000,
      "net_income": -19813000,
      "opex": 77519000,
      "cogs": 18190000,
      "rd": 21985000,
      "sga": null,
      "fcf": -5754000,
      "ocf": -2831000,
      "capex": -2923000,
      "gross_margin": 0.7715512910680197,
      "op_margin": -0.20201195619411233,
      "fcf_margin": -0.07226464382598212,
      "incr_op_margin_yoy": 1.4385837400062298,
      "rev_growth_yoy": 0.1375994742331376,
      "rev_growth_yoy_accel": -0.07667197211833213,
      "fcf_margin_change": 0.030726776719154927
    },
    {
      "date": "2023-04-30T00:00:00",
      "quarter_label": "2023-04 (Q2)",
      "revenue": 79458000,
      "gross_profit": 60889000,
      "operating_income": -19709000,
      "net_income": -24403000,
      "opex": 80598000,
      "cogs": 18569000,
      "rd": 23435000,
      "sga": null,
      "fcf": -2748000,
      "ocf": 828000,
      "capex": -3576000,
      "gross_margin": 0.7663042110297263,
      "op_margin": -0.24804299126582596,
      "fcf_margin": -0.034584308691384125,
      "incr_op_margin_yoy": 1.7873448137765318,
      "rev_growth_yoy": 0.06706596476149548,
      "rev_growth_yoy_accel": -0.07053350947164211,
      "fcf_margin_change": 0.037680335134597995
    },
    {
      "date": "2023-07-31T00:00:00",
      "quarter_label": "2023-07 (Q3)",
      "revenue": 79672000,
      "gross_profit": 60582000,
      "operating_income": -10603000,
      "net_income": -16068000,
      "opex": 71185000,
      "cogs": 19090000,
      "rd": 20767000,
      "sga": null,
      "fcf": -2289000,
      "ocf": 635000,
      "capex": -2924000,
      "gross_margin": 0.7603926096997691,
      "op_margin": -0.13308314087759815,
      "fcf_margin": -0.028730294206245607,
      "incr_op_margin_yoy": 3.6314899782661194,
      "rev_growth_yoy": 0.054825171121791055,
      "rev_growth_yoy_accel": -0.012240793639704428,
      "fcf_margin_change": 0.005854014485138517
    },
    {
      "date": "2023-10-31T00:00:00",
      "quarter_label": "2023-10 (Q4)",
      "revenue": 79675000,
      "gross_profit": 60899000,
      "operating_income": -11222000,
      "net_income": -16413000,
      "opex": 72121000,
      "cogs": 18776000,
      "rd": 19729000,
      "sga": null,
      "fcf": -7039000,
      "ocf": -4325000,
      "capex": -2714000,
      "gross_margin": 0.7643426419830561,
      "op_margin": -0.14084719171634766,
      "fcf_margin": -0.08834640727957327,
      "rev_growth_yoy": 0.0082124870295852,
      "rev_growth_yoy_accel": -0.046612684092205856,
      "fcf_margin_change": -0.05961611307332766
    },
    {
      "date": "2024-01-31T00:00:00",
      "quarter_label": "2024-01 (Q1)",
      "revenue": 80184000,
      "gross_profit": 61149000,
      "operating_income": -13347000,
      "net_income": -18685000,
      "opex": 74496000,
      "cogs": 19035000,
      "rd": 21118000,
      "sga": null,
      "fcf": 2925000,
      "ocf": 5445000,
      "capex": -2520000,
      "gross_margin": 0.7626085004489673,
      "op_margin": -0.1664546542951212,
      "fcf_margin": 0.036478599221789886,
      "rev_growth_yoy": 0.007033055360192907,
      "rev_growth_yoy_accel": -0.0011794316693922932,
      "fcf_margin_change": 0.12482500650136316
    },
    {
      "date": "2024-04-30T00:00:00",
      "quarter_label": "2024-04 (Q2)",
      "revenue": 80103000,
      "gross_profit": 59389000,
      "operating_income": -21450000,
      "net_income": -26007000,
      "opex": 80839000,
      "cogs": 20714000,
      "rd": 22719000,
      "sga": null,
      "fcf": -625000,
      "ocf": 1901000,
      "capex": -2526000,
      "gross_margin": 0.741407937280751,
      "op_margin": -0.2677802329500768,
      "fcf_margin": -0.007802454340037202,
      "rev_growth_yoy": 0.00811749603564147,
      "rev_growth_yoy_accel": 0.0010844406754485642,
      "fcf_margin_change": -0.044281053561827086
    },
    {
      "date": "2024-07-31T00:00:00",
      "quarter_label": "2024-07 (Q3)",
      "revenue": 78407000,
      "gross_profit": 58283000,
      "operating_income": -14487000,
      "net_income": -19490000,
      "opex": 72770000,
      "cogs": 20124000,
      "rd": 21969000,
      "sga": null,
      "fcf": -8375000,
      "ocf": -6171000,
      "capex": -2204000,
      "gross_margin": 0.7433392426696596,
      "op_margin": -0.18476666624153457,
      "fcf_margin": -0.10681444258803423,
      "incr_op_margin_yoy": 3.0703557312252965,
      "rev_growth_yoy": -0.015877598152424944,
      "rev_growth_yoy_accel": -0.023995094188066415,
      "fcf_margin_change": -0.09901198824799702
    },
    {
      "date": "2024-10-31T00:00:00",
      "quarter_label": "2024-10 (Q4)",
      "revenue": 79764000,
      "gross_profit": 59803000,
      "operating_income": -11084000,
      "net_income": -18761000,
      "opex": 70887000,
      "cogs": 19961000,
      "rd": 21264000,
      "sga": null,
      "fcf": -16216000,
      "ocf": -13701000,
      "capex": -2515000,
      "gross_margin": 0.7497492603179379,
      "op_margin": -0.13895993179880647,
      "fcf_margin": -0.20329973421593703,
      "rev_growth_yoy": 0.0011170379667398808,
      "rev_growth_yoy_accel": 0.016994636119164824,
      "op_leverage_ratio": Infinity,
      "fcf_margin_change": -0.0964852916279028
    },
    {
      "date": "2025-01-31T00:00:00",
      "quarter_label": "2025-01 (Q1)",
      "revenue": 78770000,
      "gross_profit": 58576000,
      "operating_income": -12261000,
      "net_income": -17677000,
      "opex": 70837000,
      "cogs": 20194000,
      "rd": 21947000,
      "sga": null,
      "fcf": 6719000,
      "ocf": 8919000,
      "capex": -2200000,
      "gross_margin": 0.7436333629554399,
      "op_margin": -0.15565570648724134,
      "fcf_margin": 0.0852989716897296,
      "incr_op_margin_yoy": -0.768033946251768,
      "rev_growth_yoy": -0.01763444078619176,
      "rev_growth_yoy_accel": -0.01875147875293164,
      "fcf_margin_change": 0.2885987059056666
    },
    {
      "date": "2025-04-30T00:00:00",
      "quarter_label": "2025-04 (Q2)",
      "revenue": 80111000,
      "gross_profit": 59443000,
      "operating_income": -14346000,
      "net_income": -18052000,
      "opex": 73789000,
      "cogs": 20668000,
      "rd": 19961000,
      "sga": null,
      "fcf": 1024000,
      "ocf": 3951000,
      "capex": -2927000,
      "gross_margin": 0.7420079639500193,
      "op_margin": -0.1790765313128035,
      "fcf_margin": 0.012782264607856598,
      "rev_growth_yoy": 9.987141555247618e-05,
      "rev_growth_yoy_accel": 0.017734312201744235,
      "op_leverage_ratio": 0.40851851020414476,
      "fcf_margin_change": -0.072516707081873
    },
    {
      "date": "2025-07-31T00:00:00",
      "quarter_label": "2025-07 (Q3)",
      "revenue": 79718000,
      "gross_profit": 59643000,
      "operating_income": -7251000,
      "net_income": -22932000,
      "opex": 66894000,
      "cogs": 20075000,
      "rd": 18952000,
      "sga": null,
      "fcf": 1019000,
      "ocf": 3368000,
      "capex": -2349000,
      "gross_margin": 0.7481748162272008,
      "op_margin": -0.09095812739908177,
      "fcf_margin": 0.012782558518778695,
      "incr_op_margin_yoy": 5.519450800915332,
      "rev_growth_yoy": 0.016720445878556763,
      "rev_growth_yoy_accel": 0.016620574463004287,
      "fcf_margin_change": 2.9391092209660186e-07
    },
    {
      "date": "2025-10-31T00:00:00",
      "quarter_label": "2025-10 (Q4)",
      "revenue": 79403000,
      "gross_profit": 58899000,
      "operating_income": -6930000,
      "net_income": -10388000,
      "opex": 65829000,
      "cogs": 20504000,
      "rd": 19062000,
      "sga": null,
      "fcf": 1092000,
      "ocf": 3384000,
      "capex": -2292000,
      "gross_margin": 0.7417729808697404,
      "op_margin": -0.08727629938415425,
      "fcf_margin": 0.01375262899386673,
      "rev_growth_yoy": -0.004525851261220601,
      "rev_growth_yoy_accel": -0.021246297139777364,
      "fcf_margin_change": 0.0009700704750880348
    }
  ],
  "signals": [
    {
      "quarter": "2025-01 (Q1)",
      "signal": "FCF TURNED POSITIVE",
      "detail": "FCF margin: -20.3% -> +8.5%",
      "severity": "HIGH"
    },
    {
      "quarter": "2024-01 (Q1)",
      "signal": "FCF TURNED POSITIVE",
      "detail": "FCF margin: -8.8% -> +3.6%",
      "severity": "HIGH"
    },
    {
      "quarter": "2023-04 (Q2)",
      "signal": "YoY REVENUE GROWTH DECELERATION",
      "detail": "YoY growth: +6.7% vs prior quarter YoY: +13.8% (decel: -7.1%)",
      "severity": "WARNING"
    },
    {
      "quarter": "2023-01 (Q1)",
      "signal": "YoY REVENUE GROWTH DECELERATION",
      "detail": "YoY growth: +13.8% vs prior quarter YoY: +21.4% (decel: -7.7%)",
      "severity": "WARNING"
    },
    {
      "quarter": "2022-04 (Q2)",
      "signal": "GROSS MARGIN INFLECTION",
      "detail": "GM: +73.7% -> +73.5% -> +76.3% (reversal +2.8%)",
      "severity": "MEDIUM"
    },
    {
      "quarter": "2021-07 (Q3)",
      "signal": "FCF TURNED POSITIVE",
      "detail": "FCF margin: -7.5% -> +0.8%",
      "severity": "HIGH"
    },
    {
      "quarter": "2021-04 (Q2)",
      "signal": "OPERATING LEVERAGE",
      "detail": "Rev growth +5.7% vs OpEx growth +1.1% (leverage: 5.1x)",
      "severity": "MEDIUM"
    }
  ],
  "data_quality": {
    "n_quarters": 20,
    "coverage": {
      "revenue": [
        20,
        20
      ],
      "gross_profit": [
        20,
        20
      ],
      "op_income": [
        20,
        20
      ],
      "fcf": [
        20,
        20
      ]
    },
    "gaps": [],
    "warnings": []
  },
  "market_cap": null,
  "source": "SEC EDGAR",
  "last_updated": "2026-02-02T22:52:52.394557"
}