{
  "ticker": "DOUG",
  "name": "DOUGLAS ELLIMAN INC.",
  "quarters": [
    {
      "date": "2021-03-31T00:00:00",
      "quarter_label": "2021-03 (Q1)",
      "revenue": 272776000,
      "gross_profit": null,
      "operating_income": 14228000,
      "net_income": 13965000,
      "opex": null,
      "cogs": null,
      "rd": null,
      "sga": null,
      "fcf": 13396000,
      "ocf": 13993000,
      "capex": -597000,
      "gross_margin": null,
      "op_margin": 0.05216001407748482,
      "fcf_margin": 0.049109892365897294
    },
    {
      "date": "2021-06-30T00:00:00",
      "quarter_label": "2021-06 (Q2)",
      "revenue": 391975000,
      "gross_profit": null,
      "operating_income": 43183000,
      "net_income": 39472000,
      "opex": null,
      "cogs": null,
      "rd": null,
      "sga": null,
      "fcf": 57448000,
      "ocf": 58114000,
      "capex": -666000,
      "gross_margin": null,
      "op_margin": 0.11016774028955928,
      "fcf_margin": 0.146560367370368,
      "fcf_margin_change": 0.09745047500447071
    },
    {
      "date": "2021-09-30T00:00:00",
      "quarter_label": "2021-09 (Q3)",
      "revenue": 354161000,
      "gross_profit": null,
      "operating_income": 25514000,
      "net_income": 25213000,
      "opex": null,
      "cogs": null,
      "rd": null,
      "sga": null,
      "fcf": 19899000,
      "ocf": 21329000,
      "capex": -1430000,
      "gross_margin": null,
      "op_margin": 0.0720406820626777,
      "fcf_margin": 0.056186310745677814,
      "fcf_margin_change": -0.0903740566246902
    },
    {
      "date": "2021-12-31T00:00:00",
      "quarter_label": "2021-12 (Q4)",
      "revenue": 334226000,
      "gross_profit": null,
      "operating_income": 19173000,
      "net_income": 20188000,
      "opex": null,
      "cogs": null,
      "rd": null,
      "sga": null,
      "fcf": 32977000,
      "ocf": 34390000,
      "capex": -1413000,
      "gross_margin": null,
      "op_margin": 0.0573653755243458,
      "fcf_margin": 0.09866677038889853,
      "fcf_margin_change": 0.04248045964322071
    },
    {
      "date": "2022-03-31T00:00:00",
      "quarter_label": "2022-03 (Q1)",
      "revenue": 308900000,
      "gross_profit": null,
      "operating_income": 7879000,
      "net_income": 6510000,
      "opex": null,
      "cogs": null,
      "rd": null,
      "sga": null,
      "fcf": -7629000,
      "ocf": -6780000,
      "capex": -849000,
      "gross_margin": null,
      "op_margin": 0.02550663645192619,
      "fcf_margin": -0.024697313046293298,
      "incr_op_margin_yoy": -0.1757557302624294,
      "rev_growth_yoy": 0.132431005660322,
      "fcf_margin_change": -0.12336408343519183
    },
    {
      "date": "2022-06-30T00:00:00",
      "quarter_label": "2022-06 (Q2)",
      "revenue": 364359000,
      "gross_profit": null,
      "operating_income": 14628000,
      "net_income": 10246000,
      "opex": null,
      "cogs": null,
      "rd": null,
      "sga": null,
      "fcf": 0,
      "ocf": 0,
      "capex": null,
      "gross_margin": null,
      "op_margin": 0.04014721744213811,
      "fcf_margin": 0.0,
      "incr_op_margin_yoy": 1.0340020278099653,
      "rev_growth_yoy": -0.07045347279801008,
      "rev_growth_yoy_accel": -0.20288447845833207,
      "fcf_margin_change": 0.024697313046293298
    },
    {
      "date": "2022-09-30T00:00:00",
      "quarter_label": "2022-09 (Q3)",
      "revenue": 272588000,
      "gross_profit": null,
      "operating_income": -5186000,
      "net_income": -3963000,
      "opex": null,
      "cogs": null,
      "rd": null,
      "sga": null,
      "fcf": 6630000,
      "ocf": 11988000,
      "capex": -5358000,
      "gross_margin": null,
      "op_margin": -0.019025048791582903,
      "fcf_margin": 0.024322420649478333,
      "incr_op_margin_yoy": 0.37635001777548943,
      "rev_growth_yoy": -0.23032744994508147,
      "rev_growth_yoy_accel": -0.1598739771470714,
      "fcf_margin_change": 0.024322420649478333
    },
    {
      "date": "2022-12-31T00:00:00",
      "quarter_label": "2022-12 (Q4)",
      "revenue": 207330000,
      "gross_profit": null,
      "operating_income": -21862000,
      "net_income": -18415000,
      "opex": null,
      "cogs": null,
      "rd": null,
      "sga": null,
      "fcf": -22282000,
      "ocf": -19952000,
      "capex": -2330000,
      "gross_margin": null,
      "op_margin": -0.1054454251676072,
      "fcf_margin": -0.10747118120870111,
      "incr_op_margin_yoy": 0.3233750472828143,
      "rev_growth_yoy": -0.3796712404181602,
      "rev_growth_yoy_accel": -0.14934379047307872,
      "fcf_margin_change": -0.13179360185817945
    },
    {
      "date": "2023-03-31T00:00:00",
      "quarter_label": "2023-03 (Q1)",
      "revenue": 213982000,
      "gross_profit": null,
      "operating_income": -23808000,
      "net_income": -17624000,
      "opex": null,
      "cogs": null,
      "rd": null,
      "sga": null,
      "fcf": -35202000,
      "ocf": -31575000,
      "capex": -3627000,
      "gross_margin": null,
      "op_margin": -0.11126169490891757,
      "fcf_margin": -0.1645091643222327,
      "incr_op_margin_yoy": 0.3338355211867085,
      "rev_growth_yoy": -0.307277436063451,
      "rev_growth_yoy_accel": 0.07239380435470921,
      "fcf_margin_change": -0.05703798311353159
    },
    {
      "date": "2023-06-30T00:00:00",
      "quarter_label": "2023-06 (Q2)",
      "revenue": 275912000,
      "gross_profit": null,
      "operating_income": -8297000,
      "net_income": -5219000,
      "opex": null,
      "cogs": null,
      "rd": null,
      "sga": null,
      "fcf": 7448000,
      "ocf": 8435000,
      "capex": -987000,
      "gross_margin": null,
      "op_margin": -0.030071182116036998,
      "fcf_margin": 0.02699411406535417,
      "incr_op_margin_yoy": 0.2591947720103565,
      "rev_growth_yoy": -0.2427468513197149,
      "rev_growth_yoy_accel": 0.06453058474373607,
      "fcf_margin_change": 0.19150327838758688
    },
    {
      "date": "2023-09-30T00:00:00",
      "quarter_label": "2023-09 (Q3)",
      "revenue": 251548000,
      "gross_profit": null,
      "operating_income": -8821000,
      "net_income": -4866000,
      "opex": null,
      "cogs": null,
      "rd": null,
      "sga": null,
      "fcf": -5399000,
      "ocf": -4633000,
      "capex": -766000,
      "gross_margin": null,
      "op_margin": -0.03506686596593891,
      "fcf_margin": -0.021463100481816592,
      "incr_op_margin_yoy": 0.1727661596958175,
      "rev_growth_yoy": -0.07718608302639882,
      "rev_growth_yoy_accel": 0.1655607682933161,
      "fcf_margin_change": -0.048457214547170765
    },
    {
      "date": "2023-12-31T00:00:00",
      "quarter_label": "2023-12 (Q4)",
      "revenue": 214136000,
      "gross_profit": null,
      "operating_income": -23571000,
      "net_income": -14843000,
      "opex": null,
      "cogs": null,
      "rd": null,
      "sga": null,
      "fcf": -3405000,
      "ocf": -2642000,
      "capex": -763000,
      "gross_margin": null,
      "op_margin": -0.11007490566742631,
      "fcf_margin": -0.015901109575223223,
      "incr_op_margin_yoy": -0.2511019688510138,
      "rev_growth_yoy": 0.03282689432305986,
      "rev_growth_yoy_accel": 0.11001297734945867,
      "fcf_margin_change": 0.005561990906593369
    },
    {
      "date": "2024-03-31T00:00:00",
      "quarter_label": "2024-03 (Q1)",
      "revenue": 200239000,
      "gross_profit": null,
      "operating_income": -41464000,
      "net_income": -41475000,
      "opex": null,
      "cogs": null,
      "rd": null,
      "sga": null,
      "fcf": -29372000,
      "ocf": -27291000,
      "capex": -2081000,
      "gross_margin": null,
      "op_margin": -0.20707254830477578,
      "fcf_margin": -0.1466847117694355,
      "incr_op_margin_yoy": 1.284726769991996,
      "rev_growth_yoy": -0.06422502827340618,
      "rev_growth_yoy_accel": -0.09705192259646603,
      "fcf_margin_change": -0.13078360219421228
    },
    {
      "date": "2024-06-30T00:00:00",
      "quarter_label": "2024-06 (Q2)",
      "revenue": 285751000,
      "gross_profit": null,
      "operating_income": -3673000,
      "net_income": -1664000,
      "opex": null,
      "cogs": null,
      "rd": null,
      "sga": null,
      "fcf": 432000,
      "ocf": 1318000,
      "capex": -886000,
      "gross_margin": null,
      "op_margin": -0.012853848280495956,
      "fcf_margin": 0.0015118057329633141,
      "incr_op_margin_yoy": 0.4699664600060982,
      "rev_growth_yoy": 0.03565992055437966,
      "rev_growth_yoy_accel": 0.09988494882778584,
      "fcf_margin_change": 0.14819651750239882
    },
    {
      "date": "2024-09-30T00:00:00",
      "quarter_label": "2024-09 (Q3)",
      "revenue": 266316000,
      "gross_profit": null,
      "operating_income": -7431000,
      "net_income": -27180000,
      "opex": null,
      "cogs": null,
      "rd": null,
      "sga": null,
      "fcf": 7680000,
      "ocf": 8986000,
      "capex": -1306000,
      "gross_margin": null,
      "op_margin": -0.02790294236921552,
      "fcf_margin": 0.02883792186725544,
      "incr_op_margin_yoy": 0.09412242686890575,
      "rev_growth_yoy": 0.058708477109736514,
      "rev_growth_yoy_accel": 0.023048556555356856,
      "fcf_margin_change": 0.027326116134292127
    },
    {
      "date": "2024-12-31T00:00:00",
      "quarter_label": "2024-12 (Q4)",
      "revenue": 243321000,
      "gross_profit": null,
      "operating_income": -16258000,
      "net_income": -5997000,
      "opex": null,
      "cogs": null,
      "rd": null,
      "sga": null,
      "fcf": -10236000,
      "ocf": -8975000,
      "capex": -1261000,
      "gross_margin": null,
      "op_margin": -0.06681708524952634,
      "fcf_margin": -0.042067885632559456,
      "incr_op_margin_yoy": 0.2505739249614528,
      "rev_growth_yoy": 0.1362918892666343,
      "rev_growth_yoy_accel": 0.07758341215689779,
      "fcf_margin_change": -0.0709058074998149
    },
    {
      "date": "2025-03-31T00:00:00",
      "quarter_label": "2025-03 (Q1)",
      "revenue": 253403000,
      "gross_profit": null,
      "operating_income": -5349000,
      "net_income": -5985000,
      "opex": null,
      "cogs": null,
      "rd": null,
      "sga": null,
      "fcf": -6651000,
      "ocf": -5617000,
      "capex": -1034000,
      "gross_margin": null,
      "op_margin": -0.021108668800290446,
      "fcf_margin": -0.026246729517803657,
      "incr_op_margin_yoy": 0.6793130689940561,
      "rev_growth_yoy": 0.2655027242445278,
      "rev_growth_yoy_accel": 0.1292108349778935,
      "fcf_margin_change": 0.015821156114755798
    },
    {
      "date": "2025-06-30T00:00:00",
      "quarter_label": "2025-06 (Q2)",
      "revenue": 271366000,
      "gross_profit": null,
      "operating_income": -5532000,
      "net_income": -22673000,
      "opex": null,
      "cogs": null,
      "rd": null,
      "sga": null,
      "fcf": -575000,
      "ocf": 642000,
      "capex": -1217000,
      "gross_margin": null,
      "op_margin": -0.02038575208390145,
      "fcf_margin": -0.0021189095170360325,
      "incr_op_margin_yoy": 0.1292318387208898,
      "rev_growth_yoy": -0.050341031177493695,
      "rev_growth_yoy_accel": -0.3158437554220215,
      "fcf_margin_change": 0.024127820000767623
    },
    {
      "date": "2025-09-30T00:00:00",
      "quarter_label": "2025-09 (Q3)",
      "revenue": 262838000,
      "gross_profit": null,
      "operating_income": -10655000,
      "net_income": -24691000,
      "opex": null,
      "cogs": null,
      "rd": null,
      "sga": null,
      "fcf": 4690000,
      "ocf": 5480000,
      "capex": -790000,
      "gross_margin": null,
      "op_margin": -0.040538278331139335,
      "fcf_margin": 0.017843690790524964,
      "incr_op_margin_yoy": 0.9269695227142035,
      "rev_growth_yoy": -0.013059673470613858,
      "rev_growth_yoy_accel": 0.037281357706879834,
      "fcf_margin_change": 0.019962600307560995
    }
  ],
  "signals": [
    {
      "quarter": "2025-09 (Q3)",
      "signal": "FCF TURNED POSITIVE",
      "detail": "FCF margin: -0.2% -> +1.8%",
      "severity": "HIGH"
    },
    {
      "quarter": "2025-06 (Q2)",
      "signal": "YoY REVENUE GROWTH DECELERATION",
      "detail": "YoY growth: -5.0% vs prior quarter YoY: +26.6% (decel: -31.6%)",
      "severity": "WARNING"
    },
    {
      "quarter": "2025-03 (Q1)",
      "signal": "YoY REVENUE GROWTH ACCELERATION",
      "detail": "YoY growth: +26.6% vs prior quarter YoY: +13.6% (accel: +12.9%)",
      "severity": "MEDIUM"
    },
    {
      "quarter": "2024-12 (Q4)",
      "signal": "YoY REVENUE GROWTH ACCELERATION",
      "detail": "YoY growth: +13.6% vs prior quarter YoY: +5.9% (accel: +7.8%)",
      "severity": "MEDIUM"
    },
    {
      "quarter": "2024-06 (Q2)",
      "signal": "FCF TURNED POSITIVE",
      "detail": "FCF margin: -14.7% -> +0.2%",
      "severity": "HIGH"
    },
    {
      "quarter": "2024-06 (Q2)",
      "signal": "YoY REVENUE GROWTH ACCELERATION",
      "detail": "YoY growth: +3.6% vs prior quarter YoY: -6.4% (accel: +10.0%)",
      "severity": "MEDIUM"
    },
    {
      "quarter": "2024-03 (Q1)",
      "signal": "YoY REVENUE GROWTH DECELERATION",
      "detail": "YoY growth: -6.4% vs prior quarter YoY: +3.3% (decel: -9.7%)",
      "severity": "WARNING"
    },
    {
      "quarter": "2023-12 (Q4)",
      "signal": "YoY REVENUE GROWTH ACCELERATION",
      "detail": "YoY growth: +3.3% vs prior quarter YoY: -7.7% (accel: +11.0%)",
      "severity": "MEDIUM"
    },
    {
      "quarter": "2023-09 (Q3)",
      "signal": "YoY REVENUE GROWTH ACCELERATION",
      "detail": "YoY growth: -7.7% vs prior quarter YoY: -24.3% (accel: +16.6%)",
      "severity": "HIGH"
    },
    {
      "quarter": "2023-06 (Q2)",
      "signal": "FCF TURNED POSITIVE",
      "detail": "FCF margin: -16.5% -> +2.7%",
      "severity": "HIGH"
    },
    {
      "quarter": "2023-06 (Q2)",
      "signal": "YoY REVENUE GROWTH ACCELERATION",
      "detail": "YoY growth: -24.3% vs prior quarter YoY: -30.7% (accel: +6.5%)",
      "severity": "MEDIUM"
    },
    {
      "quarter": "2023-03 (Q1)",
      "signal": "YoY REVENUE GROWTH ACCELERATION",
      "detail": "YoY growth: -30.7% vs prior quarter YoY: -38.0% (accel: +7.2%)",
      "severity": "MEDIUM"
    },
    {
      "quarter": "2022-12 (Q4)",
      "signal": "YoY REVENUE GROWTH DECELERATION",
      "detail": "YoY growth: -38.0% vs prior quarter YoY: -23.0% (decel: -14.9%)",
      "severity": "WARNING"
    },
    {
      "quarter": "2022-09 (Q3)",
      "signal": "YoY REVENUE GROWTH DECELERATION",
      "detail": "YoY growth: -23.0% vs prior quarter YoY: -7.0% (decel: -16.0%)",
      "severity": "WARNING"
    },
    {
      "quarter": "2022-06 (Q2)",
      "signal": "YoY REVENUE GROWTH DECELERATION",
      "detail": "YoY growth: -7.0% vs prior quarter YoY: +13.2% (decel: -20.3%)",
      "severity": "WARNING"
    },
    {
      "quarter": "2022-06 (Q2)",
      "signal": "INCREMENTAL MARGIN (YoY)",
      "detail": "YoY Incr OPM: +103.4% vs year-ago OPM: +11.0%",
      "severity": "HIGH"
    },
    {
      "quarter": "2021-06 (Q2)",
      "signal": "FCF MARGIN EXPANSION",
      "detail": "FCF margin: +4.9% -> +14.7% (+9.7%)",
      "severity": "MEDIUM"
    }
  ],
  "data_quality": {
    "n_quarters": 19,
    "coverage": {
      "revenue": [
        19,
        19
      ],
      "gross_profit": [
        0,
        19
      ],
      "op_income": [
        19,
        19
      ],
      "fcf": [
        19,
        19
      ]
    },
    "gaps": [],
    "warnings": [
      "gross_profit: no data"
    ]
  },
  "market_cap": null,
  "source": "SEC EDGAR",
  "last_updated": "2026-02-02T22:54:48.380100"
}