{
  "ticker": "DOV",
  "name": "DOVER Corp",
  "quarters": [
    {
      "date": "2020-12-31T00:00:00",
      "quarter_label": "2020-12 (Q4)",
      "revenue": 1780390000,
      "gross_profit": 651449000,
      "operating_income": 245929000,
      "net_income": 182106000,
      "opex": 405520000,
      "cogs": 1128941000,
      "rd": null,
      "sga": 405520000,
      "fcf": 375763000,
      "ocf": 417891000,
      "capex": -42128000,
      "gross_margin": 0.3659024146394891,
      "op_margin": 0.13813209465341864,
      "fcf_margin": 0.21105656625795471
    },
    {
      "date": "2021-03-31T00:00:00",
      "quarter_label": "2021-03 (Q1)",
      "revenue": 1867901000,
      "gross_profit": 721548000,
      "operating_income": 312550000,
      "net_income": 232769000,
      "opex": 408998000,
      "cogs": 1146353000,
      "rd": null,
      "sga": 408998000,
      "fcf": 145924000,
      "ocf": 177184000,
      "capex": -31260000,
      "gross_margin": 0.3862881383970564,
      "op_margin": 0.16732685511705384,
      "fcf_margin": 0.07812191331339295,
      "op_leverage_ratio": 5.730997260581084,
      "fcf_margin_change": -0.13293465294456175
    },
    {
      "date": "2021-06-30T00:00:00",
      "quarter_label": "2021-06 (Q2)",
      "revenue": 2031676000,
      "gross_profit": 772172000,
      "operating_income": 344130000,
      "net_income": 264508000,
      "opex": 428042000,
      "cogs": 1259504000,
      "rd": null,
      "sga": 428042000,
      "fcf": 218102000,
      "ocf": 260073000,
      "capex": -41971000,
      "gross_margin": 0.3800665066674017,
      "op_margin": 0.16938232277193804,
      "fcf_margin": 0.10735077837214202,
      "op_leverage_ratio": 1.883027944191473,
      "fcf_margin_change": 0.029228865058749068
    },
    {
      "date": "2021-09-30T00:00:00",
      "quarter_label": "2021-09 (Q3)",
      "revenue": 2018269000,
      "gross_profit": 754579000,
      "operating_income": 342026000,
      "net_income": 263756000,
      "opex": 412553000,
      "cogs": 1263690000,
      "rd": null,
      "sga": 412553000,
      "fcf": 303403000,
      "ocf": 351329000,
      "capex": -47926000,
      "gross_margin": 0.3738743447974477,
      "op_margin": 0.16946502175874475,
      "fcf_margin": 0.15032832590700249,
      "fcf_margin_change": 0.042977547534860466
    },
    {
      "date": "2021-12-31T00:00:00",
      "quarter_label": "2021-12 (Q4)",
      "revenue": 1989235000,
      "gross_profit": 721487000,
      "operating_income": 282802000,
      "net_income": 362785000,
      "opex": 438685000,
      "cogs": 1267748000,
      "rd": null,
      "sga": 438685000,
      "fcf": 276971000,
      "ocf": 327279000,
      "capex": -50308000,
      "gross_margin": 0.36269570965723,
      "op_margin": 0.1421662096232974,
      "fcf_margin": 0.1392349320216063,
      "incr_op_margin_yoy": 0.17655677655677657,
      "rev_growth_yoy": 0.11730295047714265,
      "fcf_margin_change": -0.01109339388539618
    },
    {
      "date": "2022-03-31T00:00:00",
      "quarter_label": "2022-03 (Q1)",
      "revenue": 2051901000,
      "gross_profit": 743194000,
      "operating_income": 299351000,
      "net_income": 226153000,
      "opex": 443843000,
      "cogs": 1308707000,
      "rd": null,
      "sga": 443843000,
      "fcf": -26698000,
      "ocf": 23683000,
      "capex": -50381000,
      "gross_margin": 0.3621977863454426,
      "op_margin": 0.1458895921391919,
      "fcf_margin": -0.013011348988084709,
      "incr_op_margin_yoy": -0.07173369565217391,
      "rev_growth_yoy": 0.0985062912863155,
      "rev_growth_yoy_accel": -0.018796659190827153,
      "op_leverage_ratio": 2.6792752324789495,
      "fcf_margin_change": -0.152246281009691
    },
    {
      "date": "2022-06-30T00:00:00",
      "quarter_label": "2022-06 (Q2)",
      "revenue": 2158715000,
      "gross_profit": 781283000,
      "operating_income": 356850000,
      "net_income": 289618000,
      "opex": 424433000,
      "cogs": 1377432000,
      "rd": null,
      "sga": 424433000,
      "fcf": 128577000,
      "ocf": 178773000,
      "capex": -50196000,
      "gross_margin": 0.36192040172046797,
      "op_margin": 0.16530667549908162,
      "fcf_margin": 0.05956182265838705,
      "incr_op_margin_yoy": 0.10012673273561662,
      "rev_growth_yoy": 0.0625291631145911,
      "rev_growth_yoy_accel": -0.035977128171724396,
      "op_leverage_ratio": Infinity,
      "fcf_margin_change": 0.07257317164647176
    },
    {
      "date": "2022-09-30T00:00:00",
      "quarter_label": "2022-09 (Q3)",
      "revenue": 2158291000,
      "gross_profit": 772750000,
      "operating_income": 370411000,
      "net_income": 286026000,
      "opex": 402339000,
      "cogs": 1385541000,
      "rd": null,
      "sga": 402339000,
      "fcf": 199163000,
      "ocf": 264625000,
      "capex": -65462000,
      "gross_margin": 0.35803791055052353,
      "op_margin": 0.17162236232278225,
      "fcf_margin": 0.0922781033697495,
      "incr_op_margin_yoy": 0.2027181442916113,
      "rev_growth_yoy": 0.06937727329706793,
      "rev_growth_yoy_accel": 0.00684811018247683,
      "fcf_margin_change": 0.03271628071136245
    },
    {
      "date": "2022-12-31T00:00:00",
      "quarter_label": "2022-12 (Q4)",
      "revenue": 2139181000,
      "gross_profit": 766329000,
      "operating_income": 352718000,
      "net_income": 263579000,
      "opex": 413611000,
      "cogs": 1372852000,
      "rd": null,
      "sga": 413611000,
      "fcf": 293600000,
      "ocf": 338643000,
      "capex": -45043000,
      "gross_margin": 0.3582347636782488,
      "op_margin": 0.1648845983579697,
      "fcf_margin": 0.13724878820445768,
      "incr_op_margin_yoy": 0.4662745254958452,
      "rev_growth_yoy": 0.07537872599265547,
      "rev_growth_yoy_accel": 0.006001452695587536,
      "fcf_margin_change": 0.04497068483470819
    },
    {
      "date": "2023-03-31T00:00:00",
      "quarter_label": "2023-03 (Q1)",
      "revenue": 2079023000,
      "gross_profit": 747019000,
      "operating_income": 314605000,
      "net_income": 228574000,
      "opex": 432414000,
      "cogs": 1332004000,
      "rd": null,
      "sga": 432414000,
      "fcf": 192909000,
      "ocf": 241284000,
      "capex": -48375000,
      "gross_margin": 0.35931252323807866,
      "op_margin": 0.1513234822317983,
      "fcf_margin": 0.09278829527138469,
      "incr_op_margin_yoy": 0.5624216503207728,
      "rev_growth_yoy": 0.01321798663775689,
      "rev_growth_yoy_accel": -0.062160739354898575,
      "fcf_margin_change": -0.044460492933073
    },
    {
      "date": "2023-06-30T00:00:00",
      "quarter_label": "2023-06 (Q2)",
      "revenue": 2100086000,
      "gross_profit": 758836000,
      "operating_income": 324496000,
      "net_income": 242239000,
      "opex": 434340000,
      "cogs": 1341250000,
      "rd": null,
      "sga": 434340000,
      "fcf": 155175000,
      "ocf": 195254000,
      "capex": -40079000,
      "gross_margin": 0.3613356786341131,
      "op_margin": 0.15451557698113316,
      "fcf_margin": 0.07388983117834222,
      "incr_op_margin_yoy": 0.5518429446178512,
      "rev_growth_yoy": -0.02715921277241322,
      "rev_growth_yoy_accel": -0.04037719941017011,
      "op_leverage_ratio": 2.274596661845942,
      "fcf_margin_change": -0.018898464093042466
    },
    {
      "date": "2023-09-30T00:00:00",
      "quarter_label": "2023-09 (Q3)",
      "revenue": 2153268000,
      "gross_profit": 793015000,
      "operating_income": 372770000,
      "net_income": 289753000,
      "opex": 420245000,
      "cogs": 1360253000,
      "rd": null,
      "sga": 420245000,
      "fcf": 345780000,
      "ocf": 383457000,
      "capex": -37677000,
      "gross_margin": 0.3682843937679843,
      "op_margin": 0.1731182556003247,
      "fcf_margin": 0.16058381957099627,
      "incr_op_margin_yoy": -0.4696396575751543,
      "rev_growth_yoy": -0.0023273043347722803,
      "rev_growth_yoy_accel": 0.024831908437640937,
      "op_leverage_ratio": Infinity,
      "fcf_margin_change": 0.08669398839265405
    },
    {
      "date": "2023-12-31T00:00:00",
      "quarter_label": "2023-12 (Q4)",
      "revenue": 2105757000,
      "gross_profit": 785763000,
      "operating_income": 354472000,
      "net_income": 296262000,
      "opex": 431291000,
      "cogs": 1319994000,
      "rd": null,
      "sga": 431291000,
      "fcf": 459075000,
      "ocf": 516350000,
      "capex": -57275000,
      "gross_margin": 0.3731498933637642,
      "op_margin": 0.16833471288472507,
      "fcf_margin": 0.21800948542495643,
      "incr_op_margin_yoy": -0.05247726184777406,
      "rev_growth_yoy": -0.015624671311123276,
      "rev_growth_yoy_accel": -0.013297366976350996,
      "fcf_margin_change": 0.05742566585396017
    },
    {
      "date": "2024-03-31T00:00:00",
      "quarter_label": "2024-03 (Q1)",
      "revenue": 2093941000,
      "gross_profit": 757255000,
      "operating_income": 294131000,
      "net_income": 632221000,
      "opex": 463124000,
      "cogs": 1336686000,
      "rd": null,
      "sga": 463124000,
      "fcf": 126543000,
      "ocf": 166593000,
      "capex": -40050000,
      "gross_margin": 0.3616410395517352,
      "op_margin": 0.1404676636065677,
      "fcf_margin": 0.06043293483436257,
      "incr_op_margin_yoy": -1.3724359833757875,
      "rev_growth_yoy": 0.007175485793086464,
      "rev_growth_yoy_accel": 0.02280015710420974,
      "fcf_margin_change": -0.15757655059059386
    },
    {
      "date": "2024-06-30T00:00:00",
      "quarter_label": "2024-06 (Q2)",
      "revenue": 2178262000,
      "gross_profit": 821567000,
      "operating_income": 369374000,
      "net_income": 281822000,
      "opex": 452193000,
      "cogs": 1356695000,
      "rd": null,
      "sga": 452193000,
      "fcf": 167840000,
      "ocf": 203662000,
      "capex": -35822000,
      "gross_margin": 0.37716629129094664,
      "op_margin": 0.16957280620972132,
      "fcf_margin": 0.07705225542198321,
      "incr_op_margin_yoy": 0.574063651248465,
      "rev_growth_yoy": 0.03722514220846194,
      "rev_growth_yoy_accel": 0.030049656415375475,
      "op_leverage_ratio": Infinity,
      "fcf_margin_change": 0.01661932058762064
    },
    {
      "date": "2024-09-30T00:00:00",
      "quarter_label": "2024-09 (Q3)",
      "revenue": 1983542000,
      "gross_profit": 763187000,
      "operating_income": 333617000,
      "net_income": 347100000,
      "opex": 429570000,
      "cogs": 1220355000,
      "rd": null,
      "sga": 429570000,
      "fcf": null,
      "ocf": null,
      "capex": -37754000,
      "gross_margin": 0.3847596874681756,
      "op_margin": 0.1681925565478321,
      "fcf_margin": null,
      "incr_op_margin_yoy": 0.23068357234601652,
      "rev_growth_yoy": -0.07882251535805111,
      "rev_growth_yoy_accel": -0.11604765756651306
    },
    {
      "date": "2024-12-31T00:00:00",
      "quarter_label": "2024-12 (Q4)",
      "revenue": 1929866000,
      "gross_profit": 745724000,
      "operating_income": 295064000,
      "net_income": 1435983000,
      "opex": 450660000,
      "cogs": 1184142000,
      "rd": null,
      "sga": 450660000,
      "fcf": null,
      "ocf": null,
      "capex": -53907000,
      "gross_margin": 0.38641232085543764,
      "op_margin": 0.15289351695920855,
      "fcf_margin": null,
      "incr_op_margin_yoy": 0.337754632130126,
      "rev_growth_yoy": -0.08352863127131953,
      "rev_growth_yoy_accel": -0.004706115913268416
    },
    {
      "date": "2025-03-31T00:00:00",
      "quarter_label": "2025-03 (Q1)",
      "revenue": 1866059000,
      "gross_profit": 745500000,
      "operating_income": 296309000,
      "net_income": 230821000,
      "opex": 449191000,
      "cogs": 1120559000,
      "rd": null,
      "sga": 449191000,
      "fcf": null,
      "ocf": null,
      "capex": -48192000,
      "gross_margin": 0.3995050531628421,
      "op_margin": 0.1587886556641564,
      "fcf_margin": null,
      "incr_op_margin_yoy": -0.00955757804477756,
      "rev_growth_yoy": -0.10882923635384187,
      "rev_growth_yoy_accel": -0.02530060508252234
    },
    {
      "date": "2025-06-30T00:00:00",
      "quarter_label": "2025-06 (Q2)",
      "revenue": 2049592000,
      "gross_profit": 818262000,
      "operating_income": 354597000,
      "net_income": 279064000,
      "opex": 463665000,
      "cogs": 1231330000,
      "rd": null,
      "sga": 463665000,
      "fcf": null,
      "ocf": null,
      "capex": -60932000,
      "gross_margin": 0.3992316519580482,
      "op_margin": 0.17300857926845928,
      "fcf_margin": null,
      "incr_op_margin_yoy": 0.11484417502137251,
      "rev_growth_yoy": -0.05907002922513453,
      "rev_growth_yoy_accel": 0.049759207128707336,
      "op_leverage_ratio": 3.052328491234371
    },
    {
      "date": "2025-09-30T00:00:00",
      "quarter_label": "2025-09 (Q3)",
      "revenue": 2077841000,
      "gross_profit": 833594000,
      "operating_income": 377153000,
      "net_income": 301996000,
      "opex": 456441000,
      "cogs": 1244247000,
      "rd": null,
      "sga": 456441000,
      "fcf": null,
      "ocf": null,
      "capex": -54150000,
      "gross_margin": 0.4011827661500567,
      "op_margin": 0.1815119636199305,
      "fcf_margin": null,
      "incr_op_margin_yoy": 0.4616803995800592,
      "rev_growth_yoy": 0.047540712523354685,
      "rev_growth_yoy_accel": 0.10661074174848922,
      "op_leverage_ratio": Infinity
    }
  ],
  "signals": [
    {
      "quarter": "2025-09 (Q3)",
      "signal": "YoY REVENUE GROWTH ACCELERATION",
      "detail": "YoY growth: +4.8% vs prior quarter YoY: -5.9% (accel: +10.7%)",
      "severity": "MEDIUM"
    },
    {
      "quarter": "2025-09 (Q3)",
      "signal": "INCREMENTAL MARGIN (YoY)",
      "detail": "YoY Incr OPM: +46.2% vs year-ago OPM: +16.8%",
      "severity": "HIGH"
    },
    {
      "quarter": "2025-06 (Q2)",
      "signal": "OPERATING LEVERAGE",
      "detail": "Rev growth +9.8% vs OpEx growth +3.2% (leverage: 3.1x)",
      "severity": "MEDIUM"
    },
    {
      "quarter": "2024-12 (Q4)",
      "signal": "INCREMENTAL MARGIN (YoY)",
      "detail": "YoY Incr OPM: +33.8% vs year-ago OPM: +16.8%",
      "severity": "MEDIUM"
    },
    {
      "quarter": "2024-09 (Q3)",
      "signal": "YoY REVENUE GROWTH DECELERATION",
      "detail": "YoY growth: -7.9% vs prior quarter YoY: +3.7% (decel: -11.6%)",
      "severity": "WARNING"
    },
    {
      "quarter": "2024-06 (Q2)",
      "signal": "INCREMENTAL MARGIN (YoY)",
      "detail": "YoY Incr OPM: +57.4% vs year-ago OPM: +15.5%",
      "severity": "HIGH"
    },
    {
      "quarter": "2023-12 (Q4)",
      "signal": "FCF MARGIN EXPANSION",
      "detail": "FCF margin: +16.1% -> +21.8% (+5.7%)",
      "severity": "MEDIUM"
    },
    {
      "quarter": "2023-09 (Q3)",
      "signal": "FCF MARGIN EXPANSION",
      "detail": "FCF margin: +7.4% -> +16.1% (+8.7%)",
      "severity": "MEDIUM"
    },
    {
      "quarter": "2023-06 (Q2)",
      "signal": "OPERATING LEVERAGE",
      "detail": "Rev growth +1.0% vs OpEx growth +0.4% (leverage: 2.3x)",
      "severity": "MEDIUM"
    },
    {
      "quarter": "2023-06 (Q2)",
      "signal": "INCREMENTAL MARGIN (YoY)",
      "detail": "YoY Incr OPM: +55.2% vs year-ago OPM: +16.5%",
      "severity": "HIGH"
    },
    {
      "quarter": "2023-03 (Q1)",
      "signal": "YoY REVENUE GROWTH DECELERATION",
      "detail": "YoY growth: +1.3% vs prior quarter YoY: +7.5% (decel: -6.2%)",
      "severity": "WARNING"
    },
    {
      "quarter": "2023-03 (Q1)",
      "signal": "INCREMENTAL MARGIN (YoY)",
      "detail": "YoY Incr OPM: +56.2% vs year-ago OPM: +14.6%",
      "severity": "HIGH"
    },
    {
      "quarter": "2022-12 (Q4)",
      "signal": "INCREMENTAL MARGIN (YoY)",
      "detail": "YoY Incr OPM: +46.6% vs year-ago OPM: +14.2%",
      "severity": "HIGH"
    },
    {
      "quarter": "2022-06 (Q2)",
      "signal": "FCF TURNED POSITIVE",
      "detail": "FCF margin: -1.3% -> +6.0%",
      "severity": "HIGH"
    },
    {
      "quarter": "2022-03 (Q1)",
      "signal": "OPERATING LEVERAGE",
      "detail": "Rev growth +3.2% vs OpEx growth +1.2% (leverage: 2.7x)",
      "severity": "MEDIUM"
    },
    {
      "quarter": "2021-06 (Q2)",
      "signal": "OPERATING LEVERAGE",
      "detail": "Rev growth +8.8% vs OpEx growth +4.7% (leverage: 1.9x)",
      "severity": "MEDIUM"
    },
    {
      "quarter": "2021-03 (Q1)",
      "signal": "OPERATING LEVERAGE",
      "detail": "Rev growth +4.9% vs OpEx growth +0.9% (leverage: 5.7x)",
      "severity": "MEDIUM"
    }
  ],
  "data_quality": {
    "n_quarters": 20,
    "coverage": {
      "revenue": [
        20,
        20
      ],
      "gross_profit": [
        20,
        20
      ],
      "op_income": [
        20,
        20
      ],
      "fcf": [
        15,
        20
      ]
    },
    "gaps": [],
    "warnings": [
      "fcf: 15/20Q"
    ]
  },
  "market_cap": null,
  "source": "SEC EDGAR",
  "last_updated": "2026-02-02T20:10:04.056911",
  "sector": "Industrials",
  "industry": "Specialty Industrial Machinery"
}