{
  "ticker": "DOW",
  "name": "Dow Inc.",
  "quarters": [
    {
      "date": "2021-03-31T00:00:00",
      "quarter_label": "2021-03 (Q1)",
      "revenue": 11882000000,
      "gross_profit": 1820000000,
      "operating_income": null,
      "net_income": 991000000,
      "opex": null,
      "cogs": 10062000000,
      "rd": null,
      "sga": 366000000,
      "fcf": -291000000,
      "ocf": -291000000,
      "capex": null,
      "gross_margin": 0.15317286652078774,
      "op_margin": null,
      "fcf_margin": -0.02449082646019189
    },
    {
      "date": "2021-06-30T00:00:00",
      "quarter_label": "2021-06 (Q2)",
      "revenue": 13885000000,
      "gross_profit": 3145000000,
      "operating_income": null,
      "net_income": 1901000000,
      "opex": null,
      "cogs": 10740000000,
      "rd": null,
      "sga": 440000000,
      "fcf": 2004000000,
      "ocf": 2004000000,
      "capex": null,
      "gross_margin": 0.2265034209578682,
      "op_margin": null,
      "fcf_margin": 0.14432841195534749,
      "fcf_margin_change": 0.16881923841553936
    },
    {
      "date": "2021-09-30T00:00:00",
      "quarter_label": "2021-09 (Q3)",
      "revenue": 14837000000,
      "gross_profit": 3226000000,
      "operating_income": null,
      "net_income": 1683000000,
      "opex": null,
      "cogs": 11611000000,
      "rd": null,
      "sga": 403000000,
      "fcf": 2721000000,
      "ocf": 2721000000,
      "capex": null,
      "gross_margin": 0.21742939947428724,
      "op_margin": null,
      "fcf_margin": 0.18339286917840533,
      "fcf_margin_change": 0.03906445722305785
    },
    {
      "date": "2021-12-31T00:00:00",
      "quarter_label": "2021-12 (Q4)",
      "revenue": 14364000000,
      "gross_profit": 2586000000,
      "operating_income": null,
      "net_income": null,
      "opex": null,
      "cogs": 11778000000,
      "rd": null,
      "sga": 436000000,
      "fcf": 2575000000,
      "ocf": 2575000000,
      "capex": null,
      "gross_margin": 0.18003341687552213,
      "op_margin": null,
      "fcf_margin": 0.1792676134781398,
      "fcf_margin_change": -0.004125255700265534
    },
    {
      "date": "2022-03-31T00:00:00",
      "quarter_label": "2022-03 (Q1)",
      "revenue": 15264000000,
      "gross_profit": 2862000000,
      "operating_income": null,
      "net_income": 1569000000,
      "opex": null,
      "cogs": 12402000000,
      "rd": null,
      "sga": 498000000,
      "fcf": 1603000000,
      "ocf": 1603000000,
      "capex": null,
      "gross_margin": 0.1875,
      "op_margin": null,
      "fcf_margin": 0.10501834381551363,
      "rev_growth_yoy": 0.28463221679851874,
      "fcf_margin_change": -0.07424926966262617
    },
    {
      "date": "2022-06-30T00:00:00",
      "quarter_label": "2022-06 (Q2)",
      "revenue": 15664000000,
      "gross_profit": 2765000000,
      "operating_income": null,
      "net_income": 1661000000,
      "opex": null,
      "cogs": 12899000000,
      "rd": null,
      "sga": 435000000,
      "fcf": 1854000000,
      "ocf": 1854000000,
      "capex": null,
      "gross_margin": 0.1765194075587334,
      "op_margin": null,
      "fcf_margin": 0.1183605720122574,
      "rev_growth_yoy": 0.12812387468491176,
      "rev_growth_yoy_accel": -0.15650834211360698,
      "fcf_margin_change": 0.013342228196743772
    },
    {
      "date": "2022-09-30T00:00:00",
      "quarter_label": "2022-09 (Q3)",
      "revenue": 14115000000,
      "gross_profit": 1734000000,
      "operating_income": null,
      "net_income": 739000000,
      "opex": null,
      "cogs": 12381000000,
      "rd": null,
      "sga": 356000000,
      "fcf": 1940000000,
      "ocf": 1940000000,
      "capex": null,
      "gross_margin": 0.1228480340063762,
      "op_margin": null,
      "fcf_margin": 0.13744243712362736,
      "rev_growth_yoy": -0.04866212846262721,
      "rev_growth_yoy_accel": -0.17678600314753898,
      "fcf_margin_change": 0.01908186511136996
    },
    {
      "date": "2022-12-31T00:00:00",
      "quarter_label": "2022-12 (Q4)",
      "revenue": 11859000000,
      "gross_profit": 1203000000,
      "operating_income": null,
      "net_income": null,
      "opex": null,
      "cogs": 10656000000,
      "rd": null,
      "sga": 386000000,
      "fcf": 2078000000,
      "ocf": 2078000000,
      "capex": null,
      "gross_margin": 0.10144194282823173,
      "op_margin": null,
      "fcf_margin": 0.17522556707985495,
      "rev_growth_yoy": -0.17439431913116124,
      "rev_growth_yoy_accel": -0.12573219066853403,
      "fcf_margin_change": 0.037783129956227596
    },
    {
      "date": "2023-03-31T00:00:00",
      "quarter_label": "2023-03 (Q1)",
      "revenue": 11851000000,
      "gross_profit": 1222000000,
      "operating_income": null,
      "net_income": -93000000,
      "opex": null,
      "cogs": 10629000000,
      "rd": null,
      "sga": 428000000,
      "fcf": 535000000,
      "ocf": 535000000,
      "capex": null,
      "gross_margin": 0.10311366129440554,
      "op_margin": null,
      "fcf_margin": 0.04514386971563581,
      "rev_growth_yoy": -0.22359800838574423,
      "rev_growth_yoy_accel": -0.04920368925458299,
      "fcf_margin_change": -0.13008169736421915
    },
    {
      "date": "2023-06-30T00:00:00",
      "quarter_label": "2023-06 (Q2)",
      "revenue": 11420000000,
      "gross_profit": 1545000000,
      "operating_income": null,
      "net_income": 485000000,
      "opex": null,
      "cogs": 9875000000,
      "rd": null,
      "sga": 408000000,
      "fcf": 1347000000,
      "ocf": 1347000000,
      "capex": null,
      "gross_margin": 0.13528896672504379,
      "op_margin": null,
      "fcf_margin": 0.11795096322241681,
      "rev_growth_yoy": -0.2709397344228805,
      "rev_growth_yoy_accel": -0.04734172603713627,
      "fcf_margin_change": 0.072807093506781
    },
    {
      "date": "2023-09-30T00:00:00",
      "quarter_label": "2023-09 (Q3)",
      "revenue": 10730000000,
      "gross_profit": 1138000000,
      "operating_income": null,
      "net_income": 302000000,
      "opex": null,
      "cogs": 9592000000,
      "rd": null,
      "sga": 380000000,
      "fcf": 1658000000,
      "ocf": 1658000000,
      "capex": null,
      "gross_margin": 0.10605778191985088,
      "op_margin": null,
      "fcf_margin": 0.15452003727865796,
      "rev_growth_yoy": -0.23981579879560752,
      "rev_growth_yoy_accel": 0.031123935627272975,
      "fcf_margin_change": 0.036569074056241144
    },
    {
      "date": "2023-12-31T00:00:00",
      "quarter_label": "2023-12 (Q4)",
      "revenue": 10621000000,
      "gross_profit": 975000000,
      "operating_income": null,
      "net_income": null,
      "opex": null,
      "cogs": 9646000000,
      "rd": null,
      "sga": 411000000,
      "fcf": 1656000000,
      "ocf": 1656000000,
      "capex": null,
      "gross_margin": 0.09179926560587515,
      "op_margin": null,
      "fcf_margin": 0.1559175218905941,
      "rev_growth_yoy": -0.10439328779829665,
      "rev_growth_yoy_accel": 0.13542251099731087,
      "fcf_margin_change": 0.001397484611936145
    },
    {
      "date": "2024-03-31T00:00:00",
      "quarter_label": "2024-03 (Q1)",
      "revenue": 10765000000,
      "gross_profit": 1277000000,
      "operating_income": null,
      "net_income": 516000000,
      "opex": null,
      "cogs": 9488000000,
      "rd": null,
      "sga": 442000000,
      "fcf": 464000000,
      "ocf": 464000000,
      "capex": null,
      "gross_margin": 0.11862517417556898,
      "op_margin": null,
      "fcf_margin": 0.0431026474686484,
      "rev_growth_yoy": -0.09163783646949625,
      "rev_growth_yoy_accel": 0.012755451328800405,
      "fcf_margin_change": -0.11281487442194571
    },
    {
      "date": "2024-06-30T00:00:00",
      "quarter_label": "2024-06 (Q2)",
      "revenue": 10915000000,
      "gross_profit": 1324000000,
      "operating_income": null,
      "net_income": 439000000,
      "opex": null,
      "cogs": 9591000000,
      "rd": null,
      "sga": 390000000,
      "fcf": 836000000,
      "ocf": 836000000,
      "capex": null,
      "gross_margin": 0.12130096197892808,
      "op_margin": null,
      "fcf_margin": 0.07659184608337151,
      "rev_growth_yoy": -0.044220665499124345,
      "rev_growth_yoy_accel": 0.0474171709703719,
      "fcf_margin_change": 0.03348919861472311
    },
    {
      "date": "2024-09-30T00:00:00",
      "quarter_label": "2024-09 (Q3)",
      "revenue": 10879000000,
      "gross_profit": 1070000000,
      "operating_income": null,
      "net_income": 214000000,
      "opex": null,
      "cogs": 9809000000,
      "rd": null,
      "sga": 396000000,
      "fcf": 800000000,
      "ocf": 800000000,
      "capex": null,
      "gross_margin": 0.09835462818273738,
      "op_margin": null,
      "fcf_margin": 0.0735361706039158,
      "rev_growth_yoy": 0.013886300093196646,
      "rev_growth_yoy_accel": 0.058106965592320994,
      "fcf_margin_change": -0.003055675479455705
    },
    {
      "date": "2024-12-31T00:00:00",
      "quarter_label": "2024-12 (Q4)",
      "revenue": 10405000000,
      "gross_profit": 935000000,
      "operating_income": null,
      "net_income": null,
      "opex": null,
      "cogs": 9470000000,
      "rd": null,
      "sga": 353000000,
      "fcf": 814000000,
      "ocf": 814000000,
      "capex": null,
      "gross_margin": 0.08986064392119174,
      "op_margin": null,
      "fcf_margin": 0.07823161941374339,
      "rev_growth_yoy": -0.020337068072686187,
      "rev_growth_yoy_accel": -0.03422336816588283,
      "fcf_margin_change": 0.004695448809827585
    },
    {
      "date": "2025-03-31T00:00:00",
      "quarter_label": "2025-03 (Q1)",
      "revenue": 10431000000,
      "gross_profit": 671000000,
      "operating_income": null,
      "net_income": -307000000,
      "opex": null,
      "cogs": 9760000000,
      "rd": null,
      "sga": 366000000,
      "fcf": 91000000,
      "ocf": 91000000,
      "capex": null,
      "gross_margin": 0.06432748538011696,
      "op_margin": null,
      "fcf_margin": 0.008723995781804238,
      "rev_growth_yoy": -0.031026474686483976,
      "rev_growth_yoy_accel": -0.010689406613797789,
      "fcf_margin_change": -0.06950762363193916
    },
    {
      "date": "2025-06-30T00:00:00",
      "quarter_label": "2025-06 (Q2)",
      "revenue": 10104000000,
      "gross_profit": 583000000,
      "operating_income": null,
      "net_income": -835000000,
      "opex": null,
      "cogs": 9521000000,
      "rd": null,
      "sga": 347000000,
      "fcf": -470000000,
      "ocf": -470000000,
      "capex": null,
      "gross_margin": 0.057699920823436265,
      "op_margin": null,
      "fcf_margin": -0.04651623119556611,
      "rev_growth_yoy": -0.07430142006413193,
      "rev_growth_yoy_accel": -0.04327494537764795,
      "fcf_margin_change": -0.05524022697737035
    },
    {
      "date": "2025-09-30T00:00:00",
      "quarter_label": "2025-09 (Q3)",
      "revenue": 9973000000,
      "gross_profit": 731000000,
      "operating_income": null,
      "net_income": 62000000,
      "opex": null,
      "cogs": 9242000000,
      "rd": null,
      "sga": 340000000,
      "fcf": 1127000000,
      "ocf": 1127000000,
      "capex": null,
      "gross_margin": 0.07329790434172265,
      "op_margin": null,
      "fcf_margin": 0.11300511380727965,
      "rev_growth_yoy": -0.08327971320893464,
      "rev_growth_yoy_accel": -0.00897829314480271,
      "fcf_margin_change": 0.15952134500284576
    },
    {
      "date": "2025-12-31T00:00:00",
      "quarter_label": "2025-12 (Q4)",
      "revenue": 9460000000,
      "gross_profit": 548000000,
      "operating_income": null,
      "net_income": null,
      "opex": null,
      "cogs": 8912000000,
      "rd": null,
      "sga": 339000000,
      "fcf": 284000000,
      "ocf": 284000000,
      "capex": null,
      "gross_margin": 0.057928118393234675,
      "op_margin": null,
      "fcf_margin": 0.030021141649048625,
      "rev_growth_yoy": -0.09082172032676598,
      "rev_growth_yoy_accel": -0.007542007117831345,
      "fcf_margin_change": -0.08298397215823103
    }
  ],
  "signals": [
    {
      "quarter": "2025-09 (Q3)",
      "signal": "FCF TURNED POSITIVE",
      "detail": "FCF margin: -4.7% -> +11.3%",
      "severity": "HIGH"
    },
    {
      "quarter": "2024-09 (Q3)",
      "signal": "YoY REVENUE GROWTH ACCELERATION",
      "detail": "YoY growth: +1.4% vs prior quarter YoY: -4.4% (accel: +5.8%)",
      "severity": "MEDIUM"
    },
    {
      "quarter": "2024-03 (Q1)",
      "signal": "GROSS MARGIN INFLECTION",
      "detail": "GM: +10.6% -> +9.2% -> +11.9% (reversal +2.7%)",
      "severity": "MEDIUM"
    },
    {
      "quarter": "2023-12 (Q4)",
      "signal": "YoY REVENUE GROWTH ACCELERATION",
      "detail": "YoY growth: -10.4% vs prior quarter YoY: -24.0% (accel: +13.5%)",
      "severity": "MEDIUM"
    },
    {
      "quarter": "2023-06 (Q2)",
      "signal": "FCF MARGIN EXPANSION",
      "detail": "FCF margin: +4.5% -> +11.8% (+7.3%)",
      "severity": "MEDIUM"
    },
    {
      "quarter": "2022-12 (Q4)",
      "signal": "YoY REVENUE GROWTH DECELERATION",
      "detail": "YoY growth: -17.4% vs prior quarter YoY: -4.9% (decel: -12.6%)",
      "severity": "WARNING"
    },
    {
      "quarter": "2022-09 (Q3)",
      "signal": "YoY REVENUE GROWTH DECELERATION",
      "detail": "YoY growth: -4.9% vs prior quarter YoY: +12.8% (decel: -17.7%)",
      "severity": "WARNING"
    },
    {
      "quarter": "2022-06 (Q2)",
      "signal": "YoY REVENUE GROWTH DECELERATION",
      "detail": "YoY growth: +12.8% vs prior quarter YoY: +28.5% (decel: -15.7%)",
      "severity": "WARNING"
    },
    {
      "quarter": "2021-06 (Q2)",
      "signal": "FCF TURNED POSITIVE",
      "detail": "FCF margin: -2.4% -> +14.4%",
      "severity": "HIGH"
    }
  ],
  "data_quality": {
    "n_quarters": 20,
    "coverage": {
      "revenue": [
        20,
        20
      ],
      "gross_profit": [
        20,
        20
      ],
      "op_income": [
        0,
        20
      ],
      "fcf": [
        20,
        20
      ]
    },
    "gaps": [],
    "warnings": [
      "op_income: no data"
    ]
  },
  "market_cap": null,
  "source": "SEC EDGAR",
  "last_updated": "2026-02-04T13:46:31.702019",
  "sector": "Basic Materials",
  "industry": "Chemicals"
}