{
  "ticker": "DOX",
  "name": "AMDOCS LIMITED",
  "quarters": [
    {
      "date": "2019-12-31T00:00:00",
      "quarter_label": "2019-12 (Q4)",
      "revenue": 1041957000,
      "gross_profit": null,
      "operating_income": 143577000,
      "net_income": 115932000,
      "opex": null,
      "cogs": null,
      "rd": null,
      "sga": null,
      "fcf": null,
      "ocf": null,
      "capex": null,
      "gross_margin": null,
      "op_margin": 0.13779551363443981,
      "fcf_margin": null
    },
    {
      "date": "2020-03-31T00:00:00",
      "quarter_label": "2020-03 (Q1)",
      "revenue": 1047933000,
      "gross_profit": null,
      "operating_income": 156712000,
      "net_income": 127038000,
      "opex": null,
      "cogs": null,
      "rd": null,
      "sga": null,
      "fcf": null,
      "ocf": null,
      "capex": null,
      "gross_margin": null,
      "op_margin": 0.14954391168137657,
      "fcf_margin": null
    },
    {
      "date": "2020-06-30T00:00:00",
      "quarter_label": "2020-06 (Q2)",
      "revenue": 1026201000,
      "gross_profit": null,
      "operating_income": 147531000,
      "net_income": 120407000,
      "opex": null,
      "cogs": null,
      "rd": null,
      "sga": null,
      "fcf": null,
      "ocf": null,
      "capex": null,
      "gross_margin": null,
      "op_margin": 0.14376423332271163,
      "fcf_margin": null
    },
    {
      "date": "2020-09-30T00:00:00",
      "quarter_label": "2020-09 (Q3)",
      "revenue": 1052948000,
      "gross_profit": null,
      "operating_income": 146938000,
      "net_income": 134463000,
      "opex": null,
      "cogs": null,
      "rd": null,
      "sga": null,
      "fcf": null,
      "ocf": null,
      "capex": null,
      "gross_margin": null,
      "op_margin": 0.13954915152505157,
      "fcf_margin": null
    },
    {
      "date": "2020-12-31T00:00:00",
      "quarter_label": "2020-12 (Q4)",
      "revenue": 1086343000,
      "gross_profit": null,
      "operating_income": 140200000,
      "net_income": 299632000,
      "opex": null,
      "cogs": null,
      "rd": null,
      "sga": null,
      "fcf": null,
      "ocf": null,
      "capex": null,
      "gross_margin": null,
      "op_margin": 0.1290568448455046,
      "fcf_margin": null,
      "incr_op_margin_yoy": -0.07608254855134503,
      "rev_growth_yoy": 0.04259868689398891
    },
    {
      "date": "2021-03-31T00:00:00",
      "quarter_label": "2021-03 (Q1)",
      "revenue": 1048734000,
      "gross_profit": null,
      "operating_income": 149244000,
      "net_income": 119067000,
      "opex": null,
      "cogs": null,
      "rd": null,
      "sga": null,
      "fcf": null,
      "ocf": null,
      "capex": null,
      "gross_margin": null,
      "op_margin": 0.14230872652169188,
      "fcf_margin": null,
      "rev_growth_yoy": 0.0007643618437438272,
      "rev_growth_yoy_accel": -0.04183432505024508
    },
    {
      "date": "2021-06-30T00:00:00",
      "quarter_label": "2021-06 (Q2)",
      "revenue": 1066254000,
      "gross_profit": null,
      "operating_income": 154919000,
      "net_income": 146150000,
      "opex": null,
      "cogs": null,
      "rd": null,
      "sga": null,
      "fcf": null,
      "ocf": null,
      "capex": null,
      "gross_margin": null,
      "op_margin": 0.14529277264141566,
      "fcf_margin": null,
      "incr_op_margin_yoy": 0.1844555963348563,
      "rev_growth_yoy": 0.03903036539625278,
      "rev_growth_yoy_accel": 0.03826600355250895
    },
    {
      "date": "2021-09-30T00:00:00",
      "quarter_label": "2021-09 (Q3)",
      "revenue": 1087309000,
      "gross_profit": null,
      "operating_income": 154330000,
      "net_income": 123525000,
      "opex": null,
      "cogs": null,
      "rd": null,
      "sga": null,
      "fcf": null,
      "ocf": null,
      "capex": null,
      "gross_margin": null,
      "op_margin": 0.14193757248399488,
      "fcf_margin": null,
      "incr_op_margin_yoy": 0.21512761561072147,
      "rev_growth_yoy": 0.03263314047797232,
      "rev_growth_yoy_accel": -0.006397224918280459
    },
    {
      "date": "2021-12-31T00:00:00",
      "quarter_label": "2021-12 (Q4)",
      "revenue": 1104632000,
      "gross_profit": null,
      "operating_income": 160146000,
      "net_income": 133602000,
      "opex": null,
      "cogs": null,
      "rd": null,
      "sga": null,
      "fcf": null,
      "ocf": null,
      "capex": null,
      "gross_margin": null,
      "op_margin": 0.14497678864997574,
      "fcf_margin": null,
      "incr_op_margin_yoy": 1.0906009076494068,
      "rev_growth_yoy": 0.01683538256333405,
      "rev_growth_yoy_accel": -0.01579775791463827
    },
    {
      "date": "2022-03-31T00:00:00",
      "quarter_label": "2022-03 (Q1)",
      "revenue": 1145271000,
      "gross_profit": null,
      "operating_income": 163651000,
      "net_income": 158497000,
      "opex": null,
      "cogs": null,
      "rd": null,
      "sga": null,
      "fcf": null,
      "ocf": null,
      "capex": null,
      "gross_margin": null,
      "op_margin": 0.1428928175078213,
      "fcf_margin": null,
      "incr_op_margin_yoy": 0.14923811595554037,
      "rev_growth_yoy": 0.09205098719026941,
      "rev_growth_yoy_accel": 0.07521560462693536
    },
    {
      "date": "2022-06-30T00:00:00",
      "quarter_label": "2022-06 (Q2)",
      "revenue": 1160290000,
      "gross_profit": null,
      "operating_income": 169314000,
      "net_income": 128466000,
      "opex": null,
      "cogs": null,
      "rd": null,
      "sga": null,
      "fcf": null,
      "ocf": null,
      "capex": null,
      "gross_margin": null,
      "op_margin": 0.1459238638616208,
      "fcf_margin": null,
      "incr_op_margin_yoy": 0.15307967161512612,
      "rev_growth_yoy": 0.08819286961643286,
      "rev_growth_yoy_accel": -0.003858117573836556
    },
    {
      "date": "2022-09-30T00:00:00",
      "quarter_label": "2022-09 (Q3)",
      "revenue": 1166504000,
      "gross_profit": null,
      "operating_income": 171686000,
      "net_income": 128936000,
      "opex": null,
      "cogs": null,
      "rd": null,
      "sga": null,
      "fcf": null,
      "ocf": null,
      "capex": null,
      "gross_margin": null,
      "op_margin": 0.14717994966155282,
      "fcf_margin": null,
      "incr_op_margin_yoy": 0.21915524970010733,
      "rev_growth_yoy": 0.07283578081299796,
      "rev_growth_yoy_accel": -0.015357088803434893
    },
    {
      "date": "2022-12-31T00:00:00",
      "quarter_label": "2022-12 (Q4)",
      "revenue": 1185720000,
      "gross_profit": null,
      "operating_income": 150074000,
      "net_income": 129667000,
      "opex": null,
      "cogs": null,
      "rd": null,
      "sga": null,
      "fcf": null,
      "ocf": null,
      "capex": null,
      "gross_margin": null,
      "op_margin": 0.126567823769524,
      "fcf_margin": null,
      "incr_op_margin_yoy": -0.12421073401736385,
      "rev_growth_yoy": 0.07340725237002006,
      "rev_growth_yoy_accel": 0.0005714715570220991
    },
    {
      "date": "2023-03-31T00:00:00",
      "quarter_label": "2023-03 (Q1)",
      "revenue": 1223304000,
      "gross_profit": null,
      "operating_income": 182277000,
      "net_income": 149603000,
      "opex": null,
      "cogs": null,
      "rd": null,
      "sga": null,
      "fcf": null,
      "ocf": null,
      "capex": null,
      "gross_margin": null,
      "op_margin": 0.14900384532381158,
      "fcf_margin": null,
      "incr_op_margin_yoy": 0.23869388592005947,
      "rev_growth_yoy": 0.06813496543612822,
      "rev_growth_yoy_accel": -0.00527228693389184
    },
    {
      "date": "2023-06-30T00:00:00",
      "quarter_label": "2023-06 (Q2)",
      "revenue": 1235962000,
      "gross_profit": null,
      "operating_income": 182714000,
      "net_income": 159428000,
      "opex": null,
      "cogs": null,
      "rd": null,
      "sga": null,
      "fcf": null,
      "ocf": null,
      "capex": null,
      "gross_margin": null,
      "op_margin": 0.14783140581992002,
      "fcf_margin": null,
      "incr_op_margin_yoy": 0.1770800296014378,
      "rev_growth_yoy": 0.06521817821406717,
      "rev_growth_yoy_accel": -0.002916787222061054
    },
    {
      "date": "2023-09-30T00:00:00",
      "quarter_label": "2023-09 (Q3)",
      "revenue": 1242564000,
      "gross_profit": null,
      "operating_income": 138925000,
      "net_income": 102011000,
      "opex": null,
      "cogs": null,
      "rd": null,
      "sga": null,
      "fcf": null,
      "ocf": null,
      "capex": null,
      "gross_margin": null,
      "op_margin": 0.11180510621585689,
      "fcf_margin": null,
      "incr_op_margin_yoy": -0.43072574283460424,
      "rev_growth_yoy": 0.0652033769279831,
      "rev_growth_yoy_accel": -1.4801286084067944e-05
    },
    {
      "date": "2023-12-31T00:00:00",
      "quarter_label": "2023-12 (Q4)",
      "revenue": 1245199000,
      "gross_profit": null,
      "operating_income": 184334000,
      "net_income": 147965000,
      "opex": null,
      "cogs": null,
      "rd": null,
      "sga": null,
      "fcf": null,
      "ocf": null,
      "capex": null,
      "gross_margin": null,
      "op_margin": 0.1480357758077223,
      "fcf_margin": null,
      "incr_op_margin_yoy": 0.5760016140150305,
      "rev_growth_yoy": 0.05016277029990217,
      "rev_growth_yoy_accel": -0.015040606628080933
    },
    {
      "date": "2024-03-31T00:00:00",
      "quarter_label": "2024-03 (Q1)",
      "revenue": 1245849000,
      "gross_profit": null,
      "operating_income": 155732000,
      "net_income": 118502000,
      "opex": null,
      "cogs": null,
      "rd": null,
      "sga": null,
      "fcf": null,
      "ocf": null,
      "capex": null,
      "gross_margin": null,
      "op_margin": 0.12500070233230512,
      "fcf_margin": null,
      "incr_op_margin_yoy": -1.17742293191395,
      "rev_growth_yoy": 0.018429597221949735,
      "rev_growth_yoy_accel": -0.03173317307795243
    },
    {
      "date": "2024-06-30T00:00:00",
      "quarter_label": "2024-06 (Q2)",
      "revenue": 1250059000,
      "gross_profit": null,
      "operating_income": 175868000,
      "net_income": 140289000,
      "opex": null,
      "cogs": null,
      "rd": null,
      "sga": null,
      "fcf": null,
      "ocf": null,
      "capex": null,
      "gross_margin": null,
      "op_margin": 0.1406877595377498,
      "fcf_margin": null,
      "incr_op_margin_yoy": -0.4856352415407533,
      "rev_growth_yoy": 0.011405690466211744,
      "rev_growth_yoy_accel": -0.007023906755737991
    },
    {
      "date": "2024-09-30T00:00:00",
      "quarter_label": "2024-09 (Q3)",
      "revenue": 1263882000,
      "gross_profit": null,
      "operating_income": 112674000,
      "net_income": 86441000,
      "opex": null,
      "cogs": null,
      "rd": null,
      "sga": null,
      "fcf": null,
      "ocf": null,
      "capex": null,
      "gross_margin": null,
      "op_margin": 0.08914914525248402,
      "fcf_margin": null,
      "incr_op_margin_yoy": -1.2314006942489915,
      "rev_growth_yoy": 0.01715646035133804,
      "rev_growth_yoy_accel": 0.005750769885126296
    }
  ],
  "signals": [
    {
      "quarter": "2023-12 (Q4)",
      "signal": "INCREMENTAL MARGIN (YoY)",
      "detail": "YoY Incr OPM: +57.6% vs year-ago OPM: +12.7%",
      "severity": "HIGH"
    },
    {
      "quarter": "2022-03 (Q1)",
      "signal": "YoY REVENUE GROWTH ACCELERATION",
      "detail": "YoY growth: +9.2% vs prior quarter YoY: +1.7% (accel: +7.5%)",
      "severity": "MEDIUM"
    },
    {
      "quarter": "2021-12 (Q4)",
      "signal": "INCREMENTAL MARGIN (YoY)",
      "detail": "YoY Incr OPM: +109.1% vs year-ago OPM: +12.9%",
      "severity": "HIGH"
    }
  ],
  "data_quality": {
    "n_quarters": 20,
    "coverage": {
      "revenue": [
        20,
        20
      ],
      "gross_profit": [
        0,
        20
      ],
      "op_income": [
        20,
        20
      ],
      "fcf": [
        0,
        20
      ]
    },
    "gaps": [],
    "warnings": [
      "gross_profit: no data",
      "fcf: no data"
    ]
  },
  "market_cap": null,
  "source": "SEC EDGAR",
  "last_updated": "2026-02-02T20:41:51.892755"
}