{
  "ticker": "DPZ",
  "name": "Domino\u2019s Pizza, Inc.",
  "quarters": [
    {
      "date": "2019-06-16T00:00:00",
      "quarter_label": "2019-06 (Q2)",
      "revenue": 811647000,
      "gross_profit": 316671000,
      "operating_income": 138923000,
      "net_income": 92359000,
      "opex": 177748000,
      "cogs": 494976000,
      "rd": null,
      "sga": null,
      "fcf": null,
      "ocf": null,
      "capex": null,
      "gross_margin": 0.39015852950851787,
      "op_margin": 0.171161847453388,
      "fcf_margin": null
    },
    {
      "date": "2019-09-08T00:00:00",
      "quarter_label": "2019-09 (Q3)",
      "revenue": 820812000,
      "gross_profit": 316251000,
      "operating_income": 143029000,
      "net_income": 86373000,
      "opex": 173222000,
      "cogs": 504561000,
      "rd": null,
      "sga": null,
      "fcf": null,
      "ocf": null,
      "capex": null,
      "gross_margin": 0.3852904197307057,
      "op_margin": 0.17425305672919011,
      "fcf_margin": null,
      "op_leverage_ratio": Infinity
    },
    {
      "date": "2020-03-22T00:00:00",
      "quarter_label": "2020-03 (Q1)",
      "revenue": 873102000,
      "gross_profit": 340157000,
      "operating_income": 155834000,
      "net_income": 121602000,
      "opex": 184323000,
      "cogs": 532945000,
      "rd": null,
      "sga": null,
      "fcf": 77891000,
      "ocf": 95358000,
      "capex": -17467000,
      "gross_margin": 0.3895959464071781,
      "op_margin": 0.17848315546179025,
      "fcf_margin": 0.08921179885053522,
      "op_leverage_ratio": 0.994067535478718
    },
    {
      "date": "2020-06-14T00:00:00",
      "quarter_label": "2020-06 (Q2)",
      "revenue": 920023000,
      "gross_profit": 357091000,
      "operating_income": 163583000,
      "net_income": 118668000,
      "opex": 193508000,
      "cogs": 562932000,
      "rd": null,
      "sga": null,
      "fcf": null,
      "ocf": null,
      "capex": null,
      "gross_margin": 0.3881326879871482,
      "op_margin": 0.17780316361656176,
      "fcf_margin": null,
      "incr_op_margin_yoy": 0.22754115302280947,
      "rev_growth_yoy": 0.13352602794071808,
      "op_leverage_ratio": 1.0784565339083878
    },
    {
      "date": "2020-09-06T00:00:00",
      "quarter_label": "2020-09 (Q3)",
      "revenue": 967719000,
      "gross_profit": 361981000,
      "operating_income": 162181000,
      "net_income": 99129000,
      "opex": 199800000,
      "cogs": 605738000,
      "rd": null,
      "sga": null,
      "fcf": null,
      "ocf": null,
      "capex": null,
      "gross_margin": 0.3740558984581268,
      "op_margin": 0.16759100524015752,
      "fcf_margin": null,
      "incr_op_margin_yoy": 0.1303681921215463,
      "rev_growth_yoy": 0.17897764652563558,
      "rev_growth_yoy_accel": 0.0454516185849175,
      "op_leverage_ratio": 1.5943860448791307
    },
    {
      "date": "2021-03-28T00:00:00",
      "quarter_label": "2021-03 (Q1)",
      "revenue": 983698000,
      "gross_profit": 389151000,
      "operating_income": 186538000,
      "net_income": 117761000,
      "opex": 202613000,
      "cogs": 594547000,
      "rd": null,
      "sga": null,
      "fcf": 136290000,
      "ocf": 152851000,
      "capex": -16561000,
      "gross_margin": 0.3956000723799378,
      "op_margin": 0.18962933745926086,
      "fcf_margin": 0.13854861959666484,
      "incr_op_margin_yoy": 0.2776230605085175,
      "rev_growth_yoy": 0.12667019431864776,
      "rev_growth_yoy_accel": -0.05230745220698782,
      "op_leverage_ratio": 1.1728057336402173
    },
    {
      "date": "2021-06-20T00:00:00",
      "quarter_label": "2021-06 (Q2)",
      "revenue": 1032472000,
      "gross_profit": 407690000,
      "operating_income": 190902000,
      "net_income": 116619000,
      "opex": 216788000,
      "cogs": 624782000,
      "rd": null,
      "sga": null,
      "fcf": null,
      "ocf": null,
      "capex": null,
      "gross_margin": 0.39486785113785167,
      "op_margin": 0.18489799239107696,
      "fcf_margin": null,
      "incr_op_margin_yoy": 0.2429456909354463,
      "rev_growth_yoy": 0.12222411831008573,
      "rev_growth_yoy_accel": -0.004446076008562033,
      "op_leverage_ratio": 0.7087136948868497
    },
    {
      "date": "2021-09-12T00:00:00",
      "quarter_label": "2021-09 (Q3)",
      "revenue": 997990000,
      "gross_profit": 385200000,
      "operating_income": 180280000,
      "net_income": 120402000,
      "opex": 204920000,
      "cogs": 612790000,
      "rd": null,
      "sga": null,
      "fcf": null,
      "ocf": null,
      "capex": null,
      "gross_margin": 0.38597581138087556,
      "op_margin": 0.1806430926161585,
      "fcf_margin": null,
      "incr_op_margin_yoy": 0.5978989792210366,
      "rev_growth_yoy": 0.031280774687693434,
      "rev_growth_yoy_accel": -0.09094334362239229
    },
    {
      "date": "2022-03-27T00:00:00",
      "quarter_label": "2022-03 (Q1)",
      "revenue": 1011149000,
      "gross_profit": 368624000,
      "operating_income": 164541000,
      "net_income": 90964000,
      "opex": 204083000,
      "cogs": 642525000,
      "rd": null,
      "sga": null,
      "fcf": 66335000,
      "ocf": 78789000,
      "capex": -12454000,
      "gross_margin": 0.36455952584633916,
      "op_margin": 0.1627267593598965,
      "fcf_margin": 0.06560358562387937,
      "incr_op_margin_yoy": -0.8013187133437761,
      "rev_growth_yoy": 0.027905922346085892,
      "rev_growth_yoy_accel": -0.003374852341607542,
      "op_leverage_ratio": Infinity
    },
    {
      "date": "2022-06-19T00:00:00",
      "quarter_label": "2022-06 (Q2)",
      "revenue": 1065182000,
      "gross_profit": 386265000,
      "operating_income": 178114000,
      "net_income": 102493000,
      "opex": 208151000,
      "cogs": 678917000,
      "rd": null,
      "sga": null,
      "fcf": null,
      "ocf": null,
      "capex": null,
      "gross_margin": 0.3626281705849329,
      "op_margin": 0.1672146168448209,
      "fcf_margin": null,
      "incr_op_margin_yoy": -0.3909507795781107,
      "rev_growth_yoy": 0.0316812465616501,
      "rev_growth_yoy_accel": 0.0037753242155642054,
      "op_leverage_ratio": 2.6808333017605595
    },
    {
      "date": "2022-09-11T00:00:00",
      "quarter_label": "2022-09 (Q3)",
      "revenue": 1068596000,
      "gross_profit": 381850000,
      "operating_income": 176452000,
      "net_income": 100504000,
      "opex": 205398000,
      "cogs": 686746000,
      "rd": null,
      "sga": null,
      "fcf": null,
      "ocf": null,
      "capex": null,
      "gross_margin": 0.35733803982047474,
      "op_margin": 0.16512508001152915,
      "fcf_margin": null,
      "incr_op_margin_yoy": -0.05421635555051978,
      "rev_growth_yoy": 0.07074820388981853,
      "rev_growth_yoy_accel": 0.039066957328168436
    },
    {
      "date": "2023-03-26T00:00:00",
      "quarter_label": "2023-03 (Q1)",
      "revenue": 1024398000,
      "gross_profit": 385547000,
      "operating_income": 177483000,
      "net_income": 104770000,
      "opex": 208064000,
      "cogs": 638851000,
      "rd": null,
      "sga": null,
      "fcf": 95651000,
      "ocf": 114682000,
      "capex": -19031000,
      "gross_margin": 0.37636445990718453,
      "op_margin": 0.173255902491024,
      "fcf_margin": 0.09337288827194118,
      "incr_op_margin_yoy": 0.9768284398822553,
      "rev_growth_yoy": 0.013102915594042025,
      "rev_growth_yoy_accel": -0.05764528829577651
    },
    {
      "date": "2023-06-18T00:00:00",
      "quarter_label": "2023-06 (Q2)",
      "revenue": 1024627000,
      "gross_profit": 404656000,
      "operating_income": 195403000,
      "net_income": 109380000,
      "opex": 209253000,
      "cogs": 619971000,
      "rd": null,
      "sga": null,
      "fcf": null,
      "ocf": null,
      "capex": null,
      "gross_margin": 0.39493005747457366,
      "op_margin": 0.1907064717209287,
      "fcf_margin": null,
      "incr_op_margin_yoy": -0.42630994945136236,
      "rev_growth_yoy": -0.038073305782485994,
      "rev_growth_yoy_accel": -0.05117622137652802
    },
    {
      "date": "2023-09-10T00:00:00",
      "quarter_label": "2023-09 (Q3)",
      "revenue": 1027361000,
      "gross_profit": 398169000,
      "operating_income": 189432000,
      "net_income": 147676000,
      "opex": 208737000,
      "cogs": 629192000,
      "rd": null,
      "sga": null,
      "fcf": null,
      "ocf": null,
      "capex": null,
      "gross_margin": 0.38756483845503187,
      "op_margin": 0.1843869876314168,
      "fcf_margin": null,
      "incr_op_margin_yoy": -0.3147811325330423,
      "rev_growth_yoy": -0.03858801642529076,
      "rev_growth_yoy_accel": -0.0005147106428047624
    },
    {
      "date": "2024-03-24T00:00:00",
      "quarter_label": "2024-03 (Q1)",
      "revenue": 1084647000,
      "gross_profit": 421870000,
      "operating_income": 210413000,
      "net_income": 125824000,
      "opex": 211457000,
      "cogs": 662777000,
      "rd": null,
      "sga": null,
      "fcf": 103283000,
      "ocf": 123464000,
      "capex": -20181000,
      "gross_margin": 0.38894681864237857,
      "op_margin": 0.19399214675373647,
      "fcf_margin": 0.09522268535293049,
      "incr_op_margin_yoy": 0.5465650882172318,
      "rev_growth_yoy": 0.058814054693585895,
      "rev_growth_yoy_accel": 0.09740207111887665,
      "op_leverage_ratio": 4.279134692015298
    },
    {
      "date": "2024-06-16T00:00:00",
      "quarter_label": "2024-06 (Q2)",
      "revenue": 1097736000,
      "gross_profit": 437031000,
      "operating_income": 196103000,
      "net_income": 141978000,
      "opex": 240928000,
      "cogs": 660705000,
      "rd": null,
      "sga": null,
      "fcf": null,
      "ocf": null,
      "capex": null,
      "gross_margin": 0.39812031308074075,
      "op_margin": 0.17864313459702516,
      "fcf_margin": null,
      "incr_op_margin_yoy": 0.00957474455949336,
      "rev_growth_yoy": 0.07135181875941196,
      "rev_growth_yoy_accel": 0.012537764065826067,
      "op_leverage_ratio": 0.08658551458553958
    },
    {
      "date": "2024-09-08T00:00:00",
      "quarter_label": "2024-09 (Q3)",
      "revenue": 1080119000,
      "gross_profit": 423747000,
      "operating_income": 198831000,
      "net_income": 146924000,
      "opex": 224916000,
      "cogs": 656372000,
      "rd": null,
      "sga": null,
      "fcf": null,
      "ocf": null,
      "capex": null,
      "gross_margin": 0.3923151060207255,
      "op_margin": 0.18408249461401938,
      "fcf_margin": null,
      "incr_op_margin_yoy": 0.1781530763107017,
      "rev_growth_yoy": 0.05135293241616141,
      "rev_growth_yoy_accel": -0.019998886343250553
    },
    {
      "date": "2025-03-23T00:00:00",
      "quarter_label": "2025-03 (Q1)",
      "revenue": 1112056000,
      "gross_profit": 443147000,
      "operating_income": 210095000,
      "net_income": 149651000,
      "opex": 233052000,
      "cogs": 668909000,
      "rd": null,
      "sga": null,
      "fcf": 164331000,
      "ocf": 179076000,
      "capex": -14745000,
      "gross_margin": 0.3984934211946161,
      "op_margin": 0.1889248383174948,
      "fcf_margin": 0.1477722344917882,
      "incr_op_margin_yoy": -0.011602028530774564,
      "rev_growth_yoy": 0.025269972627039027,
      "rev_growth_yoy_accel": -0.02608295978912238,
      "op_leverage_ratio": 0.8173949005034382
    },
    {
      "date": "2025-06-15T00:00:00",
      "quarter_label": "2025-06 (Q2)",
      "revenue": 1145144000,
      "gross_profit": 460970000,
      "operating_income": 225044000,
      "net_income": 131091000,
      "opex": 235926000,
      "cogs": 684174000,
      "rd": null,
      "sga": null,
      "fcf": null,
      "ocf": null,
      "capex": null,
      "gross_margin": 0.4025432609348693,
      "op_margin": 0.19652026295382938,
      "fcf_margin": null,
      "incr_op_margin_yoy": 0.6104665879176511,
      "rev_growth_yoy": 0.04318706865767361,
      "rev_growth_yoy_accel": 0.017917096030634586,
      "op_leverage_ratio": 2.4127366980647844
    },
    {
      "date": "2025-09-07T00:00:00",
      "quarter_label": "2025-09 (Q3)",
      "revenue": 1147054000,
      "gross_profit": 459902000,
      "operating_income": 223168000,
      "net_income": 139319000,
      "opex": 236734000,
      "cogs": 687152000,
      "rd": null,
      "sga": null,
      "fcf": null,
      "ocf": null,
      "capex": null,
      "gross_margin": 0.4009418911402602,
      "op_margin": 0.19455753608810047,
      "fcf_margin": null,
      "incr_op_margin_yoy": 0.36359154403525806,
      "rev_growth_yoy": 0.06197002367331748,
      "rev_growth_yoy_accel": 0.018782955015643865
    }
  ],
  "signals": [
    {
      "quarter": "2025-09 (Q3)",
      "signal": "INCREMENTAL MARGIN (YoY)",
      "detail": "YoY Incr OPM: +36.4% vs year-ago OPM: +18.4%",
      "severity": "MEDIUM"
    },
    {
      "quarter": "2025-06 (Q2)",
      "signal": "OPERATING LEVERAGE",
      "detail": "Rev growth +3.0% vs OpEx growth +1.2% (leverage: 2.4x)",
      "severity": "MEDIUM"
    },
    {
      "quarter": "2025-06 (Q2)",
      "signal": "INCREMENTAL MARGIN (YoY)",
      "detail": "YoY Incr OPM: +61.0% vs year-ago OPM: +17.9%",
      "severity": "HIGH"
    },
    {
      "quarter": "2024-03 (Q1)",
      "signal": "OPERATING LEVERAGE",
      "detail": "Rev growth +5.6% vs OpEx growth +1.3% (leverage: 4.3x)",
      "severity": "MEDIUM"
    },
    {
      "quarter": "2024-03 (Q1)",
      "signal": "YoY REVENUE GROWTH ACCELERATION",
      "detail": "YoY growth: +5.9% vs prior quarter YoY: -3.9% (accel: +9.7%)",
      "severity": "MEDIUM"
    },
    {
      "quarter": "2024-03 (Q1)",
      "signal": "INCREMENTAL MARGIN (YoY)",
      "detail": "YoY Incr OPM: +54.7% vs year-ago OPM: +17.3%",
      "severity": "HIGH"
    },
    {
      "quarter": "2023-06 (Q2)",
      "signal": "YoY REVENUE GROWTH DECELERATION",
      "detail": "YoY growth: -3.8% vs prior quarter YoY: +1.3% (decel: -5.1%)",
      "severity": "WARNING"
    },
    {
      "quarter": "2023-03 (Q1)",
      "signal": "YoY REVENUE GROWTH DECELERATION",
      "detail": "YoY growth: +1.3% vs prior quarter YoY: +7.1% (decel: -5.8%)",
      "severity": "WARNING"
    },
    {
      "quarter": "2023-03 (Q1)",
      "signal": "INCREMENTAL MARGIN (YoY)",
      "detail": "YoY Incr OPM: +97.7% vs year-ago OPM: +16.3%",
      "severity": "HIGH"
    },
    {
      "quarter": "2022-06 (Q2)",
      "signal": "OPERATING LEVERAGE",
      "detail": "Rev growth +5.3% vs OpEx growth +2.0% (leverage: 2.7x)",
      "severity": "MEDIUM"
    },
    {
      "quarter": "2021-09 (Q3)",
      "signal": "YoY REVENUE GROWTH DECELERATION",
      "detail": "YoY growth: +3.1% vs prior quarter YoY: +12.2% (decel: -9.1%)",
      "severity": "WARNING"
    },
    {
      "quarter": "2021-09 (Q3)",
      "signal": "INCREMENTAL MARGIN (YoY)",
      "detail": "YoY Incr OPM: +59.8% vs year-ago OPM: +16.8%",
      "severity": "HIGH"
    },
    {
      "quarter": "2021-03 (Q1)",
      "signal": "GROSS MARGIN INFLECTION",
      "detail": "GM: +38.8% -> +37.4% -> +39.6% (reversal +2.2%)",
      "severity": "MEDIUM"
    },
    {
      "quarter": "2021-03 (Q1)",
      "signal": "YoY REVENUE GROWTH DECELERATION",
      "detail": "YoY growth: +12.7% vs prior quarter YoY: +17.9% (decel: -5.2%)",
      "severity": "WARNING"
    },
    {
      "quarter": "2020-09 (Q3)",
      "signal": "OPERATING LEVERAGE",
      "detail": "Rev growth +5.2% vs OpEx growth +3.3% (leverage: 1.6x)",
      "severity": "MEDIUM"
    }
  ],
  "data_quality": {
    "n_quarters": 20,
    "coverage": {
      "revenue": [
        20,
        20
      ],
      "gross_profit": [
        20,
        20
      ],
      "op_income": [
        20,
        20
      ],
      "fcf": [
        6,
        20
      ]
    },
    "gaps": [
      [
        "2019-09 (Q3)",
        "2020-03 (Q1)",
        196
      ],
      [
        "2020-09 (Q3)",
        "2021-03 (Q1)",
        203
      ],
      [
        "2021-09 (Q3)",
        "2022-03 (Q1)",
        196
      ],
      [
        "2022-09 (Q3)",
        "2023-03 (Q1)",
        196
      ],
      [
        "2023-09 (Q3)",
        "2024-03 (Q1)",
        196
      ],
      [
        "2024-09 (Q3)",
        "2025-03 (Q1)",
        196
      ]
    ],
    "warnings": [
      "fcf: 6/20Q",
      "gap: 1Q missing between 2019-09 (Q3) and 2020-03 (Q1)",
      "gap: 1Q missing between 2020-09 (Q3) and 2021-03 (Q1)",
      "gap: 1Q missing between 2021-09 (Q3) and 2022-03 (Q1)",
      "gap: 1Q missing between 2022-09 (Q3) and 2023-03 (Q1)",
      "gap: 1Q missing between 2023-09 (Q3) and 2024-03 (Q1)",
      "gap: 1Q missing between 2024-09 (Q3) and 2025-03 (Q1)"
    ]
  },
  "market_cap": null,
  "source": "SEC EDGAR",
  "last_updated": "2026-02-02T20:28:23.233327",
  "sector": "Consumer Cyclical",
  "industry": "Restaurants"
}