{
  "ticker": "DRH",
  "name": "DIAMONDROCK HOSPITALITY CO",
  "quarters": [
    {
      "date": "2020-12-31T00:00:00",
      "quarter_label": "2020-12 (Q4)",
      "revenue": 59047000,
      "gross_profit": null,
      "operating_income": -219031000,
      "net_income": -207442000,
      "opex": 278078000,
      "cogs": null,
      "rd": null,
      "sga": null,
      "fcf": -28983000,
      "ocf": -28983000,
      "capex": null,
      "gross_margin": null,
      "op_margin": -3.7094348569783393,
      "fcf_margin": -0.49084627500127015
    },
    {
      "date": "2021-03-31T00:00:00",
      "quarter_label": "2021-03 (Q1)",
      "revenue": 72937000,
      "gross_profit": null,
      "operating_income": null,
      "net_income": -170847000,
      "opex": 234563000,
      "cogs": null,
      "rd": null,
      "sga": null,
      "fcf": -34944000,
      "ocf": -34944000,
      "capex": null,
      "gross_margin": null,
      "op_margin": null,
      "fcf_margin": -0.47909839998903164,
      "op_leverage_ratio": Infinity,
      "fcf_margin_change": 0.011747875012238507
    },
    {
      "date": "2021-06-30T00:00:00",
      "quarter_label": "2021-06 (Q2)",
      "revenue": 124791000,
      "gross_profit": null,
      "operating_income": null,
      "net_income": -19033000,
      "opex": 136066000,
      "cogs": null,
      "rd": null,
      "sga": null,
      "fcf": -1484000,
      "ocf": -1484000,
      "capex": null,
      "gross_margin": null,
      "op_margin": null,
      "fcf_margin": -0.011891883228758485,
      "op_leverage_ratio": Infinity,
      "fcf_margin_change": 0.46720651676027314
    },
    {
      "date": "2021-09-30T00:00:00",
      "quarter_label": "2021-09 (Q3)",
      "revenue": 179472000,
      "gross_profit": null,
      "operating_income": null,
      "net_income": -1765000,
      "opex": 168809000,
      "cogs": null,
      "rd": null,
      "sga": null,
      "fcf": 14091000,
      "ocf": 14091000,
      "capex": null,
      "gross_margin": null,
      "op_margin": null,
      "fcf_margin": 0.07851364001069805,
      "op_leverage_ratio": 1.8208926089164692,
      "fcf_margin_change": 0.09040552323945654
    },
    {
      "date": "2021-12-31T00:00:00",
      "quarter_label": "2021-12 (Q4)",
      "revenue": 189934000,
      "gross_profit": null,
      "operating_income": null,
      "net_income": -2939000,
      "opex": 183738000,
      "cogs": null,
      "rd": null,
      "sga": null,
      "fcf": 20030000,
      "ocf": 20030000,
      "capex": null,
      "gross_margin": null,
      "op_margin": null,
      "fcf_margin": 0.1054576853012099,
      "rev_growth_yoy": 2.216657916574932,
      "op_leverage_ratio": 0.6591479296317747,
      "fcf_margin_change": 0.02694404529051185
    },
    {
      "date": "2022-03-31T00:00:00",
      "quarter_label": "2022-03 (Q1)",
      "revenue": 196833000,
      "gross_profit": null,
      "operating_income": null,
      "net_income": 10028000,
      "opex": 182422000,
      "cogs": null,
      "rd": null,
      "sga": null,
      "fcf": 13154000,
      "ocf": 13154000,
      "capex": null,
      "gross_margin": null,
      "op_margin": null,
      "fcf_margin": 0.06682822494195587,
      "rev_growth_yoy": 1.6986714561882172,
      "rev_growth_yoy_accel": -0.5179864603867148,
      "op_leverage_ratio": Infinity,
      "fcf_margin_change": -0.038629460359254034
    },
    {
      "date": "2022-06-30T00:00:00",
      "quarter_label": "2022-06 (Q2)",
      "revenue": 281407000,
      "gross_profit": null,
      "operating_income": null,
      "net_income": 52517000,
      "opex": 217734000,
      "cogs": null,
      "rd": null,
      "sga": null,
      "fcf": 62331000,
      "ocf": 62331000,
      "capex": null,
      "gross_margin": null,
      "op_margin": null,
      "fcf_margin": 0.22149768840149675,
      "rev_growth_yoy": 1.255026404147735,
      "rev_growth_yoy_accel": -0.4436450520404822,
      "op_leverage_ratio": 2.219697825925363,
      "fcf_margin_change": 0.15466946345954088
    },
    {
      "date": "2022-09-30T00:00:00",
      "quarter_label": "2022-09 (Q3)",
      "revenue": 268208000,
      "gross_profit": null,
      "operating_income": null,
      "net_income": 28456000,
      "opex": 220419000,
      "cogs": null,
      "rd": null,
      "sga": null,
      "fcf": 82540000,
      "ocf": 82540000,
      "capex": null,
      "gross_margin": null,
      "op_margin": null,
      "fcf_margin": 0.30774622680904373,
      "rev_growth_yoy": 0.4944281002050459,
      "rev_growth_yoy_accel": -0.7605983039426891,
      "fcf_margin_change": 0.08624853840754698
    },
    {
      "date": "2022-12-31T00:00:00",
      "quarter_label": "2022-12 (Q4)",
      "revenue": 255055000,
      "gross_profit": null,
      "operating_income": null,
      "net_income": 18327000,
      "opex": 219163000,
      "cogs": null,
      "rd": null,
      "sga": null,
      "fcf": 48214000,
      "ocf": 48214000,
      "capex": null,
      "gross_margin": null,
      "op_margin": null,
      "fcf_margin": 0.18903373782125424,
      "rev_growth_yoy": 0.3428612044183769,
      "rev_growth_yoy_accel": -0.151566895786669,
      "fcf_margin_change": -0.1187124889877895
    },
    {
      "date": "2023-03-31T00:00:00",
      "quarter_label": "2023-03 (Q1)",
      "revenue": 243553000,
      "gross_profit": null,
      "operating_income": null,
      "net_income": 9156000,
      "opex": 217842000,
      "cogs": null,
      "rd": null,
      "sga": null,
      "fcf": 58069000,
      "ocf": 58069000,
      "capex": null,
      "gross_margin": null,
      "op_margin": null,
      "fcf_margin": 0.23842449076792321,
      "rev_growth_yoy": 0.2373585730035106,
      "rev_growth_yoy_accel": -0.10550263141486632,
      "fcf_margin_change": 0.049390752946668975
    },
    {
      "date": "2023-06-30T00:00:00",
      "quarter_label": "2023-06 (Q2)",
      "revenue": 291247000,
      "gross_profit": null,
      "operating_income": null,
      "net_income": 38965000,
      "opex": 236646000,
      "cogs": null,
      "rd": null,
      "sga": null,
      "fcf": 56355000,
      "ocf": 56355000,
      "capex": null,
      "gross_margin": null,
      "op_margin": null,
      "fcf_margin": 0.19349555531902474,
      "rev_growth_yoy": 0.03496714722803626,
      "rev_growth_yoy_accel": -0.20239142577547434,
      "op_leverage_ratio": 2.2686193759959434,
      "fcf_margin_change": -0.04492893544889848
    },
    {
      "date": "2023-09-30T00:00:00",
      "quarter_label": "2023-09 (Q3)",
      "revenue": 276520000,
      "gross_profit": null,
      "operating_income": null,
      "net_income": 27272000,
      "opex": 233765000,
      "cogs": null,
      "rd": null,
      "sga": null,
      "fcf": 70262000,
      "ocf": 70262000,
      "capex": null,
      "gross_margin": null,
      "op_margin": null,
      "fcf_margin": 0.25409373643859395,
      "rev_growth_yoy": 0.030990872755473364,
      "rev_growth_yoy_accel": -0.003976274472562897,
      "fcf_margin_change": 0.06059818111956922
    },
    {
      "date": "2023-12-31T00:00:00",
      "quarter_label": "2023-12 (Q4)",
      "revenue": 263547000,
      "gross_profit": null,
      "operating_income": null,
      "net_income": 10947000,
      "opex": 237151000,
      "cogs": null,
      "rd": null,
      "sga": null,
      "fcf": 52878000,
      "ocf": 52878000,
      "capex": null,
      "gross_margin": null,
      "op_margin": null,
      "fcf_margin": 0.20063973408917574,
      "rev_growth_yoy": 0.03329477955735038,
      "rev_growth_yoy_accel": 0.002303906801877014,
      "fcf_margin_change": -0.05345400234941822
    },
    {
      "date": "2024-03-31T00:00:00",
      "quarter_label": "2024-03 (Q1)",
      "revenue": 256423000,
      "gross_profit": null,
      "operating_income": null,
      "net_income": 8328000,
      "opex": 233978000,
      "cogs": null,
      "rd": null,
      "sga": null,
      "fcf": 31233000,
      "ocf": 31233000,
      "capex": null,
      "gross_margin": null,
      "op_margin": null,
      "fcf_margin": 0.1218026464084735,
      "rev_growth_yoy": 0.05284270774738969,
      "rev_growth_yoy_accel": 0.01954792819003931,
      "fcf_margin_change": -0.07883708768070223
    },
    {
      "date": "2024-06-30T00:00:00",
      "quarter_label": "2024-06 (Q2)",
      "revenue": 309280000,
      "gross_profit": null,
      "operating_income": null,
      "net_income": 24530000,
      "opex": 268274000,
      "cogs": null,
      "rd": null,
      "sga": null,
      "fcf": 55720000,
      "ocf": 55720000,
      "capex": null,
      "gross_margin": null,
      "op_margin": null,
      "fcf_margin": 0.18016037247801345,
      "rev_growth_yoy": 0.06191651759503102,
      "rev_growth_yoy_accel": 0.009073809847641334,
      "op_leverage_ratio": 1.4062971197868204,
      "fcf_margin_change": 0.05835772606953994
    },
    {
      "date": "2024-09-30T00:00:00",
      "quarter_label": "2024-09 (Q3)",
      "revenue": 285129000,
      "gross_profit": null,
      "operating_income": null,
      "net_income": 26432000,
      "opex": 242169000,
      "cogs": null,
      "rd": null,
      "sga": null,
      "fcf": 61662000,
      "ocf": 61662000,
      "capex": null,
      "gross_margin": null,
      "op_margin": null,
      "fcf_margin": 0.21626000862767378,
      "rev_growth_yoy": 0.031133371907999422,
      "rev_growth_yoy_accel": -0.0307831456870316,
      "fcf_margin_change": 0.03609963614966033
    },
    {
      "date": "2024-12-31T00:00:00",
      "quarter_label": "2024-12 (Q4)",
      "revenue": 279051000,
      "gross_profit": null,
      "operating_income": null,
      "net_income": -11243000,
      "opex": 274492000,
      "cogs": null,
      "rd": null,
      "sga": null,
      "fcf": 75794000,
      "ocf": 75794000,
      "capex": null,
      "gross_margin": null,
      "op_margin": null,
      "fcf_margin": 0.2716134326700137,
      "rev_growth_yoy": 0.05882821659893681,
      "rev_growth_yoy_accel": 0.02769484469093739,
      "fcf_margin_change": 0.05535342404233992
    },
    {
      "date": "2025-03-31T00:00:00",
      "quarter_label": "2025-03 (Q1)",
      "revenue": 254853000,
      "gross_profit": null,
      "operating_income": null,
      "net_income": 11857000,
      "opex": 230086000,
      "cogs": null,
      "rd": null,
      "sga": null,
      "fcf": 27606000,
      "ocf": 27606000,
      "capex": null,
      "gross_margin": null,
      "op_margin": null,
      "fcf_margin": 0.10832126755423716,
      "rev_growth_yoy": -0.006122695702023609,
      "rev_growth_yoy_accel": -0.06495091230096042,
      "fcf_margin_change": -0.16329216511577654
    },
    {
      "date": "2025-06-30T00:00:00",
      "quarter_label": "2025-06 (Q2)",
      "revenue": 305720000,
      "gross_profit": null,
      "operating_income": null,
      "net_income": 40835000,
      "opex": 249586000,
      "cogs": null,
      "rd": null,
      "sga": null,
      "fcf": 73568000,
      "ocf": 73568000,
      "capex": null,
      "gross_margin": null,
      "op_margin": null,
      "fcf_margin": 0.24063849273845347,
      "rev_growth_yoy": -0.011510605276771857,
      "rev_growth_yoy_accel": -0.005387909574748248,
      "op_leverage_ratio": 2.3550598976765587,
      "fcf_margin_change": 0.13231722518421632
    },
    {
      "date": "2025-09-30T00:00:00",
      "quarter_label": "2025-09 (Q3)",
      "revenue": 285384000,
      "gross_profit": null,
      "operating_income": null,
      "net_income": 22525000,
      "opex": 241614000,
      "cogs": null,
      "rd": null,
      "sga": null,
      "fcf": 74556000,
      "ocf": 74556000,
      "capex": null,
      "gross_margin": null,
      "op_margin": null,
      "fcf_margin": 0.2612480026911109,
      "rev_growth_yoy": 0.0008943320391822648,
      "rev_growth_yoy_accel": 0.012404937315954122,
      "fcf_margin_change": 0.02060950995265745
    }
  ],
  "signals": [
    {
      "quarter": "2025-06 (Q2)",
      "signal": "FCF MARGIN EXPANSION",
      "detail": "FCF margin: +10.8% -> +24.1% (+13.2%)",
      "severity": "MEDIUM"
    },
    {
      "quarter": "2025-06 (Q2)",
      "signal": "OPERATING LEVERAGE",
      "detail": "Rev growth +20.0% vs OpEx growth +8.5% (leverage: 2.4x)",
      "severity": "MEDIUM"
    },
    {
      "quarter": "2025-03 (Q1)",
      "signal": "YoY REVENUE GROWTH DECELERATION",
      "detail": "YoY growth: -0.6% vs prior quarter YoY: +5.9% (decel: -6.5%)",
      "severity": "WARNING"
    },
    {
      "quarter": "2024-12 (Q4)",
      "signal": "FCF MARGIN EXPANSION",
      "detail": "FCF margin: +21.6% -> +27.2% (+5.5%)",
      "severity": "MEDIUM"
    },
    {
      "quarter": "2024-06 (Q2)",
      "signal": "FCF MARGIN EXPANSION",
      "detail": "FCF margin: +12.2% -> +18.0% (+5.8%)",
      "severity": "MEDIUM"
    },
    {
      "quarter": "2023-09 (Q3)",
      "signal": "FCF MARGIN EXPANSION",
      "detail": "FCF margin: +19.3% -> +25.4% (+6.1%)",
      "severity": "MEDIUM"
    },
    {
      "quarter": "2023-06 (Q2)",
      "signal": "OPERATING LEVERAGE",
      "detail": "Rev growth +19.6% vs OpEx growth +8.6% (leverage: 2.3x)",
      "severity": "MEDIUM"
    },
    {
      "quarter": "2023-06 (Q2)",
      "signal": "YoY REVENUE GROWTH DECELERATION",
      "detail": "YoY growth: +3.5% vs prior quarter YoY: +23.7% (decel: -20.2%)",
      "severity": "WARNING"
    },
    {
      "quarter": "2023-03 (Q1)",
      "signal": "YoY REVENUE GROWTH DECELERATION",
      "detail": "YoY growth: +23.7% vs prior quarter YoY: +34.3% (decel: -10.6%)",
      "severity": "WARNING"
    },
    {
      "quarter": "2022-12 (Q4)",
      "signal": "YoY REVENUE GROWTH DECELERATION",
      "detail": "YoY growth: +34.3% vs prior quarter YoY: +49.4% (decel: -15.2%)",
      "severity": "WARNING"
    },
    {
      "quarter": "2022-09 (Q3)",
      "signal": "FCF MARGIN EXPANSION",
      "detail": "FCF margin: +22.1% -> +30.8% (+8.6%)",
      "severity": "MEDIUM"
    },
    {
      "quarter": "2022-09 (Q3)",
      "signal": "YoY REVENUE GROWTH DECELERATION",
      "detail": "YoY growth: +49.4% vs prior quarter YoY: +125.5% (decel: -76.1%)",
      "severity": "WARNING"
    },
    {
      "quarter": "2022-06 (Q2)",
      "signal": "FCF MARGIN EXPANSION",
      "detail": "FCF margin: +6.7% -> +22.1% (+15.5%)",
      "severity": "MEDIUM"
    },
    {
      "quarter": "2022-06 (Q2)",
      "signal": "OPERATING LEVERAGE",
      "detail": "Rev growth +43.0% vs OpEx growth +19.4% (leverage: 2.2x)",
      "severity": "MEDIUM"
    },
    {
      "quarter": "2022-06 (Q2)",
      "signal": "YoY REVENUE GROWTH DECELERATION",
      "detail": "YoY growth: +125.5% vs prior quarter YoY: +169.9% (decel: -44.4%)",
      "severity": "WARNING"
    },
    {
      "quarter": "2022-03 (Q1)",
      "signal": "YoY REVENUE GROWTH DECELERATION",
      "detail": "YoY growth: +169.9% vs prior quarter YoY: +221.7% (decel: -51.8%)",
      "severity": "WARNING"
    },
    {
      "quarter": "2021-09 (Q3)",
      "signal": "FCF TURNED POSITIVE",
      "detail": "FCF margin: -1.2% -> +7.9%",
      "severity": "HIGH"
    },
    {
      "quarter": "2021-09 (Q3)",
      "signal": "OPERATING LEVERAGE",
      "detail": "Rev growth +43.8% vs OpEx growth +24.1% (leverage: 1.8x)",
      "severity": "MEDIUM"
    },
    {
      "quarter": "2021-06 (Q2)",
      "signal": "FCF MARGIN EXPANSION",
      "detail": "FCF margin: -47.9% -> -1.2% (+46.7%)",
      "severity": "MEDIUM"
    }
  ],
  "data_quality": {
    "n_quarters": 20,
    "coverage": {
      "revenue": [
        20,
        20
      ],
      "gross_profit": [
        0,
        20
      ],
      "op_income": [
        1,
        20
      ],
      "fcf": [
        20,
        20
      ]
    },
    "gaps": [],
    "warnings": [
      "gross_profit: no data",
      "op_income: 1/20Q"
    ]
  },
  "market_cap": null,
  "source": "SEC EDGAR",
  "last_updated": "2026-02-02T21:39:09.070487"
}