{
  "ticker": "DRI",
  "name": "DARDEN RESTAURANTS, INC.",
  "quarters": [
    {
      "date": "2021-02-28T00:00:00",
      "quarter_label": "2021-02 (Q1)",
      "revenue": 1733000000,
      "gross_profit": 318200000,
      "operating_income": 148000000,
      "net_income": 128700000,
      "opex": 1585000000,
      "cogs": null,
      "rd": null,
      "sga": null,
      "fcf": 248300000,
      "ocf": 317400000,
      "capex": -69100000,
      "gross_margin": 0.18361223312175418,
      "op_margin": 0.08540103866128101,
      "fcf_margin": 0.14327755337564915
    },
    {
      "date": "2021-05-30T00:00:00",
      "quarter_label": "2021-05 (Q2)",
      "revenue": 2279200000,
      "gross_profit": 515100000,
      "operating_income": 323400000,
      "net_income": 368500000,
      "opex": 1955800000,
      "cogs": null,
      "rd": null,
      "sga": null,
      "fcf": 369900000,
      "ocf": 447500000,
      "capex": -77600000,
      "gross_margin": 0.226000351000351,
      "op_margin": 0.14189189189189189,
      "fcf_margin": 0.1622937872937873,
      "op_leverage_ratio": 1.3472328821014248,
      "fcf_margin_change": 0.019016233918138142
    },
    {
      "date": "2021-08-29T00:00:00",
      "quarter_label": "2021-08 (Q3)",
      "revenue": 2306000000,
      "gross_profit": 482600000,
      "operating_income": 280800000,
      "net_income": 230900000,
      "opex": 2025200000,
      "cogs": null,
      "rd": null,
      "sga": null,
      "fcf": 97600000,
      "ocf": 180300000,
      "capex": -82700000,
      "gross_margin": 0.20928013876843019,
      "op_margin": 0.12176929748482221,
      "fcf_margin": 0.042324371205550736,
      "op_leverage_ratio": 0.3313731599034192,
      "fcf_margin_change": -0.11996941608823655
    },
    {
      "date": "2021-11-28T00:00:00",
      "quarter_label": "2021-11 (Q4)",
      "revenue": 2272200000,
      "gross_profit": 426400000,
      "operating_income": 242900000,
      "net_income": 193200000,
      "opex": 2029300000,
      "cogs": null,
      "rd": null,
      "sga": null,
      "fcf": 210600000,
      "ocf": 301200000,
      "capex": -90600000,
      "gross_margin": 0.18765953701258692,
      "op_margin": 0.10690080098582871,
      "fcf_margin": 0.09268550303670452,
      "fcf_margin_change": 0.05036113183115378
    },
    {
      "date": "2022-02-27T00:00:00",
      "quarter_label": "2022-02 (Q1)",
      "revenue": 2448900000,
      "gross_profit": 474600000,
      "operating_income": 301000000,
      "net_income": 247000000,
      "opex": 2147900000,
      "cogs": null,
      "rd": null,
      "sga": null,
      "fcf": 332700000,
      "ocf": 435000000,
      "capex": -102300000,
      "gross_margin": 0.19380129854220263,
      "op_margin": 0.12291232798399282,
      "fcf_margin": 0.13585691534974886,
      "incr_op_margin_yoy": 0.21371699958094706,
      "rev_growth_yoy": 0.4130986728216965,
      "op_leverage_ratio": 1.3306123816678253,
      "fcf_margin_change": 0.04317141231304435
    },
    {
      "date": "2022-05-29T00:00:00",
      "quarter_label": "2022-05 (Q2)",
      "revenue": 2602900000,
      "gross_profit": 518200000,
      "operating_income": 337500000,
      "net_income": 281700000,
      "opex": 2265400000,
      "cogs": null,
      "rd": null,
      "sga": null,
      "fcf": 246800000,
      "ocf": 348100000,
      "capex": -101300000,
      "gross_margin": 0.19908563525298706,
      "op_margin": 0.12966306811633177,
      "fcf_margin": 0.09481731914403166,
      "incr_op_margin_yoy": 0.04355885078776645,
      "rev_growth_yoy": 0.142023517023517,
      "rev_growth_yoy_accel": -0.2710751557981795,
      "op_leverage_ratio": 1.1495446935358733,
      "fcf_margin_change": -0.041039596205717205
    },
    {
      "date": "2022-08-28T00:00:00",
      "quarter_label": "2022-08 (Q3)",
      "revenue": 2446100000,
      "gross_profit": 423200000,
      "operating_income": 244200000,
      "net_income": 193000000,
      "opex": 2201900000,
      "cogs": null,
      "rd": null,
      "sga": null,
      "fcf": 305000000,
      "ocf": 427800000,
      "capex": -122800000,
      "gross_margin": 0.1730100977065533,
      "op_margin": 0.09983238624749602,
      "fcf_margin": 0.12468827930174564,
      "incr_op_margin_yoy": -0.26124197002141325,
      "rev_growth_yoy": 0.06075455333911535,
      "rev_growth_yoy_accel": -0.08126896368440166,
      "fcf_margin_change": 0.029870960157713983
    },
    {
      "date": "2022-11-27T00:00:00",
      "quarter_label": "2022-11 (Q4)",
      "revenue": 2486500000,
      "gross_profit": 411600000,
      "operating_income": 233200000,
      "net_income": 187200000,
      "opex": 2253300000,
      "cogs": null,
      "rd": null,
      "sga": null,
      "fcf": 50300000,
      "ocf": 207800000,
      "capex": -157500000,
      "gross_margin": 0.16553388296802735,
      "op_margin": 0.09378644681278907,
      "fcf_margin": 0.020229237884576715,
      "incr_op_margin_yoy": -0.04526364909006066,
      "rev_growth_yoy": 0.09431388082035032,
      "rev_growth_yoy_accel": 0.03355932748123497,
      "op_leverage_ratio": 0.7075247392140305,
      "fcf_margin_change": -0.10445904141716893
    },
    {
      "date": "2023-02-26T00:00:00",
      "quarter_label": "2023-02 (Q1)",
      "revenue": 2786200000,
      "gross_profit": 556500000,
      "operating_income": 349900000,
      "net_income": 286600000,
      "opex": 2436300000,
      "cogs": null,
      "rd": null,
      "sga": null,
      "fcf": 374700000,
      "ocf": 504900000,
      "capex": -130200000,
      "gross_margin": 0.1997344052831814,
      "op_margin": 0.1255832316416625,
      "fcf_margin": 0.13448424377288062,
      "incr_op_margin_yoy": 0.1449747998814112,
      "rev_growth_yoy": 0.1377353097308996,
      "rev_growth_yoy_accel": 0.04342142891054927,
      "op_leverage_ratio": 1.4841103928426618,
      "fcf_margin_change": 0.11425500588830391
    },
    {
      "date": "2023-05-28T00:00:00",
      "quarter_label": "2023-05 (Q2)",
      "revenue": 2769000000,
      "gross_profit": 573800000,
      "operating_income": 374500000,
      "net_income": 315100000,
      "opex": 2394500000,
      "cogs": null,
      "rd": null,
      "sga": null,
      "fcf": 257900000,
      "ocf": 412300000,
      "capex": -154400000,
      "gross_margin": 0.20722282412423257,
      "op_margin": 0.13524738172625497,
      "fcf_margin": 0.09313831708197906,
      "incr_op_margin_yoy": 0.22275737507525586,
      "rev_growth_yoy": 0.06381343885665988,
      "rev_growth_yoy_accel": -0.07392187087423971,
      "fcf_margin_change": -0.04134592669090156
    },
    {
      "date": "2023-08-27T00:00:00",
      "quarter_label": "2023-08 (Q3)",
      "revenue": 2730600000,
      "gross_profit": 519100000,
      "operating_income": 252900000,
      "net_income": 194500000,
      "opex": 2477700000,
      "cogs": null,
      "rd": null,
      "sga": null,
      "fcf": 118200000,
      "ocf": 269100000,
      "capex": -150900000,
      "gross_margin": 0.1901047388852267,
      "op_margin": 0.0926170072511536,
      "fcf_margin": 0.04328718962865304,
      "incr_op_margin_yoy": 0.030579964850615114,
      "rev_growth_yoy": 0.11630759167654633,
      "rev_growth_yoy_accel": 0.05249415281988645,
      "fcf_margin_change": -0.04985112745332602
    },
    {
      "date": "2023-11-26T00:00:00",
      "quarter_label": "2023-11 (Q4)",
      "revenue": 2727300000,
      "gross_profit": 513300000,
      "operating_income": 278500000,
      "net_income": 212100000,
      "opex": 2448800000,
      "cogs": null,
      "rd": null,
      "sga": null,
      "fcf": 179300000,
      "ocf": 340800000,
      "capex": -161500000,
      "gross_margin": 0.1882081179188208,
      "op_margin": 0.10211564551021156,
      "fcf_margin": 0.06574267590657427,
      "incr_op_margin_yoy": 0.18812292358803986,
      "rev_growth_yoy": 0.09684295194047858,
      "rev_growth_yoy_accel": -0.019464639736067754,
      "fcf_margin_change": 0.02245548627792123
    },
    {
      "date": "2024-02-25T00:00:00",
      "quarter_label": "2024-02 (Q1)",
      "revenue": 2974800000,
      "gross_profit": 613900000,
      "operating_income": 387400000,
      "net_income": 312900000,
      "opex": 2587400000,
      "cogs": null,
      "rd": null,
      "sga": null,
      "fcf": 437400000,
      "ocf": 585800000,
      "capex": -148400000,
      "gross_margin": 0.2063668145757698,
      "op_margin": 0.13022724216754067,
      "fcf_margin": 0.14703509479628882,
      "incr_op_margin_yoy": 0.19883351007423117,
      "rev_growth_yoy": 0.06769076161079607,
      "rev_growth_yoy_accel": -0.029152190329682512,
      "op_leverage_ratio": 1.6033649187317651,
      "fcf_margin_change": 0.08129241888971454
    },
    {
      "date": "2024-05-26T00:00:00",
      "quarter_label": "2024-05 (Q2)",
      "revenue": 2957300000,
      "gross_profit": 619400000,
      "operating_income": 395400000,
      "net_income": 308100000,
      "opex": 2561900000,
      "cogs": null,
      "rd": null,
      "sga": null,
      "fcf": 285600000,
      "ocf": 426000000,
      "capex": -140400000,
      "gross_margin": 0.2094478071213607,
      "op_margin": 0.1337030399350759,
      "fcf_margin": 0.09657457816251311,
      "incr_op_margin_yoy": 0.11099309612320765,
      "rev_growth_yoy": 0.06800288912964969,
      "rev_growth_yoy_accel": 0.0003121275188536221,
      "fcf_margin_change": -0.05046051663377571
    },
    {
      "date": "2024-08-25T00:00:00",
      "quarter_label": "2024-08 (Q3)",
      "revenue": 2757000000,
      "gross_profit": 518100000,
      "operating_income": 269200000,
      "net_income": 207200000,
      "opex": 2487800000,
      "cogs": null,
      "rd": null,
      "sga": null,
      "fcf": 128000000,
      "ocf": 273200000,
      "capex": -145200000,
      "gross_margin": 0.18792165397170837,
      "op_margin": 0.0976423648893725,
      "fcf_margin": 0.04642727602466449,
      "incr_op_margin_yoy": 0.6174242424242424,
      "rev_growth_yoy": 0.00966820479015601,
      "rev_growth_yoy_accel": -0.05833468433949368,
      "fcf_margin_change": -0.05014730213784862
    },
    {
      "date": "2024-11-24T00:00:00",
      "quarter_label": "2024-11 (Q4)",
      "revenue": 2890000000,
      "gross_profit": 563900000,
      "operating_income": 292100000,
      "net_income": 215100000,
      "opex": 2597900000,
      "cogs": null,
      "rd": null,
      "sga": null,
      "fcf": 219300000,
      "ocf": 388600000,
      "capex": -169300000,
      "gross_margin": 0.19512110726643597,
      "op_margin": 0.10107266435986159,
      "fcf_margin": 0.07588235294117647,
      "incr_op_margin_yoy": 0.08358942839582052,
      "rev_growth_yoy": 0.05965607010596561,
      "rev_growth_yoy_accel": 0.0499878653158096,
      "op_leverage_ratio": 1.0900414665732374,
      "fcf_margin_change": 0.02945507691651198
    },
    {
      "date": "2025-02-23T00:00:00",
      "quarter_label": "2025-02 (Q1)",
      "revenue": 3158000000,
      "gross_profit": 666900000,
      "operating_income": 418200000,
      "net_income": 323400000,
      "opex": 2739800000,
      "cogs": null,
      "rd": null,
      "sga": null,
      "fcf": 430100000,
      "ocf": 588200000,
      "capex": -158100000,
      "gross_margin": 0.21117796073464218,
      "op_margin": 0.1324255858138062,
      "fcf_margin": 0.13619379354021532,
      "incr_op_margin_yoy": 0.16812227074235808,
      "rev_growth_yoy": 0.06158397203173323,
      "rev_growth_yoy_accel": 0.001927901925767618,
      "op_leverage_ratio": 1.697762691695258,
      "fcf_margin_change": 0.060311440599038854
    },
    {
      "date": "2025-05-25T00:00:00",
      "quarter_label": "2025-05 (Q2)",
      "revenue": 3271700000,
      "gross_profit": 723800000,
      "operating_income": 382800000,
      "net_income": 303800000,
      "opex": 2888900000,
      "cogs": null,
      "rd": null,
      "sga": null,
      "fcf": 285000000,
      "ocf": 457000000,
      "capex": -172000000,
      "gross_margin": 0.22123055292355656,
      "op_margin": 0.11700339273160743,
      "fcf_margin": 0.08711067640676101,
      "incr_op_margin_yoy": -0.04007633587786259,
      "rev_growth_yoy": 0.106313191086464,
      "rev_growth_yoy_accel": 0.044729219054730776,
      "op_leverage_ratio": 0.6615909516631137,
      "fcf_margin_change": -0.04908311713345431
    },
    {
      "date": "2025-08-24T00:00:00",
      "quarter_label": "2025-08 (Q3)",
      "revenue": 3044700000,
      "gross_profit": 574300000,
      "operating_income": 339200000,
      "net_income": 257800000,
      "opex": 2705500000,
      "cogs": null,
      "rd": null,
      "sga": null,
      "fcf": 168400000,
      "ocf": 342500000,
      "capex": -174100000,
      "gross_margin": 0.18862285282622263,
      "op_margin": 0.11140670673629585,
      "fcf_margin": 0.0553092258679016,
      "incr_op_margin_yoy": 0.24330900243309003,
      "rev_growth_yoy": 0.1043525571273123,
      "rev_growth_yoy_accel": -0.001960633959151706,
      "fcf_margin_change": -0.03180145053885941
    },
    {
      "date": "2025-11-23T00:00:00",
      "quarter_label": "2025-11 (Q4)",
      "revenue": 3102100000,
      "gross_profit": 581300000,
      "operating_income": 320400000,
      "net_income": 237200000,
      "opex": 2781700000,
      "cogs": null,
      "rd": null,
      "sga": null,
      "fcf": 119800000,
      "ocf": 320700000,
      "capex": -200900000,
      "gross_margin": 0.18738918796944007,
      "op_margin": 0.10328487153863512,
      "fcf_margin": 0.03861900003223623,
      "incr_op_margin_yoy": 0.13342762847713344,
      "rev_growth_yoy": 0.07339100346020762,
      "rev_growth_yoy_accel": -0.03096155366710468,
      "op_leverage_ratio": 0.6693603022747587,
      "fcf_margin_change": -0.016690225835665373
    }
  ],
  "signals": [
    {
      "quarter": "2025-08 (Q3)",
      "signal": "INCREMENTAL MARGIN (YoY)",
      "detail": "YoY Incr OPM: +24.3% vs year-ago OPM: +9.8%",
      "severity": "MEDIUM"
    },
    {
      "quarter": "2025-02 (Q1)",
      "signal": "FCF MARGIN EXPANSION",
      "detail": "FCF margin: +7.6% -> +13.6% (+6.0%)",
      "severity": "MEDIUM"
    },
    {
      "quarter": "2025-02 (Q1)",
      "signal": "OPERATING LEVERAGE",
      "detail": "Rev growth +9.3% vs OpEx growth +5.5% (leverage: 1.7x)",
      "severity": "MEDIUM"
    },
    {
      "quarter": "2024-08 (Q3)",
      "signal": "YoY REVENUE GROWTH DECELERATION",
      "detail": "YoY growth: +1.0% vs prior quarter YoY: +6.8% (decel: -5.8%)",
      "severity": "WARNING"
    },
    {
      "quarter": "2024-08 (Q3)",
      "signal": "INCREMENTAL MARGIN (YoY)",
      "detail": "YoY Incr OPM: +61.7% vs year-ago OPM: +9.3%",
      "severity": "HIGH"
    },
    {
      "quarter": "2024-02 (Q1)",
      "signal": "FCF MARGIN EXPANSION",
      "detail": "FCF margin: +6.6% -> +14.7% (+8.1%)",
      "severity": "MEDIUM"
    },
    {
      "quarter": "2024-02 (Q1)",
      "signal": "OPERATING LEVERAGE",
      "detail": "Rev growth +9.1% vs OpEx growth +5.7% (leverage: 1.6x)",
      "severity": "MEDIUM"
    },
    {
      "quarter": "2023-08 (Q3)",
      "signal": "YoY REVENUE GROWTH ACCELERATION",
      "detail": "YoY growth: +11.6% vs prior quarter YoY: +6.4% (accel: +5.2%)",
      "severity": "MEDIUM"
    },
    {
      "quarter": "2023-05 (Q2)",
      "signal": "YoY REVENUE GROWTH DECELERATION",
      "detail": "YoY growth: +6.4% vs prior quarter YoY: +13.8% (decel: -7.4%)",
      "severity": "WARNING"
    },
    {
      "quarter": "2023-02 (Q1)",
      "signal": "FCF MARGIN EXPANSION",
      "detail": "FCF margin: +2.0% -> +13.4% (+11.4%)",
      "severity": "MEDIUM"
    },
    {
      "quarter": "2023-02 (Q1)",
      "signal": "GROSS MARGIN INFLECTION",
      "detail": "GM: +17.3% -> +16.6% -> +20.0% (reversal +3.4%)",
      "severity": "MEDIUM"
    },
    {
      "quarter": "2022-08 (Q3)",
      "signal": "YoY REVENUE GROWTH DECELERATION",
      "detail": "YoY growth: +6.1% vs prior quarter YoY: +14.2% (decel: -8.1%)",
      "severity": "WARNING"
    },
    {
      "quarter": "2022-05 (Q2)",
      "signal": "YoY REVENUE GROWTH DECELERATION",
      "detail": "YoY growth: +14.2% vs prior quarter YoY: +41.3% (decel: -27.1%)",
      "severity": "WARNING"
    },
    {
      "quarter": "2022-02 (Q1)",
      "signal": "INCREMENTAL MARGIN (YoY)",
      "detail": "YoY Incr OPM: +21.4% vs year-ago OPM: +8.5%",
      "severity": "MEDIUM"
    },
    {
      "quarter": "2021-11 (Q4)",
      "signal": "FCF MARGIN EXPANSION",
      "detail": "FCF margin: +4.2% -> +9.3% (+5.0%)",
      "severity": "MEDIUM"
    }
  ],
  "data_quality": {
    "n_quarters": 20,
    "coverage": {
      "revenue": [
        20,
        20
      ],
      "gross_profit": [
        20,
        20
      ],
      "op_income": [
        20,
        20
      ],
      "fcf": [
        20,
        20
      ]
    },
    "gaps": [],
    "warnings": []
  },
  "market_cap": null,
  "source": "SEC EDGAR",
  "last_updated": "2026-02-02T20:15:32.820500"
}