{
  "ticker": "DRVN",
  "name": "Driven Brands Holdings Inc.",
  "quarters": [
    {
      "date": "2020-12-26T00:00:00",
      "quarter_label": "2020-12 (Q4)",
      "revenue": 288508000,
      "gross_profit": null,
      "operating_income": 19664000,
      "net_income": -7488000,
      "opex": 268844000,
      "cogs": null,
      "rd": null,
      "sga": 65170000,
      "fcf": 17531000,
      "ocf": 17531000,
      "capex": null,
      "gross_margin": null,
      "op_margin": 0.0681575554230732,
      "fcf_margin": 0.060764346222635074
    },
    {
      "date": "2021-03-27T00:00:00",
      "quarter_label": "2021-03 (Q1)",
      "revenue": 329420000,
      "gross_profit": null,
      "operating_income": 49722000,
      "net_income": -19939000,
      "opex": 279698000,
      "cogs": null,
      "rd": null,
      "sga": 69050000,
      "fcf": 32586000,
      "ocf": 32586000,
      "capex": null,
      "gross_margin": null,
      "op_margin": 0.15093801226397913,
      "fcf_margin": 0.09891931273146742,
      "op_leverage_ratio": 3.512395254517342,
      "fcf_margin_change": 0.03815496650883235
    },
    {
      "date": "2021-06-26T00:00:00",
      "quarter_label": "2021-06 (Q2)",
      "revenue": 374828000,
      "gross_profit": null,
      "operating_income": 63640000,
      "net_income": 35204000,
      "opex": 311188000,
      "cogs": null,
      "rd": null,
      "sga": 77935000,
      "fcf": 92102000,
      "ocf": 92102000,
      "capex": null,
      "gross_margin": null,
      "op_margin": 0.1697845411762195,
      "fcf_margin": 0.24571803600584802,
      "op_leverage_ratio": 1.2243317478284292,
      "fcf_margin_change": 0.1467987232743806
    },
    {
      "date": "2021-09-25T00:00:00",
      "quarter_label": "2021-09 (Q3)",
      "revenue": 371148000,
      "gross_profit": null,
      "operating_income": 63728000,
      "net_income": 33124000,
      "opex": 307420000,
      "cogs": null,
      "rd": null,
      "sga": 71565000,
      "fcf": 73507000,
      "ocf": 73507000,
      "capex": null,
      "gross_margin": null,
      "op_margin": 0.171705087997241,
      "fcf_margin": 0.19805306777889145,
      "fcf_margin_change": -0.04766496822695657
    },
    {
      "date": "2021-12-25T00:00:00",
      "quarter_label": "2021-12 (Q4)",
      "revenue": 391885000,
      "gross_profit": null,
      "operating_income": -23000,
      "net_income": -38757000,
      "opex": 391908000,
      "cogs": null,
      "rd": null,
      "sga": 73714000,
      "fcf": 85632000,
      "ocf": 85632000,
      "capex": null,
      "gross_margin": null,
      "op_margin": -5.869068731898389e-05,
      "fcf_margin": 0.2185130841956186,
      "incr_op_margin_yoy": -0.1904388790543351,
      "rev_growth_yoy": 0.3583158872544262,
      "op_leverage_ratio": 0.20329930392719928,
      "fcf_margin_change": 0.02046001641672715
    },
    {
      "date": "2022-03-26T00:00:00",
      "quarter_label": "2022-03 (Q1)",
      "revenue": 468323000,
      "gross_profit": null,
      "operating_income": 73720000,
      "net_income": 34443000,
      "opex": 394603000,
      "cogs": null,
      "rd": null,
      "sga": 92220000,
      "fcf": 9040000,
      "ocf": 9040000,
      "capex": null,
      "gross_margin": null,
      "op_margin": 0.15741272583238491,
      "fcf_margin": 0.01930291700386272,
      "incr_op_margin_yoy": 0.17276804676644852,
      "rev_growth_yoy": 0.42165927994657276,
      "rev_growth_yoy_accel": 0.06334339269214656,
      "op_leverage_ratio": 28.364558886366343,
      "fcf_margin_change": -0.19921016719175588
    },
    {
      "date": "2022-06-25T00:00:00",
      "quarter_label": "2022-06 (Q2)",
      "revenue": 508624000,
      "gross_profit": null,
      "operating_income": -35685000,
      "net_income": -57044000,
      "opex": 544309000,
      "cogs": null,
      "rd": null,
      "sga": 97977000,
      "fcf": 66349000,
      "ocf": 66349000,
      "capex": null,
      "gross_margin": null,
      "op_margin": -0.07015988234924031,
      "fcf_margin": 0.1304480323382302,
      "incr_op_margin_yoy": -0.7423615055756525,
      "rev_growth_yoy": 0.3569530558015943,
      "rev_growth_yoy_accel": -0.06470622414497845,
      "op_leverage_ratio": 0.22682530918085483,
      "fcf_margin_change": 0.1111451153343675
    },
    {
      "date": "2022-09-24T00:00:00",
      "quarter_label": "2022-09 (Q3)",
      "revenue": 516594000,
      "gross_profit": null,
      "operating_income": 95768000,
      "net_income": 38391000,
      "opex": 420826000,
      "cogs": null,
      "rd": null,
      "sga": 82460000,
      "fcf": 92263000,
      "ocf": 92263000,
      "capex": null,
      "gross_margin": null,
      "op_margin": 0.1853834926460625,
      "fcf_margin": 0.17859866742548305,
      "incr_op_margin_yoy": 0.2202879419165876,
      "rev_growth_yoy": 0.3918814058003815,
      "rev_growth_yoy_accel": 0.03492834999878719,
      "op_leverage_ratio": Infinity,
      "fcf_margin_change": 0.04815063508725284
    },
    {
      "date": "2022-12-31T00:00:00",
      "quarter_label": "2022-12 (Q4)",
      "revenue": 539653000,
      "gross_profit": null,
      "operating_income": 65801000,
      "net_income": 27398000,
      "opex": 473852000,
      "cogs": null,
      "rd": null,
      "sga": 110821000,
      "fcf": 29524000,
      "ocf": 29524000,
      "capex": null,
      "gross_margin": null,
      "op_margin": 0.12193205633990731,
      "fcf_margin": 0.05470922981990279,
      "incr_op_margin_yoy": 0.4454550376265497,
      "rev_growth_yoy": 0.3770698036413744,
      "rev_growth_yoy_accel": -0.01481160215900712,
      "op_leverage_ratio": 0.3542458801922537,
      "fcf_margin_change": -0.12388943760558027
    },
    {
      "date": "2023-04-01T00:00:00",
      "quarter_label": "2023-04 (Q2)",
      "revenue": 562467000,
      "gross_profit": null,
      "operating_income": 77186000,
      "net_income": 29749000,
      "opex": 485281000,
      "cogs": null,
      "rd": null,
      "sga": 112328000,
      "fcf": 36792000,
      "ocf": 36792000,
      "capex": null,
      "gross_margin": null,
      "op_margin": 0.1372276062417884,
      "fcf_margin": 0.06541183749446634,
      "incr_op_margin_yoy": 0.036815941536369814,
      "rev_growth_yoy": 0.201023652479165,
      "rev_growth_yoy_accel": -0.17604615116220937,
      "op_leverage_ratio": 1.7527554525033995,
      "fcf_margin_change": 0.010702607674563554
    },
    {
      "date": "2023-07-01T00:00:00",
      "quarter_label": "2023-07 (Q3)",
      "revenue": 606851000,
      "gross_profit": null,
      "operating_income": 97593000,
      "net_income": 37749000,
      "opex": 509258000,
      "cogs": null,
      "rd": null,
      "sga": 96815000,
      "fcf": 77791000,
      "ocf": 77791000,
      "capex": null,
      "gross_margin": null,
      "op_margin": 0.16081871826857005,
      "fcf_margin": 0.12818797365415893,
      "incr_op_margin_yoy": 1.3568367149561729,
      "rev_growth_yoy": 0.19312301425021233,
      "rev_growth_yoy_accel": -0.007900638228952678,
      "op_leverage_ratio": 1.597084285964235,
      "fcf_margin_change": 0.06277613615969259
    },
    {
      "date": "2023-09-30T00:00:00",
      "quarter_label": "2023-09 (Q3)",
      "revenue": 581034000,
      "gross_profit": null,
      "operating_income": -906857000,
      "net_income": -799311000,
      "opex": 1487891000,
      "cogs": null,
      "rd": null,
      "sga": 123012000,
      "fcf": 97450000,
      "ocf": 97450000,
      "capex": null,
      "gross_margin": null,
      "op_margin": -1.5607640860947896,
      "fcf_margin": 0.1677182402406744,
      "incr_op_margin_yoy": -15.559047175667287,
      "rev_growth_yoy": 0.12474012474012475,
      "rev_growth_yoy_accel": -0.06838288951008759,
      "fcf_margin_change": 0.039530266586515456
    },
    {
      "date": "2023-12-30T00:00:00",
      "quarter_label": "2023-12 (Q4)",
      "revenue": 553677000,
      "gross_profit": null,
      "operating_income": 45545000,
      "net_income": -13149000,
      "opex": 508132000,
      "cogs": null,
      "rd": null,
      "sga": 110957000,
      "fcf": 23134000,
      "ocf": 23134000,
      "capex": null,
      "gross_margin": null,
      "op_margin": 0.0822591510935076,
      "fcf_margin": 0.0417824832889934,
      "incr_op_margin_yoy": -1.4443810610382202,
      "rev_growth_yoy": 0.025987069468714156,
      "rev_growth_yoy_accel": -0.0987530552714106,
      "fcf_margin_change": -0.125935756951681
    },
    {
      "date": "2024-03-30T00:00:00",
      "quarter_label": "2024-03 (Q1)",
      "revenue": 572226000,
      "gross_profit": null,
      "operating_income": 58518000,
      "net_income": 4261000,
      "opex": 513708000,
      "cogs": null,
      "rd": null,
      "sga": 116402000,
      "fcf": 60283000,
      "ocf": 60283000,
      "capex": null,
      "gross_margin": null,
      "op_margin": 0.1022637908798272,
      "fcf_margin": 0.10534823653591413,
      "incr_op_margin_yoy": -1.9129009119786864,
      "rev_growth_yoy": 0.01735035122060494,
      "rev_growth_yoy_accel": -0.008636718248109215,
      "op_leverage_ratio": 3.0529366941116445,
      "fcf_margin_change": 0.06356575324692074
    },
    {
      "date": "2024-06-29T00:00:00",
      "quarter_label": "2024-06 (Q2)",
      "revenue": 611566000,
      "gross_profit": null,
      "operating_income": 80507000,
      "net_income": 30159000,
      "opex": 531059000,
      "cogs": null,
      "rd": null,
      "sga": 121123000,
      "fcf": 46941000,
      "ocf": 46941000,
      "capex": null,
      "gross_margin": null,
      "op_margin": 0.13164073869377957,
      "fcf_margin": 0.07675541151731784,
      "incr_op_margin_yoy": -3.6237539766702014,
      "rev_growth_yoy": 0.007769617253658641,
      "rev_growth_yoy_accel": -0.009580733966946298,
      "op_leverage_ratio": 2.035441327115878,
      "fcf_margin_change": -0.028592825018596293
    },
    {
      "date": "2024-09-28T00:00:00",
      "quarter_label": "2024-09 (Q3)",
      "revenue": 591679000,
      "gross_profit": null,
      "operating_income": 39507000,
      "net_income": -14947000,
      "opex": 552172000,
      "cogs": null,
      "rd": null,
      "sga": 149766000,
      "fcf": 101284000,
      "ocf": 101284000,
      "capex": null,
      "gross_margin": null,
      "op_margin": 0.06677100251994747,
      "fcf_margin": 0.1711806570792609,
      "incr_op_margin_yoy": 88.9022076092062,
      "rev_growth_yoy": 0.01832078673537177,
      "rev_growth_yoy_accel": 0.010551169481713127,
      "fcf_margin_change": 0.09442524556194305
    },
    {
      "date": "2024-12-28T00:00:00",
      "quarter_label": "2024-12 (Q4)",
      "revenue": 564117000,
      "gross_profit": null,
      "operating_income": -318763000,
      "net_income": -311969000,
      "opex": 882880000,
      "cogs": null,
      "rd": null,
      "sga": 167484000,
      "fcf": 32939000,
      "ocf": 32939000,
      "capex": null,
      "gross_margin": null,
      "op_margin": -0.5650654030990026,
      "fcf_margin": 0.05839036937372921,
      "incr_op_margin_yoy": -34.89540229885058,
      "rev_growth_yoy": 0.018855758863019413,
      "rev_growth_yoy_accel": 0.0005349721276476441,
      "fcf_margin_change": -0.11279028770553168
    },
    {
      "date": "2025-03-29T00:00:00",
      "quarter_label": "2025-03 (Q1)",
      "revenue": 516163000,
      "gross_profit": null,
      "operating_income": 61265000,
      "net_income": null,
      "opex": 454898000,
      "cogs": null,
      "rd": null,
      "sga": 143052000,
      "fcf": 75131000,
      "ocf": 75131000,
      "capex": null,
      "gross_margin": null,
      "op_margin": 0.11869312600864455,
      "fcf_margin": 0.1455567330475063,
      "incr_op_margin_yoy": -0.04899844817437526,
      "rev_growth_yoy": -0.09797352794175727,
      "rev_growth_yoy_accel": -0.1168292868047767,
      "fcf_margin_change": 0.08716636367377709
    },
    {
      "date": "2025-06-28T00:00:00",
      "quarter_label": "2025-06 (Q2)",
      "revenue": 550988000,
      "gross_profit": null,
      "operating_income": 38112000,
      "net_income": null,
      "opex": 512876000,
      "cogs": null,
      "rd": null,
      "sga": 183118000,
      "fcf": 80396000,
      "ocf": 80396000,
      "capex": null,
      "gross_margin": null,
      "op_margin": 0.06917029046004632,
      "fcf_margin": 0.145912433664617,
      "incr_op_margin_yoy": 0.6998415266268282,
      "rev_growth_yoy": -0.0990539042392808,
      "rev_growth_yoy_accel": -0.0010803762975235276,
      "op_leverage_ratio": 0.5293647915890329,
      "fcf_margin_change": 0.0003557006171107102
    },
    {
      "date": "2025-09-27T00:00:00",
      "quarter_label": "2025-09 (Q3)",
      "revenue": 535684000,
      "gross_profit": null,
      "operating_income": 61936000,
      "net_income": null,
      "opex": 473748000,
      "cogs": null,
      "rd": null,
      "sga": 145177000,
      "fcf": 79218000,
      "ocf": 79218000,
      "capex": null,
      "gross_margin": null,
      "op_margin": 0.11562040307345375,
      "fcf_margin": 0.14788196026015338,
      "incr_op_margin_yoy": -0.40055362085900525,
      "rev_growth_yoy": -0.0946374638951188,
      "rev_growth_yoy_accel": 0.004416440344161998,
      "fcf_margin_change": 0.0019695265955363694
    }
  ],
  "signals": [
    {
      "quarter": "2025-06 (Q2)",
      "signal": "INCREMENTAL MARGIN (YoY)",
      "detail": "YoY Incr OPM: +70.0% vs year-ago OPM: +13.2%",
      "severity": "HIGH"
    },
    {
      "quarter": "2025-03 (Q1)",
      "signal": "FCF MARGIN EXPANSION",
      "detail": "FCF margin: +5.8% -> +14.6% (+8.7%)",
      "severity": "MEDIUM"
    },
    {
      "quarter": "2025-03 (Q1)",
      "signal": "YoY REVENUE GROWTH DECELERATION",
      "detail": "YoY growth: -9.8% vs prior quarter YoY: +1.9% (decel: -11.7%)",
      "severity": "WARNING"
    },
    {
      "quarter": "2025-03 (Q1)",
      "signal": "OP MARGIN TURNED POSITIVE (QoQ)",
      "detail": "Op margin: -56.5% -> +11.9%",
      "severity": "HIGH"
    },
    {
      "quarter": "2024-09 (Q3)",
      "signal": "FCF MARGIN EXPANSION",
      "detail": "FCF margin: +7.7% -> +17.1% (+9.4%)",
      "severity": "MEDIUM"
    },
    {
      "quarter": "2024-09 (Q3)",
      "signal": "OP MARGIN TURNED POSITIVE (YoY)",
      "detail": "Op margin: -156.1% (year-ago) -> +6.7%",
      "severity": "HIGH"
    },
    {
      "quarter": "2024-06 (Q2)",
      "signal": "OPERATING LEVERAGE",
      "detail": "Rev growth +6.9% vs OpEx growth +3.4% (leverage: 2.0x)",
      "severity": "MEDIUM"
    },
    {
      "quarter": "2024-03 (Q1)",
      "signal": "FCF MARGIN EXPANSION",
      "detail": "FCF margin: +4.2% -> +10.5% (+6.4%)",
      "severity": "MEDIUM"
    },
    {
      "quarter": "2024-03 (Q1)",
      "signal": "OPERATING LEVERAGE",
      "detail": "Rev growth +3.4% vs OpEx growth +1.1% (leverage: 3.1x)",
      "severity": "MEDIUM"
    },
    {
      "quarter": "2023-12 (Q4)",
      "signal": "YoY REVENUE GROWTH DECELERATION",
      "detail": "YoY growth: +2.6% vs prior quarter YoY: +12.5% (decel: -9.9%)",
      "severity": "WARNING"
    },
    {
      "quarter": "2023-12 (Q4)",
      "signal": "OP MARGIN TURNED POSITIVE (QoQ)",
      "detail": "Op margin: -156.1% -> +8.2%",
      "severity": "HIGH"
    },
    {
      "quarter": "2023-09 (Q3)",
      "signal": "YoY REVENUE GROWTH DECELERATION",
      "detail": "YoY growth: +12.5% vs prior quarter YoY: +19.3% (decel: -6.8%)",
      "severity": "WARNING"
    },
    {
      "quarter": "2023-07 (Q3)",
      "signal": "FCF MARGIN EXPANSION",
      "detail": "FCF margin: +6.5% -> +12.8% (+6.3%)",
      "severity": "MEDIUM"
    },
    {
      "quarter": "2023-07 (Q3)",
      "signal": "OPERATING LEVERAGE",
      "detail": "Rev growth +7.9% vs OpEx growth +4.9% (leverage: 1.6x)",
      "severity": "MEDIUM"
    },
    {
      "quarter": "2023-07 (Q3)",
      "signal": "OP MARGIN TURNED POSITIVE (YoY)",
      "detail": "Op margin: -7.0% (year-ago) -> +16.1%",
      "severity": "HIGH"
    },
    {
      "quarter": "2023-04 (Q2)",
      "signal": "OPERATING LEVERAGE",
      "detail": "Rev growth +4.2% vs OpEx growth +2.4% (leverage: 1.8x)",
      "severity": "MEDIUM"
    },
    {
      "quarter": "2023-04 (Q2)",
      "signal": "YoY REVENUE GROWTH DECELERATION",
      "detail": "YoY growth: +20.1% vs prior quarter YoY: +37.7% (decel: -17.6%)",
      "severity": "WARNING"
    },
    {
      "quarter": "2022-12 (Q4)",
      "signal": "OP MARGIN TURNED POSITIVE (YoY)",
      "detail": "Op margin: -0.0% (year-ago) -> +12.2%",
      "severity": "HIGH"
    },
    {
      "quarter": "2022-09 (Q3)",
      "signal": "OP MARGIN TURNED POSITIVE (QoQ)",
      "detail": "Op margin: -7.0% -> +18.5%",
      "severity": "HIGH"
    },
    {
      "quarter": "2022-06 (Q2)",
      "signal": "FCF MARGIN EXPANSION",
      "detail": "FCF margin: +1.9% -> +13.0% (+11.1%)",
      "severity": "MEDIUM"
    },
    {
      "quarter": "2022-06 (Q2)",
      "signal": "YoY REVENUE GROWTH DECELERATION",
      "detail": "YoY growth: +35.7% vs prior quarter YoY: +42.2% (decel: -6.5%)",
      "severity": "WARNING"
    },
    {
      "quarter": "2022-03 (Q1)",
      "signal": "OPERATING LEVERAGE",
      "detail": "Rev growth +19.5% vs OpEx growth +0.7% (leverage: 28.4x)",
      "severity": "MEDIUM"
    },
    {
      "quarter": "2022-03 (Q1)",
      "signal": "YoY REVENUE GROWTH ACCELERATION",
      "detail": "YoY growth: +42.2% vs prior quarter YoY: +35.8% (accel: +6.3%)",
      "severity": "MEDIUM"
    },
    {
      "quarter": "2022-03 (Q1)",
      "signal": "OP MARGIN TURNED POSITIVE (QoQ)",
      "detail": "Op margin: -0.0% -> +15.7%",
      "severity": "HIGH"
    },
    {
      "quarter": "2021-06 (Q2)",
      "signal": "FCF MARGIN EXPANSION",
      "detail": "FCF margin: +9.9% -> +24.6% (+14.7%)",
      "severity": "MEDIUM"
    },
    {
      "quarter": "2021-03 (Q1)",
      "signal": "OPERATING LEVERAGE",
      "detail": "Rev growth +14.2% vs OpEx growth +4.0% (leverage: 3.5x)",
      "severity": "MEDIUM"
    }
  ],
  "data_quality": {
    "n_quarters": 20,
    "coverage": {
      "revenue": [
        20,
        20
      ],
      "gross_profit": [
        0,
        20
      ],
      "op_income": [
        20,
        20
      ],
      "fcf": [
        20,
        20
      ]
    },
    "gaps": [],
    "warnings": [
      "gross_profit: no data"
    ]
  },
  "market_cap": null,
  "source": "SEC EDGAR",
  "last_updated": "2026-02-02T21:28:15.145252"
}