{
  "ticker": "DSS",
  "name": "DSS,     INC.",
  "quarters": [
    {
      "date": "2020-12-31T00:00:00",
      "quarter_label": "2020-12 (Q4)",
      "revenue": 766000,
      "gross_profit": null,
      "operating_income": -6201000,
      "net_income": -651000,
      "opex": 12095000,
      "cogs": null,
      "rd": null,
      "sga": 7705000,
      "fcf": null,
      "ocf": null,
      "capex": -222000,
      "gross_margin": null,
      "op_margin": -8.095300261096606,
      "fcf_margin": null
    },
    {
      "date": "2021-03-31T00:00:00",
      "quarter_label": "2021-03 (Q1)",
      "revenue": 489000,
      "gross_profit": null,
      "operating_income": -3229000,
      "net_income": -4012000,
      "opex": 8172000,
      "cogs": null,
      "rd": null,
      "sga": 4301000,
      "fcf": -8103000,
      "ocf": -8031000,
      "capex": -72000,
      "gross_margin": null,
      "op_margin": -6.603271983640082,
      "fcf_margin": -16.570552147239265
    },
    {
      "date": "2021-06-30T00:00:00",
      "quarter_label": "2021-06 (Q2)",
      "revenue": 4185000,
      "gross_profit": null,
      "operating_income": -7055000,
      "net_income": -8418000,
      "opex": 11240000,
      "cogs": null,
      "rd": null,
      "sga": 7377000,
      "fcf": -3408000,
      "ocf": -2217000,
      "capex": -1191000,
      "gross_margin": null,
      "op_margin": -1.6857825567502986,
      "fcf_margin": -0.814336917562724,
      "op_leverage_ratio": 20.132425752473583,
      "fcf_margin_change": 15.756215229676542
    },
    {
      "date": "2021-09-30T00:00:00",
      "quarter_label": "2021-09 (Q3)",
      "revenue": 4566000,
      "gross_profit": null,
      "operating_income": -5545000,
      "net_income": -6598000,
      "opex": 10111000,
      "cogs": null,
      "rd": null,
      "sga": 6188000,
      "fcf": -3753000,
      "ocf": -2200000,
      "capex": -1553000,
      "gross_margin": null,
      "op_margin": -1.2144108628996935,
      "fcf_margin": -0.8219448094612353,
      "op_leverage_ratio": Infinity,
      "fcf_margin_change": -0.007607891898511299
    },
    {
      "date": "2021-12-31T00:00:00",
      "quarter_label": "2021-12 (Q4)",
      "revenue": 7057000,
      "gross_profit": null,
      "operating_income": -5418000,
      "net_income": -12003000,
      "opex": 12475000,
      "cogs": null,
      "rd": null,
      "sga": 7470000,
      "fcf": -8031000,
      "ocf": 3436000,
      "capex": -11467000,
      "gross_margin": null,
      "op_margin": -0.7677483349865382,
      "fcf_margin": -1.1380189882386282,
      "incr_op_margin_yoy": 0.12446351931330472,
      "rev_growth_yoy": 8.212793733681462,
      "op_leverage_ratio": 2.3333745598490427,
      "fcf_margin_change": -0.31607417877739297
    },
    {
      "date": "2022-03-31T00:00:00",
      "quarter_label": "2022-03 (Q1)",
      "revenue": 12304000,
      "gross_profit": null,
      "operating_income": -6743000,
      "net_income": -8048000,
      "opex": 19047000,
      "cogs": null,
      "rd": null,
      "sga": 10338000,
      "fcf": -7012000,
      "ocf": -6070000,
      "capex": -942000,
      "gross_margin": null,
      "op_margin": -0.5480331599479844,
      "fcf_margin": -0.5698959687906372,
      "incr_op_margin_yoy": -0.29741853575962757,
      "rev_growth_yoy": 24.16155419222904,
      "rev_growth_yoy_accel": 15.948760458547579,
      "op_leverage_ratio": 1.411347460997317,
      "fcf_margin_change": 0.568123019447991
    },
    {
      "date": "2022-06-30T00:00:00",
      "quarter_label": "2022-06 (Q2)",
      "revenue": 11771000,
      "gross_profit": null,
      "operating_income": -11182000,
      "net_income": -4652000,
      "opex": 22953000,
      "cogs": null,
      "rd": null,
      "sga": 15283000,
      "fcf": -7911000,
      "ocf": -7877000,
      "capex": -34000,
      "gross_margin": null,
      "op_margin": -0.9499617704528077,
      "fcf_margin": -0.6720754396397927,
      "incr_op_margin_yoy": -0.5440284735038229,
      "rev_growth_yoy": 1.8126642771804062,
      "rev_growth_yoy_accel": -22.348889915048634,
      "fcf_margin_change": -0.10217947084915546
    },
    {
      "date": "2022-09-30T00:00:00",
      "quarter_label": "2022-09 (Q3)",
      "revenue": 11862000,
      "gross_profit": null,
      "operating_income": -14183000,
      "net_income": -20215000,
      "opex": 26045000,
      "cogs": null,
      "rd": null,
      "sga": 14677000,
      "fcf": -9677000,
      "ocf": -9304000,
      "capex": -373000,
      "gross_margin": null,
      "op_margin": -1.1956668352722981,
      "fcf_margin": -0.815798347664812,
      "incr_op_margin_yoy": -1.1839364035087718,
      "rev_growth_yoy": 1.597897503285151,
      "rev_growth_yoy_accel": -0.21476677389525523,
      "fcf_margin_change": -0.1437229080250193
    },
    {
      "date": "2022-12-31T00:00:00",
      "quarter_label": "2022-12 (Q4)",
      "revenue": 11380000,
      "gross_profit": null,
      "operating_income": -11645000,
      "net_income": -26926000,
      "opex": 23025000,
      "cogs": null,
      "rd": null,
      "sga": 13215000,
      "fcf": -4215000,
      "ocf": -3702000,
      "capex": -513000,
      "gross_margin": null,
      "op_margin": -1.023286467486819,
      "fcf_margin": -0.37038664323374343,
      "incr_op_margin_yoy": -1.4404348831829747,
      "rev_growth_yoy": 0.6125832506730905,
      "rev_growth_yoy_accel": -0.9853142526120605,
      "fcf_margin_change": 0.44541170443106853
    },
    {
      "date": "2023-03-31T00:00:00",
      "quarter_label": "2023-03 (Q1)",
      "revenue": 11926000,
      "gross_profit": null,
      "operating_income": -5580000,
      "net_income": -8035000,
      "opex": 17506000,
      "cogs": null,
      "rd": null,
      "sga": 8973000,
      "fcf": -14793000,
      "ocf": -14199000,
      "capex": -594000,
      "gross_margin": null,
      "op_margin": -0.46788529263793394,
      "fcf_margin": -1.240399127955727,
      "rev_growth_yoy": -0.030721716514954485,
      "rev_growth_yoy_accel": -0.643304967188045,
      "op_leverage_ratio": Infinity,
      "fcf_margin_change": -0.8700124847219834
    },
    {
      "date": "2023-06-30T00:00:00",
      "quarter_label": "2023-06 (Q2)",
      "revenue": 7233000,
      "gross_profit": null,
      "operating_income": -6450000,
      "net_income": -37923000,
      "opex": 13683000,
      "cogs": null,
      "rd": null,
      "sga": 8851000,
      "fcf": -5418000,
      "ocf": -5516000,
      "capex": 98000,
      "gross_margin": null,
      "op_margin": -0.891746163417669,
      "fcf_margin": -0.7490667772708419,
      "incr_op_margin_yoy": -1.0427501101806964,
      "rev_growth_yoy": -0.38552374479653384,
      "rev_growth_yoy_accel": -0.35480202828157936,
      "fcf_margin_change": 0.491332350684885
    },
    {
      "date": "2023-09-30T00:00:00",
      "quarter_label": "2023-09 (Q3)",
      "revenue": 4182000,
      "gross_profit": null,
      "operating_income": -5103000,
      "net_income": -4342000,
      "opex": 9285000,
      "cogs": null,
      "rd": null,
      "sga": 3213000,
      "fcf": -1503000,
      "ocf": -1320000,
      "capex": -183000,
      "gross_margin": null,
      "op_margin": -1.2202295552367288,
      "fcf_margin": -0.3593974175035868,
      "incr_op_margin_yoy": -1.1822916666666667,
      "rev_growth_yoy": -0.6474456246838645,
      "rev_growth_yoy_accel": -0.2619218798873306,
      "fcf_margin_change": 0.38966935976725514
    },
    {
      "date": "2023-12-31T00:00:00",
      "quarter_label": "2023-12 (Q4)",
      "revenue": 7013000,
      "gross_profit": null,
      "operating_income": -4233000,
      "net_income": -30303000,
      "opex": 11246000,
      "cogs": null,
      "rd": null,
      "sga": 4036000,
      "fcf": 1702000,
      "ocf": 1841000,
      "capex": -139000,
      "gross_margin": null,
      "op_margin": -0.6035933266790247,
      "fcf_margin": 0.24269214316269785,
      "incr_op_margin_yoy": -1.6972750171742614,
      "rev_growth_yoy": -0.3837434094903339,
      "rev_growth_yoy_accel": 0.26370221519353054,
      "op_leverage_ratio": 3.205237058069954,
      "fcf_margin_change": 0.6020895606662846
    },
    {
      "date": "2024-03-31T00:00:00",
      "quarter_label": "2024-03 (Q1)",
      "revenue": 3871000,
      "gross_profit": null,
      "operating_income": -4680000,
      "net_income": -4072000,
      "opex": 8551000,
      "cogs": null,
      "rd": null,
      "sga": 3561000,
      "fcf": -2153000,
      "ocf": -2150000,
      "capex": -3000,
      "gross_margin": null,
      "op_margin": -1.2089899250839575,
      "fcf_margin": -0.5561870317747352,
      "incr_op_margin_yoy": -0.11173184357541899,
      "rev_growth_yoy": -0.6754150595337917,
      "rev_growth_yoy_accel": -0.29167165004345774,
      "fcf_margin_change": -0.798879174937433
    },
    {
      "date": "2024-06-30T00:00:00",
      "quarter_label": "2024-06 (Q2)",
      "revenue": 4211000,
      "gross_profit": null,
      "operating_income": -4935000,
      "net_income": -4683000,
      "opex": 9146000,
      "cogs": null,
      "rd": null,
      "sga": 3473000,
      "fcf": -3450000,
      "ocf": -3424000,
      "capex": -26000,
      "gross_margin": null,
      "op_margin": -1.1719306578009974,
      "fcf_margin": -0.8192828306815483,
      "incr_op_margin_yoy": -0.50132362673726,
      "rev_growth_yoy": -0.41780727222452646,
      "rev_growth_yoy_accel": 0.2576077873092652,
      "op_leverage_ratio": 1.262279957190833,
      "fcf_margin_change": -0.2630957989068131
    },
    {
      "date": "2024-09-30T00:00:00",
      "quarter_label": "2024-09 (Q3)",
      "revenue": 5599000,
      "gross_profit": null,
      "operating_income": -4671000,
      "net_income": -5283000,
      "opex": 10270000,
      "cogs": null,
      "rd": null,
      "sga": 3667000,
      "fcf": -315000,
      "ocf": -315000,
      "capex": null,
      "gross_margin": null,
      "op_margin": -0.8342561171637792,
      "fcf_margin": -0.05626004643686373,
      "incr_op_margin_yoy": 0.3048694424841214,
      "rev_growth_yoy": 0.33883309421329505,
      "rev_growth_yoy_accel": 0.7566403664378215,
      "op_leverage_ratio": 2.6820638372133314,
      "fcf_margin_change": 0.7630227842446845
    },
    {
      "date": "2024-12-31T00:00:00",
      "quarter_label": "2024-12 (Q4)",
      "revenue": 5416000,
      "gross_profit": null,
      "operating_income": -28309000,
      "net_income": -32862000,
      "opex": 33725000,
      "cogs": null,
      "rd": null,
      "sga": 27452000,
      "fcf": -3297000,
      "ocf": -3193000,
      "capex": -104000,
      "gross_margin": null,
      "op_margin": -5.22692023633678,
      "fcf_margin": -0.608751846381093,
      "incr_op_margin_yoy": 15.075767063243582,
      "rev_growth_yoy": -0.22771994866676173,
      "rev_growth_yoy_accel": -0.5665530428800568,
      "fcf_margin_change": -0.5524917999442293
    },
    {
      "date": "2025-03-31T00:00:00",
      "quarter_label": "2025-03 (Q1)",
      "revenue": 4954000,
      "gross_profit": null,
      "operating_income": -3726000,
      "net_income": null,
      "opex": 8680000,
      "cogs": null,
      "rd": null,
      "sga": 3493000,
      "fcf": -1690000,
      "ocf": -1638000,
      "capex": -52000,
      "gross_margin": null,
      "op_margin": -0.7521194993944288,
      "fcf_margin": -0.341138473960436,
      "incr_op_margin_yoy": 0.8808864265927978,
      "rev_growth_yoy": 0.27977266856109534,
      "rev_growth_yoy_accel": 0.5074926172278571,
      "fcf_margin_change": 0.267613372420657
    },
    {
      "date": "2025-06-30T00:00:00",
      "quarter_label": "2025-06 (Q2)",
      "revenue": 5285000,
      "gross_profit": null,
      "operating_income": -3425000,
      "net_income": null,
      "opex": 8710000,
      "cogs": null,
      "rd": null,
      "sga": 3211000,
      "fcf": 1976000,
      "ocf": 2068000,
      "capex": -92000,
      "gross_margin": null,
      "op_margin": -0.6480605487228004,
      "fcf_margin": 0.3738883632923368,
      "incr_op_margin_yoy": 1.4059590316573556,
      "rev_growth_yoy": 0.2550463072904298,
      "rev_growth_yoy_accel": -0.02472636127066552,
      "op_leverage_ratio": 19.33171847665186,
      "fcf_margin_change": 0.7150268372527728
    },
    {
      "date": "2025-09-30T00:00:00",
      "quarter_label": "2025-09 (Q3)",
      "revenue": 6392000,
      "gross_profit": null,
      "operating_income": -3234000,
      "net_income": null,
      "opex": 9626000,
      "cogs": null,
      "rd": null,
      "sga": 3558000,
      "fcf": -8088000,
      "ocf": -8006000,
      "capex": -82000,
      "gross_margin": null,
      "op_margin": -0.5059449311639549,
      "fcf_margin": -1.265331664580726,
      "rev_growth_yoy": 0.14163243436327916,
      "rev_growth_yoy_accel": -0.11341387292715066,
      "op_leverage_ratio": 1.9917063618298472,
      "fcf_margin_change": -1.6392200278730629
    }
  ],
  "signals": [
    {
      "quarter": "2025-09 (Q3)",
      "signal": "OPERATING LEVERAGE",
      "detail": "Rev growth +20.9% vs OpEx growth +10.5% (leverage: 2.0x)",
      "severity": "MEDIUM"
    },
    {
      "quarter": "2025-09 (Q3)",
      "signal": "YoY REVENUE GROWTH DECELERATION",
      "detail": "YoY growth: +14.2% vs prior quarter YoY: +25.5% (decel: -11.3%)",
      "severity": "WARNING"
    },
    {
      "quarter": "2025-06 (Q2)",
      "signal": "FCF TURNED POSITIVE",
      "detail": "FCF margin: -34.1% -> +37.4%",
      "severity": "HIGH"
    },
    {
      "quarter": "2025-06 (Q2)",
      "signal": "OPERATING LEVERAGE",
      "detail": "Rev growth +6.7% vs OpEx growth +0.3% (leverage: 19.3x)",
      "severity": "MEDIUM"
    },
    {
      "quarter": "2025-03 (Q1)",
      "signal": "FCF MARGIN EXPANSION",
      "detail": "FCF margin: -60.9% -> -34.1% (+26.8%)",
      "severity": "MEDIUM"
    },
    {
      "quarter": "2025-03 (Q1)",
      "signal": "YoY REVENUE GROWTH ACCELERATION",
      "detail": "YoY growth: +28.0% vs prior quarter YoY: -22.8% (accel: +50.7%)",
      "severity": "HIGH"
    },
    {
      "quarter": "2024-12 (Q4)",
      "signal": "YoY REVENUE GROWTH DECELERATION",
      "detail": "YoY growth: -22.8% vs prior quarter YoY: +33.9% (decel: -56.7%)",
      "severity": "WARNING"
    },
    {
      "quarter": "2024-09 (Q3)",
      "signal": "FCF MARGIN EXPANSION",
      "detail": "FCF margin: -81.9% -> -5.6% (+76.3%)",
      "severity": "MEDIUM"
    },
    {
      "quarter": "2024-09 (Q3)",
      "signal": "OPERATING LEVERAGE",
      "detail": "Rev growth +33.0% vs OpEx growth +12.3% (leverage: 2.7x)",
      "severity": "MEDIUM"
    },
    {
      "quarter": "2024-09 (Q3)",
      "signal": "YoY REVENUE GROWTH ACCELERATION",
      "detail": "YoY growth: +33.9% vs prior quarter YoY: -41.8% (accel: +75.7%)",
      "severity": "HIGH"
    },
    {
      "quarter": "2024-06 (Q2)",
      "signal": "YoY REVENUE GROWTH ACCELERATION",
      "detail": "YoY growth: -41.8% vs prior quarter YoY: -67.5% (accel: +25.8%)",
      "severity": "HIGH"
    },
    {
      "quarter": "2024-03 (Q1)",
      "signal": "YoY REVENUE GROWTH DECELERATION",
      "detail": "YoY growth: -67.5% vs prior quarter YoY: -38.4% (decel: -29.2%)",
      "severity": "WARNING"
    },
    {
      "quarter": "2023-12 (Q4)",
      "signal": "FCF TURNED POSITIVE",
      "detail": "FCF margin: -35.9% -> +24.3%",
      "severity": "HIGH"
    },
    {
      "quarter": "2023-12 (Q4)",
      "signal": "OPERATING LEVERAGE",
      "detail": "Rev growth +67.7% vs OpEx growth +21.1% (leverage: 3.2x)",
      "severity": "MEDIUM"
    },
    {
      "quarter": "2023-12 (Q4)",
      "signal": "YoY REVENUE GROWTH ACCELERATION",
      "detail": "YoY growth: -38.4% vs prior quarter YoY: -64.7% (accel: +26.4%)",
      "severity": "HIGH"
    },
    {
      "quarter": "2023-09 (Q3)",
      "signal": "FCF MARGIN EXPANSION",
      "detail": "FCF margin: -74.9% -> -35.9% (+39.0%)",
      "severity": "MEDIUM"
    },
    {
      "quarter": "2023-09 (Q3)",
      "signal": "YoY REVENUE GROWTH DECELERATION",
      "detail": "YoY growth: -64.7% vs prior quarter YoY: -38.6% (decel: -26.2%)",
      "severity": "WARNING"
    },
    {
      "quarter": "2023-06 (Q2)",
      "signal": "FCF MARGIN EXPANSION",
      "detail": "FCF margin: -124.0% -> -74.9% (+49.1%)",
      "severity": "MEDIUM"
    },
    {
      "quarter": "2023-06 (Q2)",
      "signal": "YoY REVENUE GROWTH DECELERATION",
      "detail": "YoY growth: -38.6% vs prior quarter YoY: -3.1% (decel: -35.5%)",
      "severity": "WARNING"
    },
    {
      "quarter": "2023-03 (Q1)",
      "signal": "YoY REVENUE GROWTH DECELERATION",
      "detail": "YoY growth: -3.1% vs prior quarter YoY: +61.3% (decel: -64.3%)",
      "severity": "WARNING"
    },
    {
      "quarter": "2022-12 (Q4)",
      "signal": "FCF MARGIN EXPANSION",
      "detail": "FCF margin: -81.6% -> -37.0% (+44.5%)",
      "severity": "MEDIUM"
    },
    {
      "quarter": "2022-12 (Q4)",
      "signal": "YoY REVENUE GROWTH DECELERATION",
      "detail": "YoY growth: +61.3% vs prior quarter YoY: +159.8% (decel: -98.5%)",
      "severity": "WARNING"
    },
    {
      "quarter": "2022-09 (Q3)",
      "signal": "YoY REVENUE GROWTH DECELERATION",
      "detail": "YoY growth: +159.8% vs prior quarter YoY: +181.3% (decel: -21.5%)",
      "severity": "WARNING"
    },
    {
      "quarter": "2022-06 (Q2)",
      "signal": "YoY REVENUE GROWTH DECELERATION",
      "detail": "YoY growth: +181.3% vs prior quarter YoY: +2416.2% (decel: -2234.9%)",
      "severity": "WARNING"
    },
    {
      "quarter": "2022-03 (Q1)",
      "signal": "FCF MARGIN EXPANSION",
      "detail": "FCF margin: -113.8% -> -57.0% (+56.8%)",
      "severity": "MEDIUM"
    },
    {
      "quarter": "2022-03 (Q1)",
      "signal": "YoY REVENUE GROWTH ACCELERATION",
      "detail": "YoY growth: +2416.2% vs prior quarter YoY: +821.3% (accel: +1594.9%)",
      "severity": "HIGH"
    },
    {
      "quarter": "2021-12 (Q4)",
      "signal": "OPERATING LEVERAGE",
      "detail": "Rev growth +54.6% vs OpEx growth +23.4% (leverage: 2.3x)",
      "severity": "MEDIUM"
    },
    {
      "quarter": "2021-06 (Q2)",
      "signal": "FCF MARGIN EXPANSION",
      "detail": "FCF margin: -1657.1% -> -81.4% (+1575.6%)",
      "severity": "MEDIUM"
    },
    {
      "quarter": "2021-06 (Q2)",
      "signal": "OPERATING LEVERAGE",
      "detail": "Rev growth +755.8% vs OpEx growth +37.5% (leverage: 20.1x)",
      "severity": "MEDIUM"
    }
  ],
  "data_quality": {
    "n_quarters": 20,
    "coverage": {
      "revenue": [
        20,
        20
      ],
      "gross_profit": [
        0,
        20
      ],
      "op_income": [
        20,
        20
      ],
      "fcf": [
        19,
        20
      ]
    },
    "gaps": [],
    "warnings": [
      "gross_profit: no data"
    ]
  },
  "market_cap": null,
  "source": "SEC EDGAR",
  "last_updated": "2026-02-03T00:08:59.727869"
}