{
  "ticker": "DTB",
  "name": "DTE Energy Co",
  "quarters": [
    {
      "date": "2013-06-30T00:00:00",
      "quarter_label": "2013-06 (Q2)",
      "revenue": 2225000000,
      "gross_profit": null,
      "operating_income": null,
      "net_income": null,
      "opex": null,
      "cogs": null,
      "rd": null,
      "sga": null,
      "fcf": null,
      "ocf": null,
      "capex": null,
      "gross_margin": null,
      "op_margin": null,
      "fcf_margin": null
    },
    {
      "date": "2013-09-30T00:00:00",
      "quarter_label": "2013-09 (Q3)",
      "revenue": 2387000000,
      "gross_profit": null,
      "operating_income": null,
      "net_income": null,
      "opex": null,
      "cogs": null,
      "rd": null,
      "sga": null,
      "fcf": null,
      "ocf": null,
      "capex": null,
      "gross_margin": null,
      "op_margin": null,
      "fcf_margin": null
    },
    {
      "date": "2013-12-31T00:00:00",
      "quarter_label": "2013-12 (Q4)",
      "revenue": 2533000000,
      "gross_profit": null,
      "operating_income": null,
      "net_income": null,
      "opex": null,
      "cogs": null,
      "rd": null,
      "sga": null,
      "fcf": null,
      "ocf": null,
      "capex": null,
      "gross_margin": null,
      "op_margin": null,
      "fcf_margin": null
    },
    {
      "date": "2014-03-31T00:00:00",
      "quarter_label": "2014-03 (Q1)",
      "revenue": 3930000000,
      "gross_profit": null,
      "operating_income": null,
      "net_income": null,
      "opex": null,
      "cogs": null,
      "rd": null,
      "sga": null,
      "fcf": null,
      "ocf": null,
      "capex": null,
      "gross_margin": null,
      "op_margin": null,
      "fcf_margin": null
    },
    {
      "date": "2014-06-30T00:00:00",
      "quarter_label": "2014-06 (Q2)",
      "revenue": 2698000000,
      "gross_profit": null,
      "operating_income": null,
      "net_income": null,
      "opex": null,
      "cogs": null,
      "rd": null,
      "sga": null,
      "fcf": null,
      "ocf": null,
      "capex": null,
      "gross_margin": null,
      "op_margin": null,
      "fcf_margin": null,
      "rev_growth_yoy": 0.21258426966292135
    },
    {
      "date": "2014-09-30T00:00:00",
      "quarter_label": "2014-09 (Q3)",
      "revenue": 2595000000,
      "gross_profit": null,
      "operating_income": null,
      "net_income": null,
      "opex": null,
      "cogs": null,
      "rd": null,
      "sga": null,
      "fcf": null,
      "ocf": null,
      "capex": null,
      "gross_margin": null,
      "op_margin": null,
      "fcf_margin": null,
      "rev_growth_yoy": 0.08713866778382907,
      "rev_growth_yoy_accel": -0.12544560187909226
    },
    {
      "date": "2014-12-31T00:00:00",
      "quarter_label": "2014-12 (Q4)",
      "revenue": 3078000000,
      "gross_profit": null,
      "operating_income": null,
      "net_income": null,
      "opex": null,
      "cogs": null,
      "rd": null,
      "sga": null,
      "fcf": null,
      "ocf": null,
      "capex": null,
      "gross_margin": null,
      "op_margin": null,
      "fcf_margin": null,
      "rev_growth_yoy": 0.21515988945913936,
      "rev_growth_yoy_accel": 0.12802122167531027
    },
    {
      "date": "2015-03-31T00:00:00",
      "quarter_label": "2015-03 (Q1)",
      "revenue": 2984000000,
      "gross_profit": null,
      "operating_income": null,
      "net_income": null,
      "opex": null,
      "cogs": null,
      "rd": null,
      "sga": null,
      "fcf": null,
      "ocf": null,
      "capex": null,
      "gross_margin": null,
      "op_margin": null,
      "fcf_margin": null,
      "rev_growth_yoy": -0.2407124681933842,
      "rev_growth_yoy_accel": -0.45587235765252354
    },
    {
      "date": "2015-06-30T00:00:00",
      "quarter_label": "2015-06 (Q2)",
      "revenue": 2268000000,
      "gross_profit": null,
      "operating_income": null,
      "net_income": null,
      "opex": null,
      "cogs": null,
      "rd": null,
      "sga": null,
      "fcf": null,
      "ocf": null,
      "capex": null,
      "gross_margin": null,
      "op_margin": null,
      "fcf_margin": null,
      "rev_growth_yoy": -0.15937731653076354,
      "rev_growth_yoy_accel": 0.08133515166262067
    },
    {
      "date": "2015-09-30T00:00:00",
      "quarter_label": "2015-09 (Q3)",
      "revenue": 2598000000,
      "gross_profit": null,
      "operating_income": null,
      "net_income": null,
      "opex": null,
      "cogs": null,
      "rd": null,
      "sga": null,
      "fcf": null,
      "ocf": null,
      "capex": null,
      "gross_margin": null,
      "op_margin": null,
      "fcf_margin": null,
      "rev_growth_yoy": 0.0011560693641618498,
      "rev_growth_yoy_accel": 0.16053338589492538
    },
    {
      "date": "2015-12-31T00:00:00",
      "quarter_label": "2015-12 (Q4)",
      "revenue": 2487000000,
      "gross_profit": null,
      "operating_income": null,
      "net_income": null,
      "opex": null,
      "cogs": null,
      "rd": null,
      "sga": null,
      "fcf": null,
      "ocf": null,
      "capex": null,
      "gross_margin": null,
      "op_margin": null,
      "fcf_margin": null,
      "rev_growth_yoy": -0.19200779727095516,
      "rev_growth_yoy_accel": -0.193163866635117
    },
    {
      "date": "2016-03-31T00:00:00",
      "quarter_label": "2016-03 (Q1)",
      "revenue": 2566000000,
      "gross_profit": null,
      "operating_income": null,
      "net_income": null,
      "opex": null,
      "cogs": null,
      "rd": null,
      "sga": null,
      "fcf": null,
      "ocf": null,
      "capex": null,
      "gross_margin": null,
      "op_margin": null,
      "fcf_margin": null,
      "rev_growth_yoy": -0.1400804289544236,
      "rev_growth_yoy_accel": 0.05192736831653155
    },
    {
      "date": "2016-06-30T00:00:00",
      "quarter_label": "2016-06 (Q2)",
      "revenue": 2262000000,
      "gross_profit": null,
      "operating_income": null,
      "net_income": null,
      "opex": null,
      "cogs": null,
      "rd": null,
      "sga": null,
      "fcf": null,
      "ocf": null,
      "capex": null,
      "gross_margin": null,
      "op_margin": null,
      "fcf_margin": null,
      "rev_growth_yoy": -0.0026455026455026454,
      "rev_growth_yoy_accel": 0.13743492630892096
    },
    {
      "date": "2016-09-30T00:00:00",
      "quarter_label": "2016-09 (Q3)",
      "revenue": 2928000000,
      "gross_profit": null,
      "operating_income": null,
      "net_income": null,
      "opex": null,
      "cogs": null,
      "rd": null,
      "sga": null,
      "fcf": null,
      "ocf": null,
      "capex": null,
      "gross_margin": null,
      "op_margin": null,
      "fcf_margin": null,
      "rev_growth_yoy": 0.12702078521939955,
      "rev_growth_yoy_accel": 0.1296662878649022
    },
    {
      "date": "2016-12-31T00:00:00",
      "quarter_label": "2016-12 (Q4)",
      "revenue": 2874000000,
      "gross_profit": null,
      "operating_income": null,
      "net_income": null,
      "opex": null,
      "cogs": null,
      "rd": null,
      "sga": null,
      "fcf": null,
      "ocf": null,
      "capex": null,
      "gross_margin": null,
      "op_margin": null,
      "fcf_margin": null,
      "rev_growth_yoy": 0.15560916767189384,
      "rev_growth_yoy_accel": 0.028588382452494288
    },
    {
      "date": "2017-03-31T00:00:00",
      "quarter_label": "2017-03 (Q1)",
      "revenue": 3236000000,
      "gross_profit": null,
      "operating_income": null,
      "net_income": null,
      "opex": null,
      "cogs": null,
      "rd": null,
      "sga": null,
      "fcf": null,
      "ocf": null,
      "capex": null,
      "gross_margin": null,
      "op_margin": null,
      "fcf_margin": null,
      "rev_growth_yoy": 0.26110678098207324,
      "rev_growth_yoy_accel": 0.1054976133101794
    },
    {
      "date": "2017-06-30T00:00:00",
      "quarter_label": "2017-06 (Q2)",
      "revenue": 2855000000,
      "gross_profit": null,
      "operating_income": null,
      "net_income": null,
      "opex": null,
      "cogs": null,
      "rd": null,
      "sga": null,
      "fcf": null,
      "ocf": null,
      "capex": null,
      "gross_margin": null,
      "op_margin": null,
      "fcf_margin": null,
      "rev_growth_yoy": 0.26215738284703805,
      "rev_growth_yoy_accel": 0.0010506018649648063
    },
    {
      "date": "2017-09-30T00:00:00",
      "quarter_label": "2017-09 (Q3)",
      "revenue": 3245000000,
      "gross_profit": null,
      "operating_income": null,
      "net_income": null,
      "opex": null,
      "cogs": null,
      "rd": null,
      "sga": null,
      "fcf": null,
      "ocf": null,
      "capex": null,
      "gross_margin": null,
      "op_margin": null,
      "fcf_margin": null,
      "rev_growth_yoy": 0.10826502732240437,
      "rev_growth_yoy_accel": -0.15389235552463368
    },
    {
      "date": "2017-12-31T00:00:00",
      "quarter_label": "2017-12 (Q4)",
      "revenue": 3271000000,
      "gross_profit": null,
      "operating_income": null,
      "net_income": null,
      "opex": null,
      "cogs": null,
      "rd": null,
      "sga": null,
      "fcf": null,
      "ocf": null,
      "capex": null,
      "gross_margin": null,
      "op_margin": null,
      "fcf_margin": null,
      "rev_growth_yoy": 0.1381350034794711,
      "rev_growth_yoy_accel": 0.02986997615706674
    },
    {
      "date": "2018-03-31T00:00:00",
      "quarter_label": "2018-03 (Q1)",
      "revenue": 3753000000,
      "gross_profit": null,
      "operating_income": null,
      "net_income": null,
      "opex": null,
      "cogs": null,
      "rd": null,
      "sga": null,
      "fcf": null,
      "ocf": null,
      "capex": null,
      "gross_margin": null,
      "op_margin": null,
      "fcf_margin": null,
      "rev_growth_yoy": 0.15976514215080345,
      "rev_growth_yoy_accel": 0.021630138671332344
    }
  ],
  "signals": [
    {
      "quarter": "2017-09 (Q3)",
      "signal": "YoY REVENUE GROWTH DECELERATION",
      "detail": "YoY growth: +10.8% vs prior quarter YoY: +26.2% (decel: -15.4%)",
      "severity": "WARNING"
    },
    {
      "quarter": "2017-03 (Q1)",
      "signal": "YoY REVENUE GROWTH ACCELERATION",
      "detail": "YoY growth: +26.1% vs prior quarter YoY: +15.6% (accel: +10.5%)",
      "severity": "MEDIUM"
    },
    {
      "quarter": "2016-09 (Q3)",
      "signal": "YoY REVENUE GROWTH ACCELERATION",
      "detail": "YoY growth: +12.7% vs prior quarter YoY: -0.3% (accel: +13.0%)",
      "severity": "MEDIUM"
    },
    {
      "quarter": "2016-06 (Q2)",
      "signal": "YoY REVENUE GROWTH ACCELERATION",
      "detail": "YoY growth: -0.3% vs prior quarter YoY: -14.0% (accel: +13.7%)",
      "severity": "MEDIUM"
    },
    {
      "quarter": "2016-03 (Q1)",
      "signal": "YoY REVENUE GROWTH ACCELERATION",
      "detail": "YoY growth: -14.0% vs prior quarter YoY: -19.2% (accel: +5.2%)",
      "severity": "MEDIUM"
    },
    {
      "quarter": "2015-12 (Q4)",
      "signal": "YoY REVENUE GROWTH DECELERATION",
      "detail": "YoY growth: -19.2% vs prior quarter YoY: +0.1% (decel: -19.3%)",
      "severity": "WARNING"
    },
    {
      "quarter": "2015-09 (Q3)",
      "signal": "YoY REVENUE GROWTH ACCELERATION",
      "detail": "YoY growth: +0.1% vs prior quarter YoY: -15.9% (accel: +16.1%)",
      "severity": "HIGH"
    },
    {
      "quarter": "2015-06 (Q2)",
      "signal": "YoY REVENUE GROWTH ACCELERATION",
      "detail": "YoY growth: -15.9% vs prior quarter YoY: -24.1% (accel: +8.1%)",
      "severity": "MEDIUM"
    },
    {
      "quarter": "2015-03 (Q1)",
      "signal": "YoY REVENUE GROWTH DECELERATION",
      "detail": "YoY growth: -24.1% vs prior quarter YoY: +21.5% (decel: -45.6%)",
      "severity": "WARNING"
    },
    {
      "quarter": "2014-12 (Q4)",
      "signal": "YoY REVENUE GROWTH ACCELERATION",
      "detail": "YoY growth: +21.5% vs prior quarter YoY: +8.7% (accel: +12.8%)",
      "severity": "MEDIUM"
    },
    {
      "quarter": "2014-09 (Q3)",
      "signal": "YoY REVENUE GROWTH DECELERATION",
      "detail": "YoY growth: +8.7% vs prior quarter YoY: +21.3% (decel: -12.5%)",
      "severity": "WARNING"
    }
  ],
  "data_quality": {
    "n_quarters": 20,
    "coverage": {
      "revenue": [
        20,
        20
      ],
      "gross_profit": [
        0,
        20
      ],
      "op_income": [
        0,
        20
      ],
      "fcf": [
        0,
        20
      ]
    },
    "gaps": [],
    "warnings": [
      "gross_profit: no data",
      "op_income: no data",
      "fcf: no data"
    ]
  },
  "market_cap": null,
  "source": "SEC EDGAR",
  "last_updated": "2026-02-03T01:17:24.665207"
}