{
  "ticker": "DTGI",
  "name": "Digerati Technologies, Inc.",
  "quarters": [
    {
      "date": "2019-07-31T00:00:00",
      "quarter_label": "2019-07 (Q3)",
      "revenue": 1547000,
      "gross_profit": 741000,
      "operating_income": -685000,
      "net_income": -886000,
      "opex": 2232000,
      "cogs": 806000,
      "rd": null,
      "sga": 1899000,
      "fcf": -237000,
      "ocf": -228000,
      "capex": -9000,
      "gross_margin": 0.4789915966386555,
      "op_margin": -0.442792501616031,
      "fcf_margin": -0.15319974143503556
    },
    {
      "date": "2019-10-31T00:00:00",
      "quarter_label": "2019-10 (Q4)",
      "revenue": 1589000,
      "gross_profit": 786000,
      "operating_income": -671000,
      "net_income": -1508000,
      "opex": 2260000,
      "cogs": 803000,
      "rd": null,
      "sga": 1192000,
      "fcf": 2000,
      "ocf": 26000,
      "capex": -24000,
      "gross_margin": 0.4946507237256136,
      "op_margin": -0.4222781623662681,
      "fcf_margin": 0.0012586532410320957,
      "op_leverage_ratio": 2.1641887524240464,
      "fcf_margin_change": 0.15445839467606767
    },
    {
      "date": "2020-01-31T00:00:00",
      "quarter_label": "2020-01 (Q1)",
      "revenue": 1557000,
      "gross_profit": 781000,
      "operating_income": -699000,
      "net_income": -457000,
      "opex": 2256000,
      "cogs": 776000,
      "rd": null,
      "sga": 1118000,
      "fcf": -48000,
      "ocf": -38000,
      "capex": -10000,
      "gross_margin": 0.5016056518946692,
      "op_margin": -0.4489402697495183,
      "fcf_margin": -0.030828516377649325,
      "fcf_margin_change": -0.032087169618681424
    },
    {
      "date": "2020-04-30T00:00:00",
      "quarter_label": "2020-04 (Q2)",
      "revenue": 1566000,
      "gross_profit": null,
      "operating_income": -472000,
      "net_income": -1107000,
      "opex": 2038000,
      "cogs": null,
      "rd": null,
      "sga": 1047000,
      "fcf": 25000,
      "ocf": 48000,
      "capex": -23000,
      "gross_margin": null,
      "op_margin": -0.30140485312899107,
      "fcf_margin": 0.015964240102171137,
      "fcf_margin_change": 0.046792756479820466
    },
    {
      "date": "2020-07-31T00:00:00",
      "quarter_label": "2020-07 (Q3)",
      "revenue": 1567000,
      "gross_profit": null,
      "operating_income": -270000,
      "net_income": -305000,
      "opex": 1837000,
      "cogs": null,
      "rd": null,
      "sga": 749000,
      "fcf": -10000,
      "ocf": 18000,
      "capex": -28000,
      "gross_margin": null,
      "op_margin": -0.1723037651563497,
      "fcf_margin": -0.006381620931716656,
      "rev_growth_yoy": 0.012928248222365869,
      "fcf_margin_change": -0.022345861033887793
    },
    {
      "date": "2020-10-31T00:00:00",
      "quarter_label": "2020-10 (Q4)",
      "revenue": 1552000,
      "gross_profit": null,
      "operating_income": -626000,
      "net_income": -721000,
      "opex": 2178000,
      "cogs": null,
      "rd": null,
      "sga": 1011000,
      "fcf": -32000,
      "ocf": 86000,
      "capex": -118000,
      "gross_margin": null,
      "op_margin": -0.40335051546391754,
      "fcf_margin": -0.020618556701030927,
      "rev_growth_yoy": -0.02328508495909377,
      "rev_growth_yoy_accel": -0.03621333318145964,
      "fcf_margin_change": -0.014236935769314271
    },
    {
      "date": "2021-01-31T00:00:00",
      "quarter_label": "2021-01 (Q1)",
      "revenue": 3326000,
      "gross_profit": null,
      "operating_income": -764000,
      "net_income": -1950000,
      "opex": 4090000,
      "cogs": null,
      "rd": null,
      "sga": 1965000,
      "fcf": -629000,
      "ocf": -565000,
      "capex": -64000,
      "gross_margin": null,
      "op_margin": -0.22970535177390258,
      "fcf_margin": -0.18911605532170775,
      "incr_op_margin_yoy": -0.03674392312040701,
      "rev_growth_yoy": 1.1361592806679512,
      "rev_growth_yoy_accel": 1.159444365627045,
      "op_leverage_ratio": 1.3020626644524005,
      "fcf_margin_change": -0.1684974986206768
    },
    {
      "date": "2021-04-30T00:00:00",
      "quarter_label": "2021-04 (Q2)",
      "revenue": 3751000,
      "gross_profit": null,
      "operating_income": -588000,
      "net_income": -12798000,
      "opex": 4339000,
      "cogs": null,
      "rd": null,
      "sga": 1993000,
      "fcf": 30000,
      "ocf": 76000,
      "capex": -46000,
      "gross_margin": null,
      "op_margin": -0.15675819781391628,
      "fcf_margin": 0.007997867235403893,
      "incr_op_margin_yoy": -0.05308924485125858,
      "rev_growth_yoy": 1.3952745849297574,
      "rev_growth_yoy_accel": 0.2591153042618062,
      "op_leverage_ratio": 2.0988946767225247,
      "fcf_margin_change": 0.19711392255711163
    },
    {
      "date": "2021-07-31T00:00:00",
      "quarter_label": "2021-07 (Q3)",
      "revenue": 3787000,
      "gross_profit": null,
      "operating_income": -420000,
      "net_income": -1214000,
      "opex": 4207000,
      "cogs": null,
      "rd": null,
      "sga": 2050000,
      "fcf": -487000,
      "ocf": -305000,
      "capex": -182000,
      "gross_margin": null,
      "op_margin": -0.11090573012939002,
      "fcf_margin": -0.12859783469764985,
      "incr_op_margin_yoy": -0.06756756756756757,
      "rev_growth_yoy": 1.4167198468410975,
      "rev_growth_yoy_accel": 0.021445261911340108,
      "fcf_margin_change": -0.13659570193305373
    },
    {
      "date": "2021-10-31T00:00:00",
      "quarter_label": "2021-10 (Q4)",
      "revenue": 3777000,
      "gross_profit": null,
      "operating_income": -580000,
      "net_income": 2424000,
      "opex": 4357000,
      "cogs": null,
      "rd": null,
      "sga": 1788000,
      "fcf": 0,
      "ocf": 29000,
      "capex": -29000,
      "gross_margin": null,
      "op_margin": -0.15356102727032037,
      "fcf_margin": 0.0,
      "incr_op_margin_yoy": 0.020674157303370785,
      "rev_growth_yoy": 1.4336340206185567,
      "rev_growth_yoy_accel": 0.016914173777459185,
      "fcf_margin_change": 0.12859783469764985
    },
    {
      "date": "2022-01-31T00:00:00",
      "quarter_label": "2022-01 (Q1)",
      "revenue": 4019000,
      "gross_profit": null,
      "operating_income": -1319000,
      "net_income": -11042000,
      "opex": 5338000,
      "cogs": null,
      "rd": null,
      "sga": 2127000,
      "fcf": -1068000,
      "ocf": -1032000,
      "capex": -36000,
      "gross_margin": null,
      "op_margin": -0.32819109231152027,
      "fcf_margin": -0.26573774570788755,
      "rev_growth_yoy": 0.2083583884546001,
      "rev_growth_yoy_accel": -1.2252756321639566,
      "op_leverage_ratio": 0.28456857145710246,
      "fcf_margin_change": -0.26573774570788755
    },
    {
      "date": "2022-04-30T00:00:00",
      "quarter_label": "2022-04 (Q2)",
      "revenue": 8163000,
      "gross_profit": null,
      "operating_income": -1626000,
      "net_income": 3906000,
      "opex": 9789000,
      "cogs": null,
      "rd": null,
      "sga": 4296000,
      "fcf": -866000,
      "ocf": -738000,
      "capex": -128000,
      "gross_margin": null,
      "op_margin": -0.199191473722896,
      "fcf_margin": -0.10608844787455592,
      "incr_op_margin_yoy": -0.23526745240253852,
      "rev_growth_yoy": 1.176219674753399,
      "rev_growth_yoy_accel": 0.967861286298799,
      "op_leverage_ratio": 1.2365814168813616,
      "fcf_margin_change": 0.15964929783333165
    },
    {
      "date": "2022-07-31T00:00:00",
      "quarter_label": "2022-07 (Q3)",
      "revenue": 8195000,
      "gross_profit": null,
      "operating_income": -151000,
      "net_income": -3301000,
      "opex": 8346000,
      "cogs": null,
      "rd": null,
      "sga": 4223000,
      "fcf": -298000,
      "ocf": -219000,
      "capex": -79000,
      "gross_margin": null,
      "op_margin": -0.018425869432580844,
      "fcf_margin": -0.03636363636363636,
      "incr_op_margin_yoy": 0.06102540834845735,
      "rev_growth_yoy": 1.1639820438341695,
      "rev_growth_yoy_accel": -0.01223763091922958,
      "fcf_margin_change": 0.06972481151091955
    },
    {
      "date": "2022-10-31T00:00:00",
      "quarter_label": "2022-10 (Q4)",
      "revenue": 8130000,
      "gross_profit": null,
      "operating_income": -400000,
      "net_income": -4984000,
      "opex": 8530000,
      "cogs": null,
      "rd": null,
      "sga": 4141000,
      "fcf": -966000,
      "ocf": -858000,
      "capex": -108000,
      "gross_margin": null,
      "op_margin": -0.04920049200492005,
      "fcf_margin": -0.11881918819188192,
      "incr_op_margin_yoy": 0.04135079255685734,
      "rev_growth_yoy": 1.1525019857029388,
      "rev_growth_yoy_accel": -0.011480058131230653,
      "fcf_margin_change": -0.08245555182824556
    },
    {
      "date": "2023-01-31T00:00:00",
      "quarter_label": "2023-01 (Q1)",
      "revenue": 7941000,
      "gross_profit": null,
      "operating_income": -1565000,
      "net_income": 224000,
      "opex": 9506000,
      "cogs": null,
      "rd": null,
      "sga": 4458000,
      "fcf": -1300000,
      "ocf": -1144000,
      "capex": -156000,
      "gross_margin": null,
      "op_margin": -0.19707845359526507,
      "fcf_margin": -0.16370734164462913,
      "incr_op_margin_yoy": -0.06272310045894952,
      "rev_growth_yoy": 0.9758646429460065,
      "rev_growth_yoy_accel": -0.17663734275693233,
      "fcf_margin_change": -0.044888153452747215
    },
    {
      "date": "2023-04-30T00:00:00",
      "quarter_label": "2023-04 (Q2)",
      "revenue": 7837000,
      "gross_profit": null,
      "operating_income": -1075000,
      "net_income": -2244000,
      "opex": 8912000,
      "cogs": null,
      "rd": null,
      "sga": 4322000,
      "fcf": -1301000,
      "ocf": -1098000,
      "capex": -203000,
      "gross_margin": null,
      "op_margin": -0.13716983539619754,
      "fcf_margin": -0.16600740079111906,
      "rev_growth_yoy": -0.039936297929682715,
      "rev_growth_yoy_accel": -1.0158009408756892,
      "fcf_margin_change": -0.0023000591464899245
    },
    {
      "date": "2023-07-31T00:00:00",
      "quarter_label": "2023-07 (Q3)",
      "revenue": 7715000,
      "gross_profit": null,
      "operating_income": -2015000,
      "net_income": -1287000,
      "opex": 9730000,
      "cogs": null,
      "rd": null,
      "sga": 4914000,
      "fcf": -91000,
      "ocf": -122000,
      "capex": 31000,
      "gross_margin": null,
      "op_margin": -0.26117952041477643,
      "fcf_margin": -0.011795204147764096,
      "rev_growth_yoy": -0.05857230018303844,
      "rev_growth_yoy_accel": -0.018636002253355724,
      "fcf_margin_change": 0.15421219664335495
    },
    {
      "date": "2023-10-31T00:00:00",
      "quarter_label": "2023-10 (Q4)",
      "revenue": 7654000,
      "gross_profit": null,
      "operating_income": -799000,
      "net_income": -4085000,
      "opex": 8453000,
      "cogs": null,
      "rd": null,
      "sga": 4189000,
      "fcf": 186000,
      "ocf": 282000,
      "capex": -96000,
      "gross_margin": null,
      "op_margin": -0.1043898615103214,
      "fcf_margin": 0.024301019074993466,
      "rev_growth_yoy": -0.05854858548585486,
      "rev_growth_yoy_accel": 2.3714697183582767e-05,
      "fcf_margin_change": 0.03609622322275756
    },
    {
      "date": "2024-01-31T00:00:00",
      "quarter_label": "2024-01 (Q1)",
      "revenue": 7565000,
      "gross_profit": null,
      "operating_income": -1647000,
      "net_income": -3556000,
      "opex": 9212000,
      "cogs": null,
      "rd": null,
      "sga": 4175000,
      "fcf": 14000,
      "ocf": 52000,
      "capex": -38000,
      "gross_margin": null,
      "op_margin": -0.21771315267680105,
      "fcf_margin": 0.0018506278916060807,
      "rev_growth_yoy": -0.04734920035260043,
      "rev_growth_yoy_accel": 0.011199385133254428,
      "fcf_margin_change": -0.022450391183387385
    },
    {
      "date": "2024-04-30T00:00:00",
      "quarter_label": "2024-04 (Q2)",
      "revenue": 7430000,
      "gross_profit": null,
      "operating_income": -1171000,
      "net_income": -4529000,
      "opex": 8601000,
      "cogs": null,
      "rd": null,
      "sga": 4067000,
      "fcf": -1733000,
      "ocf": -1642000,
      "capex": -91000,
      "gross_margin": null,
      "op_margin": -0.1576043068640646,
      "fcf_margin": -0.2332436069986541,
      "rev_growth_yoy": -0.05193313768023478,
      "rev_growth_yoy_accel": -0.004583937327634353,
      "fcf_margin_change": -0.23509423489026018
    }
  ],
  "signals": [
    {
      "quarter": "2023-10 (Q4)",
      "signal": "FCF TURNED POSITIVE",
      "detail": "FCF margin: -1.2% -> +2.4%",
      "severity": "HIGH"
    },
    {
      "quarter": "2023-07 (Q3)",
      "signal": "FCF MARGIN EXPANSION",
      "detail": "FCF margin: -16.6% -> -1.2% (+15.4%)",
      "severity": "MEDIUM"
    },
    {
      "quarter": "2023-04 (Q2)",
      "signal": "YoY REVENUE GROWTH DECELERATION",
      "detail": "YoY growth: -4.0% vs prior quarter YoY: +97.6% (decel: -101.6%)",
      "severity": "WARNING"
    },
    {
      "quarter": "2023-01 (Q1)",
      "signal": "YoY REVENUE GROWTH DECELERATION",
      "detail": "YoY growth: +97.6% vs prior quarter YoY: +115.3% (decel: -17.7%)",
      "severity": "WARNING"
    },
    {
      "quarter": "2022-07 (Q3)",
      "signal": "FCF MARGIN EXPANSION",
      "detail": "FCF margin: -10.6% -> -3.6% (+7.0%)",
      "severity": "MEDIUM"
    },
    {
      "quarter": "2022-04 (Q2)",
      "signal": "FCF MARGIN EXPANSION",
      "detail": "FCF margin: -26.6% -> -10.6% (+16.0%)",
      "severity": "MEDIUM"
    },
    {
      "quarter": "2022-04 (Q2)",
      "signal": "YoY REVENUE GROWTH ACCELERATION",
      "detail": "YoY growth: +117.6% vs prior quarter YoY: +20.8% (accel: +96.8%)",
      "severity": "HIGH"
    },
    {
      "quarter": "2022-01 (Q1)",
      "signal": "YoY REVENUE GROWTH DECELERATION",
      "detail": "YoY growth: +20.8% vs prior quarter YoY: +143.4% (decel: -122.5%)",
      "severity": "WARNING"
    },
    {
      "quarter": "2021-10 (Q4)",
      "signal": "FCF MARGIN EXPANSION",
      "detail": "FCF margin: -12.9% -> +0.0% (+12.9%)",
      "severity": "MEDIUM"
    },
    {
      "quarter": "2021-04 (Q2)",
      "signal": "FCF TURNED POSITIVE",
      "detail": "FCF margin: -18.9% -> +0.8%",
      "severity": "HIGH"
    },
    {
      "quarter": "2021-04 (Q2)",
      "signal": "OPERATING LEVERAGE",
      "detail": "Rev growth +12.8% vs OpEx growth +6.1% (leverage: 2.1x)",
      "severity": "MEDIUM"
    },
    {
      "quarter": "2021-04 (Q2)",
      "signal": "YoY REVENUE GROWTH ACCELERATION",
      "detail": "YoY growth: +139.5% vs prior quarter YoY: +113.6% (accel: +25.9%)",
      "severity": "HIGH"
    },
    {
      "quarter": "2021-01 (Q1)",
      "signal": "YoY REVENUE GROWTH ACCELERATION",
      "detail": "YoY growth: +113.6% vs prior quarter YoY: -2.3% (accel: +115.9%)",
      "severity": "HIGH"
    },
    {
      "quarter": "2020-04 (Q2)",
      "signal": "FCF TURNED POSITIVE",
      "detail": "FCF margin: -3.1% -> +1.6%",
      "severity": "HIGH"
    },
    {
      "quarter": "2019-10 (Q4)",
      "signal": "FCF TURNED POSITIVE",
      "detail": "FCF margin: -15.3% -> +0.1%",
      "severity": "HIGH"
    },
    {
      "quarter": "2019-10 (Q4)",
      "signal": "OPERATING LEVERAGE",
      "detail": "Rev growth +2.7% vs OpEx growth +1.3% (leverage: 2.2x)",
      "severity": "MEDIUM"
    }
  ],
  "data_quality": {
    "n_quarters": 20,
    "coverage": {
      "revenue": [
        20,
        20
      ],
      "gross_profit": [
        3,
        20
      ],
      "op_income": [
        20,
        20
      ],
      "fcf": [
        20,
        20
      ]
    },
    "gaps": [],
    "warnings": [
      "gross_profit: 3/20Q"
    ]
  },
  "market_cap": null,
  "source": "SEC EDGAR",
  "last_updated": "2026-02-03T01:03:51.902945",
  "sector": "Communication Services",
  "industry": "Telecom Services"
}