{
  "ticker": "DTI",
  "name": "Drilling Tools International Corp",
  "quarters": [
    {
      "date": "2022-03-31T00:00:00",
      "quarter_label": "2022-03 (Q1)",
      "revenue": 0,
      "gross_profit": null,
      "operating_income": -289327,
      "net_income": -226114,
      "opex": null,
      "cogs": null,
      "rd": null,
      "sga": null,
      "fcf": -792257,
      "ocf": -792257,
      "capex": null,
      "gross_margin": null,
      "op_margin": null,
      "fcf_margin": null
    },
    {
      "date": "2022-06-30T00:00:00",
      "quarter_label": "2022-06 (Q2)",
      "revenue": 30372000,
      "gross_profit": null,
      "operating_income": -275968,
      "net_income": -101620,
      "opex": 22324000,
      "cogs": null,
      "rd": null,
      "sga": 9498000,
      "fcf": 2970257,
      "ocf": 2970257,
      "capex": null,
      "gross_margin": null,
      "op_margin": -0.009086263663900961,
      "fcf_margin": 0.09779589753720531
    },
    {
      "date": "2022-09-30T00:00:00",
      "quarter_label": "2022-09 (Q3)",
      "revenue": 36547000,
      "gross_profit": null,
      "operating_income": -339968,
      "net_income": 326264,
      "opex": 28470000,
      "cogs": null,
      "rd": null,
      "sga": 14692000,
      "fcf": -3603000,
      "ocf": 3463000,
      "capex": -7066000,
      "gross_margin": null,
      "op_margin": -0.009302213587982599,
      "fcf_margin": -0.09858538320518784,
      "op_leverage_ratio": 0.7384872959830052,
      "fcf_margin_change": -0.19638128074239314
    },
    {
      "date": "2022-12-31T00:00:00",
      "quarter_label": "2022-12 (Q4)",
      "revenue": 129556000,
      "gross_profit": null,
      "operating_income": -376614,
      "net_income": 1017172,
      "opex": 28710000,
      "cogs": null,
      "rd": null,
      "sga": 15142000,
      "fcf": -100000,
      "ocf": 8353000,
      "capex": -8453000,
      "gross_margin": null,
      "op_margin": -0.00290695915279879,
      "fcf_margin": -0.0007718669918799592,
      "op_leverage_ratio": 301.89051426929706,
      "fcf_margin_change": 0.09781351621330787
    },
    {
      "date": "2023-03-31T00:00:00",
      "quarter_label": "2023-03 (Q1)",
      "revenue": 0,
      "gross_profit": null,
      "operating_income": -1959668,
      "net_income": -186676,
      "opex": 32878000,
      "cogs": null,
      "rd": null,
      "sga": 18423000,
      "fcf": 22000,
      "ocf": 7089000,
      "capex": -7067000,
      "gross_margin": null,
      "op_margin": null,
      "fcf_margin": null
    },
    {
      "date": "2023-06-30T00:00:00",
      "quarter_label": "2023-06 (Q2)",
      "revenue": 37908000,
      "gross_profit": null,
      "operating_income": 6624000,
      "net_income": 937000,
      "opex": 31284000,
      "cogs": null,
      "rd": null,
      "sga": 17718000,
      "fcf": -10578000,
      "ocf": 6972000,
      "capex": -17550000,
      "gross_margin": null,
      "op_margin": 0.17473884140550808,
      "fcf_margin": -0.2790440012662235,
      "incr_op_margin_yoy": 0.9156008492569002,
      "rev_growth_yoy": 0.24812327143421573
    },
    {
      "date": "2023-09-30T00:00:00",
      "quarter_label": "2023-09 (Q3)",
      "revenue": 38138000,
      "gross_profit": null,
      "operating_income": 7132000,
      "net_income": 4287000,
      "opex": 31006000,
      "cogs": null,
      "rd": null,
      "sga": 16552000,
      "fcf": -8736000,
      "ocf": 3423000,
      "capex": -12159000,
      "gross_margin": null,
      "op_margin": 0.18700508679007813,
      "fcf_margin": -0.22906287692065655,
      "incr_op_margin_yoy": 4.696397234443746,
      "rev_growth_yoy": 0.04353298492352314,
      "rev_growth_yoy_accel": -0.20459028651069258,
      "fcf_margin_change": 0.049981124345566924
    },
    {
      "date": "2023-12-31T00:00:00",
      "quarter_label": "2023-12 (Q4)",
      "revenue": 35189000,
      "gross_profit": null,
      "operating_income": 4528000,
      "net_income": 3823000,
      "opex": 30661000,
      "cogs": null,
      "rd": null,
      "sga": 17265000,
      "fcf": -1124000,
      "ocf": 5850000,
      "capex": -6974000,
      "gross_margin": null,
      "op_margin": 0.12867657506607177,
      "fcf_margin": -0.03194179999431641,
      "incr_op_margin_yoy": -0.051973825595812095,
      "rev_growth_yoy": -0.7283877242273611,
      "rev_growth_yoy_accel": -0.7719207091508842,
      "fcf_margin_change": 0.19712107692634015
    },
    {
      "date": "2024-03-31T00:00:00",
      "quarter_label": "2024-03 (Q1)",
      "revenue": 36974000,
      "gross_profit": null,
      "operating_income": 5130000,
      "net_income": 3126000,
      "opex": 31844000,
      "cogs": null,
      "rd": null,
      "sga": 17942000,
      "fcf": -2916000,
      "ocf": 3312000,
      "capex": -6228000,
      "gross_margin": null,
      "op_margin": 0.13874614594039056,
      "fcf_margin": -0.07886623032401147,
      "incr_op_margin_yoy": 0.1917473900578785,
      "op_leverage_ratio": 1.31471877726717,
      "fcf_margin_change": -0.04692443032969506
    },
    {
      "date": "2024-06-30T00:00:00",
      "quarter_label": "2024-06 (Q2)",
      "revenue": 37533000,
      "gross_profit": null,
      "operating_income": 2235000,
      "net_income": 365000,
      "opex": 35298000,
      "cogs": null,
      "rd": null,
      "sga": 19619000,
      "fcf": -9005000,
      "ocf": 1079000,
      "capex": -10084000,
      "gross_margin": null,
      "op_margin": 0.05954759811365998,
      "fcf_margin": -0.23992220179575308,
      "rev_growth_yoy": -0.009892371003482114,
      "op_leverage_ratio": 0.1393864807236021,
      "fcf_margin_change": -0.1610559714717416
    },
    {
      "date": "2024-09-30T00:00:00",
      "quarter_label": "2024-09 (Q3)",
      "revenue": 40093000,
      "gross_profit": null,
      "operating_income": 4251000,
      "net_income": 867000,
      "opex": 35842000,
      "cogs": null,
      "rd": null,
      "sga": 19855000,
      "fcf": 1966000,
      "ocf": 5332000,
      "capex": -3366000,
      "gross_margin": null,
      "op_margin": 0.1060284837752226,
      "fcf_margin": 0.04903599132018058,
      "incr_op_margin_yoy": -1.4736572890025574,
      "rev_growth_yoy": 0.05126120929256909,
      "rev_growth_yoy_accel": 0.0611535802960512,
      "op_leverage_ratio": 4.425658361818071,
      "fcf_margin_change": 0.2889581931159336
    },
    {
      "date": "2024-12-31T00:00:00",
      "quarter_label": "2024-12 (Q4)",
      "revenue": 39846000,
      "gross_profit": null,
      "operating_income": 1812000,
      "net_income": -1345000,
      "opex": 38034000,
      "cogs": null,
      "rd": null,
      "sga": 21280000,
      "fcf": -6879000,
      "ocf": -3665000,
      "capex": -3214000,
      "gross_margin": null,
      "op_margin": 0.04547507905435928,
      "fcf_margin": -0.17263966270140038,
      "incr_op_margin_yoy": -0.5832080738672966,
      "rev_growth_yoy": 0.13234249339282161,
      "rev_growth_yoy_accel": 0.08108128410025253,
      "fcf_margin_change": -0.22167565402158096
    },
    {
      "date": "2025-03-31T00:00:00",
      "quarter_label": "2025-03 (Q1)",
      "revenue": 42880000,
      "gross_profit": null,
      "operating_income": 3303000,
      "net_income": -1669000,
      "opex": 39577000,
      "cogs": null,
      "rd": null,
      "sga": 21609000,
      "fcf": -2612000,
      "ocf": 2431000,
      "capex": -5043000,
      "gross_margin": null,
      "op_margin": 0.07702891791044776,
      "fcf_margin": -0.06091417910447761,
      "incr_op_margin_yoy": -0.30934642736200474,
      "rev_growth_yoy": 0.15973386704170497,
      "rev_growth_yoy_accel": 0.02739137364888336,
      "op_leverage_ratio": 1.8768817953007608,
      "fcf_margin_change": 0.11172548359692278
    },
    {
      "date": "2025-06-30T00:00:00",
      "quarter_label": "2025-06 (Q2)",
      "revenue": 39421000,
      "gross_profit": null,
      "operating_income": null,
      "net_income": -2407000,
      "opex": 41082000,
      "cogs": null,
      "rd": null,
      "sga": 21023000,
      "fcf": -5356000,
      "ocf": 2195000,
      "capex": -7551000,
      "gross_margin": null,
      "op_margin": null,
      "fcf_margin": -0.13586667004895867,
      "rev_growth_yoy": 0.05030240055417899,
      "rev_growth_yoy_accel": -0.10943146648752598,
      "fcf_margin_change": -0.07495249094448106
    },
    {
      "date": "2025-09-30T00:00:00",
      "quarter_label": "2025-09 (Q3)",
      "revenue": 38817000,
      "gross_profit": null,
      "operating_income": null,
      "net_income": -903000,
      "opex": 39284000,
      "cogs": null,
      "rd": null,
      "sga": 20414000,
      "fcf": 6420000,
      "ocf": 9962000,
      "capex": -3542000,
      "gross_margin": null,
      "op_margin": null,
      "fcf_margin": 0.16539145219877888,
      "rev_growth_yoy": -0.03182600453944579,
      "rev_growth_yoy_accel": -0.08212840509362479,
      "fcf_margin_change": 0.3012581222477375
    }
  ],
  "signals": [
    {
      "quarter": "2025-09 (Q3)",
      "signal": "FCF TURNED POSITIVE",
      "detail": "FCF margin: -13.6% -> +16.5%",
      "severity": "HIGH"
    },
    {
      "quarter": "2025-09 (Q3)",
      "signal": "YoY REVENUE GROWTH DECELERATION",
      "detail": "YoY growth: -3.2% vs prior quarter YoY: +5.0% (decel: -8.2%)",
      "severity": "WARNING"
    },
    {
      "quarter": "2025-06 (Q2)",
      "signal": "YoY REVENUE GROWTH DECELERATION",
      "detail": "YoY growth: +5.0% vs prior quarter YoY: +16.0% (decel: -10.9%)",
      "severity": "WARNING"
    },
    {
      "quarter": "2025-03 (Q1)",
      "signal": "FCF MARGIN EXPANSION",
      "detail": "FCF margin: -17.3% -> -6.1% (+11.2%)",
      "severity": "MEDIUM"
    },
    {
      "quarter": "2025-03 (Q1)",
      "signal": "OPERATING LEVERAGE",
      "detail": "Rev growth +7.6% vs OpEx growth +4.1% (leverage: 1.9x)",
      "severity": "MEDIUM"
    },
    {
      "quarter": "2024-12 (Q4)",
      "signal": "YoY REVENUE GROWTH ACCELERATION",
      "detail": "YoY growth: +13.2% vs prior quarter YoY: +5.1% (accel: +8.1%)",
      "severity": "MEDIUM"
    },
    {
      "quarter": "2024-09 (Q3)",
      "signal": "FCF TURNED POSITIVE",
      "detail": "FCF margin: -24.0% -> +4.9%",
      "severity": "HIGH"
    },
    {
      "quarter": "2024-09 (Q3)",
      "signal": "OPERATING LEVERAGE",
      "detail": "Rev growth +6.8% vs OpEx growth +1.5% (leverage: 4.4x)",
      "severity": "MEDIUM"
    },
    {
      "quarter": "2024-09 (Q3)",
      "signal": "YoY REVENUE GROWTH ACCELERATION",
      "detail": "YoY growth: +5.1% vs prior quarter YoY: -1.0% (accel: +6.1%)",
      "severity": "MEDIUM"
    },
    {
      "quarter": "2023-12 (Q4)",
      "signal": "FCF MARGIN EXPANSION",
      "detail": "FCF margin: -22.9% -> -3.2% (+19.7%)",
      "severity": "MEDIUM"
    },
    {
      "quarter": "2023-12 (Q4)",
      "signal": "YoY REVENUE GROWTH DECELERATION",
      "detail": "YoY growth: -72.8% vs prior quarter YoY: +4.4% (decel: -77.2%)",
      "severity": "WARNING"
    },
    {
      "quarter": "2023-12 (Q4)",
      "signal": "OP MARGIN TURNED POSITIVE (YoY)",
      "detail": "Op margin: -0.3% (year-ago) -> +12.9%",
      "severity": "HIGH"
    },
    {
      "quarter": "2023-09 (Q3)",
      "signal": "YoY REVENUE GROWTH DECELERATION",
      "detail": "YoY growth: +4.4% vs prior quarter YoY: +24.8% (decel: -20.5%)",
      "severity": "WARNING"
    },
    {
      "quarter": "2023-09 (Q3)",
      "signal": "OP MARGIN TURNED POSITIVE (YoY)",
      "detail": "Op margin: -0.9% (year-ago) -> +18.7%",
      "severity": "HIGH"
    },
    {
      "quarter": "2023-06 (Q2)",
      "signal": "OP MARGIN TURNED POSITIVE (YoY)",
      "detail": "Op margin: -0.9% (year-ago) -> +17.5%",
      "severity": "HIGH"
    },
    {
      "quarter": "2022-12 (Q4)",
      "signal": "FCF MARGIN EXPANSION",
      "detail": "FCF margin: -9.9% -> -0.1% (+9.8%)",
      "severity": "MEDIUM"
    },
    {
      "quarter": "2022-12 (Q4)",
      "signal": "OPERATING LEVERAGE",
      "detail": "Rev growth +254.5% vs OpEx growth +0.8% (leverage: 301.9x)",
      "severity": "MEDIUM"
    }
  ],
  "data_quality": {
    "n_quarters": 15,
    "coverage": {
      "revenue": [
        15,
        15
      ],
      "gross_profit": [
        0,
        15
      ],
      "op_income": [
        13,
        15
      ],
      "fcf": [
        15,
        15
      ]
    },
    "gaps": [],
    "warnings": [
      "gross_profit: no data"
    ]
  },
  "market_cap": null,
  "source": "SEC EDGAR",
  "last_updated": "2026-02-02T23:12:16.698431",
  "sector": "Energy",
  "industry": "Oil & Gas Equipment & Services"
}