{
  "ticker": "DTLAP",
  "name": "BROOKFIELD DTLA FUND OFFICE TRUST INVESTOR INC.",
  "quarters": [
    {
      "date": "2018-03-31T00:00:00",
      "quarter_label": "2018-03 (Q1)",
      "revenue": 75211000,
      "gross_profit": null,
      "operating_income": null,
      "net_income": -6923000,
      "opex": 84990000,
      "cogs": null,
      "rd": null,
      "sga": null,
      "fcf": -12652000,
      "ocf": -12652000,
      "capex": null,
      "gross_margin": null,
      "op_margin": null,
      "fcf_margin": -0.16822007419127522
    },
    {
      "date": "2018-06-30T00:00:00",
      "quarter_label": "2018-06 (Q2)",
      "revenue": 84194000,
      "gross_profit": null,
      "operating_income": null,
      "net_income": -4367000,
      "opex": 89458000,
      "cogs": null,
      "rd": null,
      "sga": null,
      "fcf": 21967000,
      "ocf": 21967000,
      "capex": null,
      "gross_margin": null,
      "op_margin": null,
      "fcf_margin": 0.2609093284557094,
      "op_leverage_ratio": 2.2719287190211883,
      "fcf_margin_change": 0.4291294026469846
    },
    {
      "date": "2018-09-30T00:00:00",
      "quarter_label": "2018-09 (Q3)",
      "revenue": 77151000,
      "gross_profit": null,
      "operating_income": null,
      "net_income": -8595000,
      "opex": 91789000,
      "cogs": null,
      "rd": null,
      "sga": null,
      "fcf": 18853000,
      "ocf": 18853000,
      "capex": null,
      "gross_margin": null,
      "op_margin": null,
      "fcf_margin": 0.24436494666303743,
      "fcf_margin_change": -0.01654438179267198
    },
    {
      "date": "2018-12-31T00:00:00",
      "quarter_label": "2018-12 (Q4)",
      "revenue": 79124000,
      "gross_profit": null,
      "operating_income": null,
      "net_income": -89864000,
      "opex": 94100000,
      "cogs": null,
      "rd": null,
      "sga": null,
      "fcf": -10779000,
      "ocf": -10779000,
      "capex": null,
      "gross_margin": null,
      "op_margin": null,
      "fcf_margin": -0.1362292098478338,
      "op_leverage_ratio": 1.0157251795513191,
      "fcf_margin_change": -0.38059415651087125
    },
    {
      "date": "2019-03-31T00:00:00",
      "quarter_label": "2019-03 (Q1)",
      "revenue": 76207000,
      "gross_profit": null,
      "operating_income": null,
      "net_income": -31080000,
      "opex": 89540000,
      "cogs": null,
      "rd": null,
      "sga": null,
      "fcf": 11564000,
      "ocf": 11564000,
      "capex": null,
      "gross_margin": null,
      "op_margin": null,
      "fcf_margin": 0.15174459039195876,
      "rev_growth_yoy": 0.013242743747590113,
      "fcf_margin_change": 0.2879738002397926
    },
    {
      "date": "2019-06-30T00:00:00",
      "quarter_label": "2019-06 (Q2)",
      "revenue": 79166000,
      "gross_profit": null,
      "operating_income": null,
      "net_income": -23903000,
      "opex": 90383000,
      "cogs": null,
      "rd": null,
      "sga": null,
      "fcf": 10148000,
      "ocf": 10148000,
      "capex": null,
      "gross_margin": null,
      "op_margin": null,
      "fcf_margin": 0.1281863426218326,
      "rev_growth_yoy": -0.05971921989690477,
      "rev_growth_yoy_accel": -0.07296196364449488,
      "op_leverage_ratio": 4.124199025190505,
      "fcf_margin_change": -0.02355824777012616
    },
    {
      "date": "2019-09-30T00:00:00",
      "quarter_label": "2019-09 (Q3)",
      "revenue": 79612000,
      "gross_profit": null,
      "operating_income": null,
      "net_income": -26363000,
      "opex": 90815000,
      "cogs": null,
      "rd": null,
      "sga": null,
      "fcf": 23313000,
      "ocf": 23313000,
      "capex": null,
      "gross_margin": null,
      "op_margin": null,
      "fcf_margin": 0.292832738783098,
      "rev_growth_yoy": 0.031898484789568506,
      "rev_growth_yoy_accel": 0.09161770468647328,
      "fcf_margin_change": 0.16464639616126542
    },
    {
      "date": "2019-12-31T00:00:00",
      "quarter_label": "2019-12 (Q4)",
      "revenue": 82860000,
      "gross_profit": null,
      "operating_income": null,
      "net_income": -14741000,
      "opex": 96465000,
      "cogs": null,
      "rd": null,
      "sga": null,
      "fcf": -5240000,
      "ocf": -5240000,
      "capex": null,
      "gross_margin": null,
      "op_margin": null,
      "fcf_margin": -0.06323919864832248,
      "rev_growth_yoy": 0.047217026439512665,
      "rev_growth_yoy_accel": 0.015318541649944159,
      "op_leverage_ratio": 0.6557625723697988,
      "fcf_margin_change": -0.3560719374314205
    },
    {
      "date": "2020-03-31T00:00:00",
      "quarter_label": "2020-03 (Q1)",
      "revenue": 75854000,
      "gross_profit": null,
      "operating_income": null,
      "net_income": -32894000,
      "opex": 89965000,
      "cogs": null,
      "rd": null,
      "sga": null,
      "fcf": 16052000,
      "ocf": 16052000,
      "capex": null,
      "gross_margin": null,
      "op_margin": null,
      "fcf_margin": 0.21161705381390566,
      "rev_growth_yoy": -0.004632120408886322,
      "rev_growth_yoy_accel": -0.05184914684839899,
      "fcf_margin_change": 0.2748562524622281
    },
    {
      "date": "2020-06-30T00:00:00",
      "quarter_label": "2020-06 (Q2)",
      "revenue": 68522000,
      "gross_profit": null,
      "operating_income": null,
      "net_income": -112173000,
      "opex": 83788000,
      "cogs": null,
      "rd": null,
      "sga": null,
      "fcf": 15822000,
      "ocf": 15822000,
      "capex": null,
      "gross_margin": null,
      "op_margin": null,
      "fcf_margin": 0.23090394325909927,
      "rev_growth_yoy": -0.13445165854028243,
      "rev_growth_yoy_accel": -0.1298195381313961,
      "fcf_margin_change": 0.019286889445193606
    },
    {
      "date": "2020-09-30T00:00:00",
      "quarter_label": "2020-09 (Q3)",
      "revenue": 70593000,
      "gross_profit": null,
      "operating_income": null,
      "net_income": -14351000,
      "opex": 86050000,
      "cogs": null,
      "rd": null,
      "sga": null,
      "fcf": 26353000,
      "ocf": 26353000,
      "capex": null,
      "gross_margin": null,
      "op_margin": null,
      "fcf_margin": 0.37330896831130567,
      "rev_growth_yoy": -0.11328694166708536,
      "rev_growth_yoy_accel": 0.02116471687319707,
      "op_leverage_ratio": 1.119539166637053,
      "fcf_margin_change": 0.1424050250522064
    },
    {
      "date": "2020-12-31T00:00:00",
      "quarter_label": "2020-12 (Q4)",
      "revenue": 70579000,
      "gross_profit": null,
      "operating_income": null,
      "net_income": -48610000,
      "opex": 88164000,
      "cogs": null,
      "rd": null,
      "sga": null,
      "fcf": -5278000,
      "ocf": -5278000,
      "capex": null,
      "gross_margin": null,
      "op_margin": null,
      "fcf_margin": -0.07478145057311665,
      "rev_growth_yoy": -0.1482138546946657,
      "rev_growth_yoy_accel": -0.03492691302758033,
      "fcf_margin_change": -0.4480904188844223
    },
    {
      "date": "2021-03-31T00:00:00",
      "quarter_label": "2021-03 (Q1)",
      "revenue": 69692000,
      "gross_profit": null,
      "operating_income": null,
      "net_income": -42124000,
      "opex": 87625000,
      "cogs": null,
      "rd": null,
      "sga": null,
      "fcf": 23848000,
      "ocf": 23848000,
      "capex": null,
      "gross_margin": null,
      "op_margin": null,
      "fcf_margin": 0.3421913562532285,
      "rev_growth_yoy": -0.08123500408679832,
      "rev_growth_yoy_accel": 0.06697885060786737,
      "fcf_margin_change": 0.41697280682634513
    },
    {
      "date": "2021-06-30T00:00:00",
      "quarter_label": "2021-06 (Q2)",
      "revenue": 69210000,
      "gross_profit": null,
      "operating_income": null,
      "net_income": -15696000,
      "opex": 82925000,
      "cogs": null,
      "rd": null,
      "sga": null,
      "fcf": 19282000,
      "ocf": 19282000,
      "capex": null,
      "gross_margin": null,
      "op_margin": null,
      "fcf_margin": 0.27860135818523335,
      "rev_growth_yoy": 0.010040570911532062,
      "rev_growth_yoy_accel": 0.09127557499833037,
      "fcf_margin_change": -0.06358999806799515
    },
    {
      "date": "2021-09-30T00:00:00",
      "quarter_label": "2021-09 (Q3)",
      "revenue": 68820000,
      "gross_profit": null,
      "operating_income": null,
      "net_income": -49494000,
      "opex": 83486000,
      "cogs": null,
      "rd": null,
      "sga": null,
      "fcf": 22908000,
      "ocf": 22908000,
      "capex": null,
      "gross_margin": null,
      "op_margin": null,
      "fcf_margin": 0.33286835222319094,
      "rev_growth_yoy": -0.025115804683183886,
      "rev_growth_yoy_accel": -0.03515637559471595,
      "fcf_margin_change": 0.054266994037957594
    },
    {
      "date": "2021-12-31T00:00:00",
      "quarter_label": "2021-12 (Q4)",
      "revenue": 76076000,
      "gross_profit": null,
      "operating_income": null,
      "net_income": -13695000,
      "opex": 84070000,
      "cogs": null,
      "rd": null,
      "sga": null,
      "fcf": -4386000,
      "ocf": -4386000,
      "capex": null,
      "gross_margin": null,
      "op_margin": null,
      "fcf_margin": -0.057652873442347125,
      "rev_growth_yoy": 0.07788435653664688,
      "rev_growth_yoy_accel": 0.10300016121983077,
      "op_leverage_ratio": 15.072434741413973,
      "fcf_margin_change": -0.39052122566553804
    },
    {
      "date": "2022-03-31T00:00:00",
      "quarter_label": "2022-03 (Q1)",
      "revenue": 72021000,
      "gross_profit": null,
      "operating_income": null,
      "net_income": -15185000,
      "opex": 82631000,
      "cogs": null,
      "rd": null,
      "sga": null,
      "fcf": 14776000,
      "ocf": 14776000,
      "capex": null,
      "gross_margin": null,
      "op_margin": null,
      "fcf_margin": 0.2051623831937907,
      "rev_growth_yoy": 0.033418469838718934,
      "rev_growth_yoy_accel": -0.04446588669792795,
      "fcf_margin_change": 0.2628152566361378
    },
    {
      "date": "2022-06-30T00:00:00",
      "quarter_label": "2022-06 (Q2)",
      "revenue": 73722000,
      "gross_profit": null,
      "operating_income": null,
      "net_income": -8322000,
      "opex": 86611000,
      "cogs": null,
      "rd": null,
      "sga": null,
      "fcf": 12940000,
      "ocf": 12940000,
      "capex": null,
      "gross_margin": null,
      "op_margin": null,
      "fcf_margin": 0.1755242668402919,
      "rev_growth_yoy": 0.06519289120069355,
      "rev_growth_yoy_accel": 0.031774421361974614,
      "op_leverage_ratio": 0.49034878436837837,
      "fcf_margin_change": -0.029638116353498806
    },
    {
      "date": "2022-09-30T00:00:00",
      "quarter_label": "2022-09 (Q3)",
      "revenue": 74531000,
      "gross_profit": null,
      "operating_income": null,
      "net_income": -206357000,
      "opex": 191050000,
      "cogs": null,
      "rd": null,
      "sga": null,
      "fcf": 21370000,
      "ocf": 21370000,
      "capex": null,
      "gross_margin": null,
      "op_margin": null,
      "fcf_margin": 0.2867263286417732,
      "rev_growth_yoy": 0.08298459750072654,
      "rev_growth_yoy_accel": 0.01779170630003299,
      "op_leverage_ratio": 0.009100426807286795,
      "fcf_margin_change": 0.11120206180148132
    },
    {
      "date": "2022-12-31T00:00:00",
      "quarter_label": "2022-12 (Q4)",
      "revenue": 75626000,
      "gross_profit": null,
      "operating_income": null,
      "net_income": -52930000,
      "opex": 124935000,
      "cogs": null,
      "rd": null,
      "sga": null,
      "fcf": -9259000,
      "ocf": -9259000,
      "capex": null,
      "gross_margin": null,
      "op_margin": null,
      "fcf_margin": -0.12243143892312168,
      "rev_growth_yoy": -0.005915137494084862,
      "rev_growth_yoy_accel": -0.0888997349948114,
      "op_leverage_ratio": Infinity,
      "fcf_margin_change": -0.4091577675648949
    }
  ],
  "signals": [
    {
      "quarter": "2022-12 (Q4)",
      "signal": "YoY REVENUE GROWTH DECELERATION",
      "detail": "YoY growth: -0.6% vs prior quarter YoY: +8.3% (decel: -8.9%)",
      "severity": "WARNING"
    },
    {
      "quarter": "2022-09 (Q3)",
      "signal": "FCF MARGIN EXPANSION",
      "detail": "FCF margin: +17.6% -> +28.7% (+11.1%)",
      "severity": "MEDIUM"
    },
    {
      "quarter": "2022-03 (Q1)",
      "signal": "FCF TURNED POSITIVE",
      "detail": "FCF margin: -5.8% -> +20.5%",
      "severity": "HIGH"
    },
    {
      "quarter": "2021-12 (Q4)",
      "signal": "OPERATING LEVERAGE",
      "detail": "Rev growth +10.5% vs OpEx growth +0.7% (leverage: 15.1x)",
      "severity": "MEDIUM"
    },
    {
      "quarter": "2021-12 (Q4)",
      "signal": "YoY REVENUE GROWTH ACCELERATION",
      "detail": "YoY growth: +7.8% vs prior quarter YoY: -2.5% (accel: +10.3%)",
      "severity": "MEDIUM"
    },
    {
      "quarter": "2021-09 (Q3)",
      "signal": "FCF MARGIN EXPANSION",
      "detail": "FCF margin: +27.9% -> +33.3% (+5.4%)",
      "severity": "MEDIUM"
    },
    {
      "quarter": "2021-06 (Q2)",
      "signal": "YoY REVENUE GROWTH ACCELERATION",
      "detail": "YoY growth: +1.0% vs prior quarter YoY: -8.1% (accel: +9.1%)",
      "severity": "MEDIUM"
    },
    {
      "quarter": "2021-03 (Q1)",
      "signal": "FCF TURNED POSITIVE",
      "detail": "FCF margin: -7.5% -> +34.2%",
      "severity": "HIGH"
    },
    {
      "quarter": "2021-03 (Q1)",
      "signal": "YoY REVENUE GROWTH ACCELERATION",
      "detail": "YoY growth: -8.1% vs prior quarter YoY: -14.8% (accel: +6.7%)",
      "severity": "MEDIUM"
    },
    {
      "quarter": "2020-09 (Q3)",
      "signal": "FCF MARGIN EXPANSION",
      "detail": "FCF margin: +23.1% -> +37.3% (+14.2%)",
      "severity": "MEDIUM"
    },
    {
      "quarter": "2020-06 (Q2)",
      "signal": "YoY REVENUE GROWTH DECELERATION",
      "detail": "YoY growth: -13.4% vs prior quarter YoY: -0.5% (decel: -13.0%)",
      "severity": "WARNING"
    },
    {
      "quarter": "2020-03 (Q1)",
      "signal": "FCF TURNED POSITIVE",
      "detail": "FCF margin: -6.3% -> +21.2%",
      "severity": "HIGH"
    },
    {
      "quarter": "2020-03 (Q1)",
      "signal": "YoY REVENUE GROWTH DECELERATION",
      "detail": "YoY growth: -0.5% vs prior quarter YoY: +4.7% (decel: -5.2%)",
      "severity": "WARNING"
    },
    {
      "quarter": "2019-09 (Q3)",
      "signal": "FCF MARGIN EXPANSION",
      "detail": "FCF margin: +12.8% -> +29.3% (+16.5%)",
      "severity": "MEDIUM"
    },
    {
      "quarter": "2019-09 (Q3)",
      "signal": "YoY REVENUE GROWTH ACCELERATION",
      "detail": "YoY growth: +3.2% vs prior quarter YoY: -6.0% (accel: +9.2%)",
      "severity": "MEDIUM"
    },
    {
      "quarter": "2019-06 (Q2)",
      "signal": "OPERATING LEVERAGE",
      "detail": "Rev growth +3.9% vs OpEx growth +0.9% (leverage: 4.1x)",
      "severity": "MEDIUM"
    },
    {
      "quarter": "2019-06 (Q2)",
      "signal": "YoY REVENUE GROWTH DECELERATION",
      "detail": "YoY growth: -6.0% vs prior quarter YoY: +1.3% (decel: -7.3%)",
      "severity": "WARNING"
    },
    {
      "quarter": "2019-03 (Q1)",
      "signal": "FCF TURNED POSITIVE",
      "detail": "FCF margin: -13.6% -> +15.2%",
      "severity": "HIGH"
    },
    {
      "quarter": "2018-06 (Q2)",
      "signal": "FCF TURNED POSITIVE",
      "detail": "FCF margin: -16.8% -> +26.1%",
      "severity": "HIGH"
    },
    {
      "quarter": "2018-06 (Q2)",
      "signal": "OPERATING LEVERAGE",
      "detail": "Rev growth +11.9% vs OpEx growth +5.3% (leverage: 2.3x)",
      "severity": "MEDIUM"
    }
  ],
  "data_quality": {
    "n_quarters": 20,
    "coverage": {
      "revenue": [
        20,
        20
      ],
      "gross_profit": [
        0,
        20
      ],
      "op_income": [
        0,
        20
      ],
      "fcf": [
        20,
        20
      ]
    },
    "gaps": [],
    "warnings": [
      "gross_profit: no data",
      "op_income: no data"
    ]
  },
  "market_cap": null,
  "source": "SEC EDGAR",
  "last_updated": "2026-02-03T01:10:22.107742"
}