{
  "ticker": "DTM",
  "name": "DT Midstream, Inc.",
  "quarters": [
    {
      "date": "2020-12-31T00:00:00",
      "quarter_label": "2020-12 (Q4)",
      "revenue": 208000000,
      "gross_profit": null,
      "operating_income": 94000000,
      "net_income": 69000000,
      "opex": null,
      "cogs": null,
      "rd": null,
      "sga": null,
      "fcf": 65000000,
      "ocf": 143000000,
      "capex": -78000000,
      "gross_margin": null,
      "op_margin": 0.4519230769230769,
      "fcf_margin": 0.3125
    },
    {
      "date": "2021-03-31T00:00:00",
      "quarter_label": "2021-03 (Q1)",
      "revenue": 197000000,
      "gross_profit": null,
      "operating_income": 100000000,
      "net_income": 78000000,
      "opex": null,
      "cogs": null,
      "rd": null,
      "sga": null,
      "fcf": 136000000,
      "ocf": 163000000,
      "capex": -27000000,
      "gross_margin": null,
      "op_margin": 0.5076142131979695,
      "fcf_margin": 0.6903553299492385,
      "fcf_margin_change": 0.37785532994923854
    },
    {
      "date": "2021-06-30T00:00:00",
      "quarter_label": "2021-06 (Q2)",
      "revenue": 208000000,
      "gross_profit": null,
      "operating_income": 86000000,
      "net_income": 68000000,
      "opex": null,
      "cogs": null,
      "rd": null,
      "sga": null,
      "fcf": 132000000,
      "ocf": 165000000,
      "capex": -33000000,
      "gross_margin": null,
      "op_margin": 0.41346153846153844,
      "fcf_margin": 0.6346153846153846,
      "fcf_margin_change": -0.05573994533385396
    },
    {
      "date": "2021-09-30T00:00:00",
      "quarter_label": "2021-09 (Q3)",
      "revenue": 212000000,
      "gross_profit": null,
      "operating_income": 106000000,
      "net_income": 74000000,
      "opex": null,
      "cogs": null,
      "rd": null,
      "sga": null,
      "fcf": 100000000,
      "ocf": 136000000,
      "capex": -36000000,
      "gross_margin": null,
      "op_margin": 0.5,
      "fcf_margin": 0.4716981132075472,
      "fcf_margin_change": -0.1629172714078374
    },
    {
      "date": "2021-12-31T00:00:00",
      "quarter_label": "2021-12 (Q4)",
      "revenue": 223000000,
      "gross_profit": null,
      "operating_income": 110000000,
      "net_income": 87000000,
      "opex": null,
      "cogs": null,
      "rd": null,
      "sga": null,
      "fcf": 64000000,
      "ocf": 108000000,
      "capex": -44000000,
      "gross_margin": null,
      "op_margin": 0.49327354260089684,
      "fcf_margin": 0.28699551569506726,
      "incr_op_margin_yoy": 1.0666666666666667,
      "rev_growth_yoy": 0.07211538461538461,
      "fcf_margin_change": -0.18470259751247992
    },
    {
      "date": "2022-03-31T00:00:00",
      "quarter_label": "2022-03 (Q1)",
      "revenue": 215000000,
      "gross_profit": null,
      "operating_income": 104000000,
      "net_income": 81000000,
      "opex": null,
      "cogs": null,
      "rd": null,
      "sga": null,
      "fcf": 214000000,
      "ocf": 234000000,
      "capex": -20000000,
      "gross_margin": null,
      "op_margin": 0.48372093023255813,
      "fcf_margin": 0.9953488372093023,
      "incr_op_margin_yoy": 0.2222222222222222,
      "rev_growth_yoy": 0.09137055837563451,
      "rev_growth_yoy_accel": 0.019255173760249905,
      "fcf_margin_change": 0.708353321514235
    },
    {
      "date": "2022-06-30T00:00:00",
      "quarter_label": "2022-06 (Q2)",
      "revenue": 227000000,
      "gross_profit": null,
      "operating_income": 137000000,
      "net_income": 91000000,
      "opex": null,
      "cogs": null,
      "rd": null,
      "sga": null,
      "fcf": 110000000,
      "ocf": 145000000,
      "capex": -35000000,
      "gross_margin": null,
      "op_margin": 0.6035242290748899,
      "fcf_margin": 0.4845814977973568,
      "incr_op_margin_yoy": 2.6842105263157894,
      "rev_growth_yoy": 0.09134615384615384,
      "rev_growth_yoy_accel": -2.4404529480673287e-05,
      "fcf_margin_change": -0.5107673394119455
    },
    {
      "date": "2022-09-30T00:00:00",
      "quarter_label": "2022-09 (Q3)",
      "revenue": 235000000,
      "gross_profit": null,
      "operating_income": 121000000,
      "net_income": 113000000,
      "opex": null,
      "cogs": null,
      "rd": null,
      "sga": null,
      "fcf": 77000000,
      "ocf": 195000000,
      "capex": -118000000,
      "gross_margin": null,
      "op_margin": 0.5148936170212766,
      "fcf_margin": 0.3276595744680851,
      "incr_op_margin_yoy": 0.6521739130434783,
      "rev_growth_yoy": 0.10849056603773585,
      "rev_growth_yoy_accel": 0.017144412191582012,
      "fcf_margin_change": -0.15692192332927174
    },
    {
      "date": "2022-12-31T00:00:00",
      "quarter_label": "2022-12 (Q4)",
      "revenue": 243000000,
      "gross_profit": null,
      "operating_income": 116000000,
      "net_income": 85000000,
      "opex": null,
      "cogs": null,
      "rd": null,
      "sga": null,
      "fcf": -14000000,
      "ocf": 151000000,
      "capex": -165000000,
      "gross_margin": null,
      "op_margin": 0.4773662551440329,
      "fcf_margin": -0.05761316872427984,
      "incr_op_margin_yoy": 0.3,
      "rev_growth_yoy": 0.08968609865470852,
      "rev_growth_yoy_accel": -0.018804467383027337,
      "fcf_margin_change": -0.38527274319236493
    },
    {
      "date": "2023-03-31T00:00:00",
      "quarter_label": "2023-03 (Q1)",
      "revenue": 220000000,
      "gross_profit": null,
      "operating_income": 110000000,
      "net_income": 81000000,
      "opex": null,
      "cogs": null,
      "rd": null,
      "sga": null,
      "fcf": 16000000,
      "ocf": 244000000,
      "capex": -228000000,
      "gross_margin": null,
      "op_margin": 0.5,
      "fcf_margin": 0.07272727272727272,
      "incr_op_margin_yoy": 1.2,
      "rev_growth_yoy": 0.023255813953488372,
      "rev_growth_yoy_accel": -0.06643028470122014,
      "fcf_margin_change": 0.13034044145155255
    },
    {
      "date": "2023-06-30T00:00:00",
      "quarter_label": "2023-06 (Q2)",
      "revenue": 224000000,
      "gross_profit": null,
      "operating_income": 117000000,
      "net_income": 91000000,
      "opex": null,
      "cogs": null,
      "rd": null,
      "sga": null,
      "fcf": -48000000,
      "ocf": 145000000,
      "capex": -193000000,
      "gross_margin": null,
      "op_margin": 0.5223214285714286,
      "fcf_margin": -0.21428571428571427,
      "incr_op_margin_yoy": 6.666666666666667,
      "rev_growth_yoy": -0.013215859030837005,
      "rev_growth_yoy_accel": -0.036471672984325375,
      "fcf_margin_change": -0.287012987012987
    },
    {
      "date": "2023-09-30T00:00:00",
      "quarter_label": "2023-09 (Q3)",
      "revenue": 234000000,
      "gross_profit": null,
      "operating_income": 124000000,
      "net_income": 91000000,
      "opex": null,
      "cogs": null,
      "rd": null,
      "sga": null,
      "fcf": 24000000,
      "ocf": 225000000,
      "capex": -201000000,
      "gross_margin": null,
      "op_margin": 0.5299145299145299,
      "fcf_margin": 0.10256410256410256,
      "rev_growth_yoy": -0.00425531914893617,
      "rev_growth_yoy_accel": 0.008960539881900834,
      "fcf_margin_change": 0.31684981684981683
    },
    {
      "date": "2023-12-31T00:00:00",
      "quarter_label": "2023-12 (Q4)",
      "revenue": 244000000,
      "gross_profit": null,
      "operating_income": 120000000,
      "net_income": 121000000,
      "opex": null,
      "cogs": null,
      "rd": null,
      "sga": null,
      "fcf": 34000000,
      "ocf": 184000000,
      "capex": -150000000,
      "gross_margin": null,
      "op_margin": 0.4918032786885246,
      "fcf_margin": 0.13934426229508196,
      "rev_growth_yoy": 0.00411522633744856,
      "rev_growth_yoy_accel": 0.008370545486384731,
      "fcf_margin_change": 0.036780159730979395
    },
    {
      "date": "2024-03-31T00:00:00",
      "quarter_label": "2024-03 (Q1)",
      "revenue": 240000000,
      "gross_profit": null,
      "operating_income": 124000000,
      "net_income": 97000000,
      "opex": null,
      "cogs": null,
      "rd": null,
      "sga": null,
      "fcf": 143000000,
      "ocf": 241000000,
      "capex": -98000000,
      "gross_margin": null,
      "op_margin": 0.5166666666666667,
      "fcf_margin": 0.5958333333333333,
      "incr_op_margin_yoy": 0.7,
      "rev_growth_yoy": 0.09090909090909091,
      "rev_growth_yoy_accel": 0.08679386457164236,
      "fcf_margin_change": 0.45648907103825137
    },
    {
      "date": "2024-06-30T00:00:00",
      "quarter_label": "2024-06 (Q2)",
      "revenue": 244000000,
      "gross_profit": null,
      "operating_income": 130000000,
      "net_income": 96000000,
      "opex": null,
      "cogs": null,
      "rd": null,
      "sga": null,
      "fcf": 84000000,
      "ocf": 165000000,
      "capex": -81000000,
      "gross_margin": null,
      "op_margin": 0.5327868852459017,
      "fcf_margin": 0.3442622950819672,
      "incr_op_margin_yoy": 0.65,
      "rev_growth_yoy": 0.08928571428571429,
      "rev_growth_yoy_accel": -0.001623376623376624,
      "fcf_margin_change": -0.2515710382513661
    },
    {
      "date": "2024-09-30T00:00:00",
      "quarter_label": "2024-09 (Q3)",
      "revenue": 248000000,
      "gross_profit": null,
      "operating_income": 122000000,
      "net_income": 88000000,
      "opex": null,
      "cogs": null,
      "rd": null,
      "sga": null,
      "fcf": 124000000,
      "ocf": 205000000,
      "capex": -81000000,
      "gross_margin": null,
      "op_margin": 0.49193548387096775,
      "fcf_margin": 0.5,
      "incr_op_margin_yoy": -0.14285714285714285,
      "rev_growth_yoy": 0.05982905982905983,
      "rev_growth_yoy_accel": -0.029456654456654456,
      "fcf_margin_change": 0.1557377049180328
    },
    {
      "date": "2024-12-31T00:00:00",
      "quarter_label": "2024-12 (Q4)",
      "revenue": 249000000,
      "gross_profit": null,
      "operating_income": 113000000,
      "net_income": 73000000,
      "opex": null,
      "cogs": null,
      "rd": null,
      "sga": null,
      "fcf": 62000000,
      "ocf": 152000000,
      "capex": -90000000,
      "gross_margin": null,
      "op_margin": 0.4538152610441767,
      "fcf_margin": 0.24899598393574296,
      "incr_op_margin_yoy": -1.4,
      "rev_growth_yoy": 0.020491803278688523,
      "rev_growth_yoy_accel": -0.039337256550371305,
      "fcf_margin_change": -0.25100401606425704
    },
    {
      "date": "2025-03-31T00:00:00",
      "quarter_label": "2025-03 (Q1)",
      "revenue": 303000000,
      "gross_profit": null,
      "operating_income": 148000000,
      "net_income": 108000000,
      "opex": null,
      "cogs": null,
      "rd": null,
      "sga": null,
      "fcf": 176000000,
      "ocf": 247000000,
      "capex": -71000000,
      "gross_margin": null,
      "op_margin": 0.4884488448844885,
      "fcf_margin": 0.5808580858085809,
      "incr_op_margin_yoy": 0.38095238095238093,
      "rev_growth_yoy": 0.2625,
      "rev_growth_yoy_accel": 0.2420081967213115,
      "fcf_margin_change": 0.33186210187283793
    },
    {
      "date": "2025-06-30T00:00:00",
      "quarter_label": "2025-06 (Q2)",
      "revenue": 309000000,
      "gross_profit": null,
      "operating_income": 155000000,
      "net_income": 107000000,
      "opex": null,
      "cogs": null,
      "rd": null,
      "sga": null,
      "fcf": 104000000,
      "ocf": 185000000,
      "capex": -81000000,
      "gross_margin": null,
      "op_margin": 0.5016181229773463,
      "fcf_margin": 0.3365695792880259,
      "incr_op_margin_yoy": 0.38461538461538464,
      "rev_growth_yoy": 0.26639344262295084,
      "rev_growth_yoy_accel": 0.0038934426229508268,
      "fcf_margin_change": -0.244288506520555
    },
    {
      "date": "2025-09-30T00:00:00",
      "quarter_label": "2025-09 (Q3)",
      "revenue": 314000000,
      "gross_profit": null,
      "operating_income": 155000000,
      "net_income": 115000000,
      "opex": null,
      "cogs": null,
      "rd": null,
      "sga": null,
      "fcf": 131000000,
      "ocf": 274000000,
      "capex": -143000000,
      "gross_margin": null,
      "op_margin": 0.49363057324840764,
      "fcf_margin": 0.4171974522292994,
      "incr_op_margin_yoy": 0.5,
      "rev_growth_yoy": 0.2661290322580645,
      "rev_growth_yoy_accel": -0.00026441036488633607,
      "fcf_margin_change": 0.08062787294127349
    }
  ],
  "signals": [
    {
      "quarter": "2025-09 (Q3)",
      "signal": "FCF MARGIN EXPANSION",
      "detail": "FCF margin: +33.7% -> +41.7% (+8.1%)",
      "severity": "MEDIUM"
    },
    {
      "quarter": "2025-03 (Q1)",
      "signal": "FCF MARGIN EXPANSION",
      "detail": "FCF margin: +24.9% -> +58.1% (+33.2%)",
      "severity": "MEDIUM"
    },
    {
      "quarter": "2025-03 (Q1)",
      "signal": "YoY REVENUE GROWTH ACCELERATION",
      "detail": "YoY growth: +26.2% vs prior quarter YoY: +2.0% (accel: +24.2%)",
      "severity": "HIGH"
    },
    {
      "quarter": "2024-09 (Q3)",
      "signal": "FCF MARGIN EXPANSION",
      "detail": "FCF margin: +34.4% -> +50.0% (+15.6%)",
      "severity": "MEDIUM"
    },
    {
      "quarter": "2024-06 (Q2)",
      "signal": "INCREMENTAL MARGIN (YoY)",
      "detail": "YoY Incr OPM: +65.0% vs year-ago OPM: +52.2%",
      "severity": "MEDIUM"
    },
    {
      "quarter": "2024-03 (Q1)",
      "signal": "FCF MARGIN EXPANSION",
      "detail": "FCF margin: +13.9% -> +59.6% (+45.6%)",
      "severity": "MEDIUM"
    },
    {
      "quarter": "2024-03 (Q1)",
      "signal": "YoY REVENUE GROWTH ACCELERATION",
      "detail": "YoY growth: +9.1% vs prior quarter YoY: +0.4% (accel: +8.7%)",
      "severity": "MEDIUM"
    },
    {
      "quarter": "2024-03 (Q1)",
      "signal": "INCREMENTAL MARGIN (YoY)",
      "detail": "YoY Incr OPM: +70.0% vs year-ago OPM: +50.0%",
      "severity": "MEDIUM"
    },
    {
      "quarter": "2023-09 (Q3)",
      "signal": "FCF TURNED POSITIVE",
      "detail": "FCF margin: -21.4% -> +10.3%",
      "severity": "HIGH"
    },
    {
      "quarter": "2023-06 (Q2)",
      "signal": "INCREMENTAL MARGIN (YoY)",
      "detail": "YoY Incr OPM: +666.7% vs year-ago OPM: +60.4%",
      "severity": "HIGH"
    },
    {
      "quarter": "2023-03 (Q1)",
      "signal": "FCF TURNED POSITIVE",
      "detail": "FCF margin: -5.8% -> +7.3%",
      "severity": "HIGH"
    },
    {
      "quarter": "2023-03 (Q1)",
      "signal": "YoY REVENUE GROWTH DECELERATION",
      "detail": "YoY growth: +2.3% vs prior quarter YoY: +9.0% (decel: -6.6%)",
      "severity": "WARNING"
    },
    {
      "quarter": "2023-03 (Q1)",
      "signal": "INCREMENTAL MARGIN (YoY)",
      "detail": "YoY Incr OPM: +120.0% vs year-ago OPM: +48.4%",
      "severity": "HIGH"
    },
    {
      "quarter": "2022-09 (Q3)",
      "signal": "INCREMENTAL MARGIN (YoY)",
      "detail": "YoY Incr OPM: +65.2% vs year-ago OPM: +50.0%",
      "severity": "MEDIUM"
    },
    {
      "quarter": "2022-06 (Q2)",
      "signal": "INCREMENTAL MARGIN (YoY)",
      "detail": "YoY Incr OPM: +268.4% vs year-ago OPM: +41.3%",
      "severity": "HIGH"
    },
    {
      "quarter": "2022-03 (Q1)",
      "signal": "FCF MARGIN EXPANSION",
      "detail": "FCF margin: +28.7% -> +99.5% (+70.8%)",
      "severity": "MEDIUM"
    },
    {
      "quarter": "2021-12 (Q4)",
      "signal": "INCREMENTAL MARGIN (YoY)",
      "detail": "YoY Incr OPM: +106.7% vs year-ago OPM: +45.2%",
      "severity": "HIGH"
    },
    {
      "quarter": "2021-03 (Q1)",
      "signal": "FCF MARGIN EXPANSION",
      "detail": "FCF margin: +31.2% -> +69.0% (+37.8%)",
      "severity": "MEDIUM"
    }
  ],
  "data_quality": {
    "n_quarters": 20,
    "coverage": {
      "revenue": [
        20,
        20
      ],
      "gross_profit": [
        0,
        20
      ],
      "op_income": [
        20,
        20
      ],
      "fcf": [
        20,
        20
      ]
    },
    "gaps": [],
    "warnings": [
      "gross_profit: no data"
    ]
  },
  "market_cap": null,
  "source": "SEC EDGAR",
  "last_updated": "2026-02-02T20:32:04.662628"
}