{
  "ticker": "DUK-PA",
  "name": "DUKE ENERGY CORPORATION",
  "quarters": [
    {
      "date": "2020-12-31T00:00:00",
      "quarter_label": "2020-12 (Q4)",
      "revenue": 5663000000,
      "gross_profit": null,
      "operating_income": 74000000,
      "net_income": -63000000,
      "opex": 5703000000,
      "cogs": null,
      "rd": null,
      "sga": null,
      "fcf": -409000000,
      "ocf": 2090000000,
      "capex": -2499000000,
      "gross_margin": null,
      "op_margin": 0.013067278827476603,
      "fcf_margin": -0.07222320324916122
    },
    {
      "date": "2021-03-31T00:00:00",
      "quarter_label": "2021-03 (Q1)",
      "revenue": 6094000000,
      "gross_profit": null,
      "operating_income": 1450000000,
      "net_income": 992000000,
      "opex": 4700000000,
      "cogs": null,
      "rd": null,
      "sga": null,
      "fcf": -127000000,
      "ocf": 2088000000,
      "capex": -2215000000,
      "gross_margin": null,
      "op_margin": 0.23793895635050868,
      "fcf_margin": -0.020840170659665244,
      "op_leverage_ratio": Infinity,
      "fcf_margin_change": 0.051383032589495975
    },
    {
      "date": "2021-06-30T00:00:00",
      "quarter_label": "2021-06 (Q2)",
      "revenue": 5667000000,
      "gross_profit": null,
      "operating_income": 1169000000,
      "net_income": 765000000,
      "opex": 4591000000,
      "cogs": null,
      "rd": null,
      "sga": null,
      "fcf": -636000000,
      "ocf": 1785000000,
      "capex": -2421000000,
      "gross_margin": null,
      "op_margin": 0.20628198341274043,
      "fcf_margin": -0.11222869242985707,
      "fcf_margin_change": -0.09138852177019183
    },
    {
      "date": "2021-09-30T00:00:00",
      "quarter_label": "2021-09 (Q3)",
      "revenue": 6894000000,
      "gross_profit": null,
      "operating_income": 1687000000,
      "net_income": 1405000000,
      "opex": 5273000000,
      "cogs": null,
      "rd": null,
      "sga": null,
      "fcf": 901000000,
      "ocf": 3354000000,
      "capex": -2453000000,
      "gross_margin": null,
      "op_margin": 0.24470554105018857,
      "fcf_margin": 0.13069335654192052,
      "op_leverage_ratio": 1.4575191454151135,
      "fcf_margin_change": 0.2429220489717776
    },
    {
      "date": "2021-12-31T00:00:00",
      "quarter_label": "2021-12 (Q4)",
      "revenue": 6048000000,
      "gross_profit": null,
      "operating_income": 1110000000,
      "net_income": 746000000,
      "opex": 5173000000,
      "cogs": null,
      "rd": null,
      "sga": null,
      "fcf": -1563000000,
      "ocf": 1063000000,
      "capex": -2626000000,
      "gross_margin": null,
      "op_margin": 0.18353174603174602,
      "fcf_margin": -0.2584325396825397,
      "incr_op_margin_yoy": 2.690909090909091,
      "rev_growth_yoy": 0.06798516687268233,
      "fcf_margin_change": -0.38912589622446025
    },
    {
      "date": "2022-03-31T00:00:00",
      "quarter_label": "2022-03 (Q1)",
      "revenue": 7042000000,
      "gross_profit": null,
      "operating_income": 1279000000,
      "net_income": 857000000,
      "opex": 5855000000,
      "cogs": null,
      "rd": null,
      "sga": null,
      "fcf": -756000000,
      "ocf": 1795000000,
      "capex": -2551000000,
      "gross_margin": null,
      "op_margin": 0.1816245384833854,
      "fcf_margin": -0.1073558648111332,
      "incr_op_margin_yoy": -0.18037974683544303,
      "rev_growth_yoy": 0.15556284870364293,
      "rev_growth_yoy_accel": 0.0875776818309606,
      "op_leverage_ratio": 1.2466160258498968,
      "fcf_margin_change": 0.15107667487140652
    },
    {
      "date": "2022-06-30T00:00:00",
      "quarter_label": "2022-06 (Q2)",
      "revenue": 6606000000,
      "gross_profit": null,
      "operating_income": 1413000000,
      "net_income": 907000000,
      "opex": 5280000000,
      "cogs": null,
      "rd": null,
      "sga": null,
      "fcf": -326000000,
      "ocf": 2240000000,
      "capex": -2566000000,
      "gross_margin": null,
      "op_margin": 0.21389645776566757,
      "fcf_margin": -0.049349076597033,
      "incr_op_margin_yoy": 0.2598509052183174,
      "rev_growth_yoy": 0.1656961355214399,
      "rev_growth_yoy_accel": 0.010133286817796988,
      "fcf_margin_change": 0.0580067882141002
    },
    {
      "date": "2022-09-30T00:00:00",
      "quarter_label": "2022-09 (Q3)",
      "revenue": 7942000000,
      "gross_profit": null,
      "operating_income": 2024000000,
      "net_income": 1422000000,
      "opex": 5950000000,
      "cogs": null,
      "rd": null,
      "sga": null,
      "fcf": -1878000000,
      "ocf": 1153000000,
      "capex": -3031000000,
      "gross_margin": null,
      "op_margin": 0.2548476454293629,
      "fcf_margin": -0.23646436665827247,
      "incr_op_margin_yoy": 0.32156488549618323,
      "rev_growth_yoy": 0.1520162460110241,
      "rev_growth_yoy_accel": -0.013679889510415821,
      "op_leverage_ratio": 1.5937749942386161,
      "fcf_margin_change": -0.18711529006123948
    },
    {
      "date": "2022-12-31T00:00:00",
      "quarter_label": "2022-12 (Q4)",
      "revenue": 7085000000,
      "gross_profit": null,
      "operating_income": 1194000000,
      "net_income": -636000000,
      "opex": 5693000000,
      "cogs": null,
      "rd": null,
      "sga": null,
      "fcf": -2480000000,
      "ocf": 739000000,
      "capex": -3219000000,
      "gross_margin": null,
      "op_margin": 0.16852505292872266,
      "fcf_margin": -0.35003528581510235,
      "incr_op_margin_yoy": 0.08100289296046287,
      "rev_growth_yoy": 0.1714616402116402,
      "rev_growth_yoy_accel": 0.019445394200616112,
      "fcf_margin_change": -0.11357091915682987
    },
    {
      "date": "2023-03-31T00:00:00",
      "quarter_label": "2023-03 (Q1)",
      "revenue": 7101000000,
      "gross_profit": null,
      "operating_income": 1674000000,
      "net_income": 804000000,
      "opex": 5609000000,
      "cogs": null,
      "rd": null,
      "sga": null,
      "fcf": -1663000000,
      "ocf": 1483000000,
      "capex": -3146000000,
      "gross_margin": null,
      "op_margin": 0.23574144486692014,
      "fcf_margin": -0.23419236727221518,
      "incr_op_margin_yoy": 6.694915254237288,
      "rev_growth_yoy": 0.008378301618858278,
      "rev_growth_yoy_accel": -0.16308333859278193,
      "fcf_margin_change": 0.11584291854288717
    },
    {
      "date": "2023-06-30T00:00:00",
      "quarter_label": "2023-06 (Q2)",
      "revenue": 6473000000,
      "gross_profit": null,
      "operating_income": 1430000000,
      "net_income": -220000000,
      "opex": 5179000000,
      "cogs": null,
      "rd": null,
      "sga": null,
      "fcf": -817000000,
      "ocf": 2302000000,
      "capex": -3119000000,
      "gross_margin": null,
      "op_margin": 0.22091765796384985,
      "fcf_margin": -0.1262165919975282,
      "incr_op_margin_yoy": -0.12781954887218044,
      "rev_growth_yoy": -0.020133212231304876,
      "rev_growth_yoy_accel": -0.028511513850163154,
      "fcf_margin_change": 0.10797577527468699
    },
    {
      "date": "2023-09-30T00:00:00",
      "quarter_label": "2023-09 (Q3)",
      "revenue": 7977000000,
      "gross_profit": null,
      "operating_income": 2111000000,
      "net_income": 1252000000,
      "opex": 5891000000,
      "cogs": null,
      "rd": null,
      "sga": null,
      "fcf": 479000000,
      "ocf": 3524000000,
      "capex": -3045000000,
      "gross_margin": null,
      "op_margin": 0.2646358280055159,
      "fcf_margin": 0.06004763695624921,
      "incr_op_margin_yoy": 2.4857142857142858,
      "rev_growth_yoy": 0.004406950390329891,
      "rev_growth_yoy_accel": 0.02454016262163477,
      "op_leverage_ratio": 1.690083440809447,
      "fcf_margin_change": 0.1862642289537774
    },
    {
      "date": "2023-12-31T00:00:00",
      "quarter_label": "2023-12 (Q4)",
      "revenue": 7123000000,
      "gross_profit": null,
      "operating_income": 1855000000,
      "net_income": 1005000000,
      "opex": 5363000000,
      "cogs": null,
      "rd": null,
      "sga": null,
      "fcf": -725000000,
      "ocf": 2569000000,
      "capex": -3294000000,
      "gross_margin": null,
      "op_margin": 0.2604239786606767,
      "fcf_margin": -0.10178295661940194,
      "incr_op_margin_yoy": 17.394736842105264,
      "rev_growth_yoy": 0.005363443895553988,
      "rev_growth_yoy_accel": 0.0009564935052240962,
      "fcf_margin_change": -0.16183059357565116
    },
    {
      "date": "2024-03-31T00:00:00",
      "quarter_label": "2024-03 (Q1)",
      "revenue": 7532000000,
      "gross_profit": null,
      "operating_income": 1963000000,
      "net_income": 1138000000,
      "opex": 5720000000,
      "cogs": null,
      "rd": null,
      "sga": null,
      "fcf": -734000000,
      "ocf": 2474000000,
      "capex": -3208000000,
      "gross_margin": null,
      "op_margin": 0.2606213489113117,
      "fcf_margin": -0.09745087626128518,
      "incr_op_margin_yoy": 0.6705336426914154,
      "rev_growth_yoy": 0.060695676665258415,
      "rev_growth_yoy_accel": 0.05533223276970443,
      "op_leverage_ratio": 0.8625811127483424,
      "fcf_margin_change": 0.0043320803581167605
    },
    {
      "date": "2024-06-30T00:00:00",
      "quarter_label": "2024-06 (Q2)",
      "revenue": 7151000000,
      "gross_profit": null,
      "operating_income": 1707000000,
      "net_income": 900000000,
      "opex": 5471000000,
      "cogs": null,
      "rd": null,
      "sga": null,
      "fcf": -43000000,
      "ocf": 2953000000,
      "capex": -2996000000,
      "gross_margin": null,
      "op_margin": 0.23870787302475177,
      "fcf_margin": -0.006013145014683261,
      "incr_op_margin_yoy": 0.4085545722713864,
      "rev_growth_yoy": 0.10474277769195119,
      "rev_growth_yoy_accel": 0.04404710102669277,
      "fcf_margin_change": 0.09143773124660191
    },
    {
      "date": "2024-09-30T00:00:00",
      "quarter_label": "2024-09 (Q3)",
      "revenue": 8127000000,
      "gross_profit": null,
      "operating_income": 2144000000,
      "net_income": 1281000000,
      "opex": 6017000000,
      "cogs": null,
      "rd": null,
      "sga": null,
      "fcf": 537000000,
      "ocf": 3524000000,
      "capex": -2987000000,
      "gross_margin": null,
      "op_margin": 0.2638119847422173,
      "fcf_margin": 0.06607604282022887,
      "incr_op_margin_yoy": 0.22,
      "rev_growth_yoy": 0.018804061677322303,
      "rev_growth_yoy_accel": -0.08593871601462888,
      "op_leverage_ratio": 1.367593763622291,
      "fcf_margin_change": 0.07208918783491214
    },
    {
      "date": "2024-12-31T00:00:00",
      "quarter_label": "2024-12 (Q4)",
      "revenue": 7240000000,
      "gross_profit": null,
      "operating_income": 2112000000,
      "net_income": 1205000000,
      "opex": 5249000000,
      "cogs": null,
      "rd": null,
      "sga": null,
      "fcf": 288000000,
      "ocf": 3377000000,
      "capex": -3089000000,
      "gross_margin": null,
      "op_margin": 0.29171270718232045,
      "fcf_margin": 0.039779005524861875,
      "incr_op_margin_yoy": 2.1965811965811968,
      "rev_growth_yoy": 0.016425663344096588,
      "rev_growth_yoy_accel": -0.0023783983332257147,
      "fcf_margin_change": -0.026297037295366997
    },
    {
      "date": "2025-03-31T00:00:00",
      "quarter_label": "2025-03 (Q1)",
      "revenue": 8218000000,
      "gross_profit": null,
      "operating_income": 2343000000,
      "net_income": 1379000000,
      "opex": 5912000000,
      "cogs": null,
      "rd": null,
      "sga": null,
      "fcf": -971000000,
      "ocf": 2177000000,
      "capex": -3148000000,
      "gross_margin": null,
      "op_margin": 0.28510586517400827,
      "fcf_margin": -0.1181552689218788,
      "incr_op_margin_yoy": 0.5539358600583091,
      "rev_growth_yoy": 0.09107806691449814,
      "rev_growth_yoy_accel": 0.07465240357040155,
      "op_leverage_ratio": 1.0694570135746608,
      "fcf_margin_change": -0.15793427444674069
    },
    {
      "date": "2025-06-30T00:00:00",
      "quarter_label": "2025-06 (Q2)",
      "revenue": 7373000000,
      "gross_profit": null,
      "operating_income": 1830000000,
      "net_income": 984000000,
      "opex": 5692000000,
      "cogs": null,
      "rd": null,
      "sga": null,
      "fcf": -417000000,
      "ocf": 2863000000,
      "capex": -3280000000,
      "gross_margin": null,
      "op_margin": 0.24820290248202903,
      "fcf_margin": -0.0565577105655771,
      "incr_op_margin_yoy": 0.5540540540540541,
      "rev_growth_yoy": 0.031044609145574047,
      "rev_growth_yoy_accel": -0.060033457768924096,
      "fcf_margin_change": 0.0615975583563017
    },
    {
      "date": "2025-09-30T00:00:00",
      "quarter_label": "2025-09 (Q3)",
      "revenue": 8377000000,
      "gross_profit": null,
      "operating_income": 2334000000,
      "net_income": 1421000000,
      "opex": 6225000000,
      "cogs": null,
      "rd": null,
      "sga": null,
      "fcf": 179000000,
      "ocf": 3632000000,
      "capex": -3453000000,
      "gross_margin": null,
      "op_margin": 0.2786200310373642,
      "fcf_margin": 0.02136803151486212,
      "incr_op_margin_yoy": 0.76,
      "rev_growth_yoy": 0.03076165866863541,
      "rev_growth_yoy_accel": -0.000282950476938635,
      "op_leverage_ratio": 1.4542101155552343,
      "fcf_margin_change": 0.07792574208043923
    }
  ],
  "signals": [
    {
      "quarter": "2025-09 (Q3)",
      "signal": "FCF TURNED POSITIVE",
      "detail": "FCF margin: -5.7% -> +2.1%",
      "severity": "HIGH"
    },
    {
      "quarter": "2025-09 (Q3)",
      "signal": "INCREMENTAL MARGIN (YoY)",
      "detail": "YoY Incr OPM: +76.0% vs year-ago OPM: +26.4%",
      "severity": "HIGH"
    },
    {
      "quarter": "2025-06 (Q2)",
      "signal": "FCF MARGIN EXPANSION",
      "detail": "FCF margin: -11.8% -> -5.7% (+6.2%)",
      "severity": "MEDIUM"
    },
    {
      "quarter": "2025-06 (Q2)",
      "signal": "YoY REVENUE GROWTH DECELERATION",
      "detail": "YoY growth: +3.1% vs prior quarter YoY: +9.1% (decel: -6.0%)",
      "severity": "WARNING"
    },
    {
      "quarter": "2025-06 (Q2)",
      "signal": "INCREMENTAL MARGIN (YoY)",
      "detail": "YoY Incr OPM: +55.4% vs year-ago OPM: +23.9%",
      "severity": "HIGH"
    },
    {
      "quarter": "2025-03 (Q1)",
      "signal": "YoY REVENUE GROWTH ACCELERATION",
      "detail": "YoY growth: +9.1% vs prior quarter YoY: +1.6% (accel: +7.5%)",
      "severity": "MEDIUM"
    },
    {
      "quarter": "2025-03 (Q1)",
      "signal": "INCREMENTAL MARGIN (YoY)",
      "detail": "YoY Incr OPM: +55.4% vs year-ago OPM: +26.1%",
      "severity": "HIGH"
    },
    {
      "quarter": "2024-12 (Q4)",
      "signal": "INCREMENTAL MARGIN (YoY)",
      "detail": "YoY Incr OPM: +219.7% vs year-ago OPM: +26.0%",
      "severity": "HIGH"
    },
    {
      "quarter": "2024-09 (Q3)",
      "signal": "FCF TURNED POSITIVE",
      "detail": "FCF margin: -0.6% -> +6.6%",
      "severity": "HIGH"
    },
    {
      "quarter": "2024-09 (Q3)",
      "signal": "YoY REVENUE GROWTH DECELERATION",
      "detail": "YoY growth: +1.9% vs prior quarter YoY: +10.5% (decel: -8.6%)",
      "severity": "WARNING"
    },
    {
      "quarter": "2024-06 (Q2)",
      "signal": "FCF MARGIN EXPANSION",
      "detail": "FCF margin: -9.7% -> -0.6% (+9.1%)",
      "severity": "MEDIUM"
    },
    {
      "quarter": "2024-06 (Q2)",
      "signal": "INCREMENTAL MARGIN (YoY)",
      "detail": "YoY Incr OPM: +40.9% vs year-ago OPM: +22.1%",
      "severity": "MEDIUM"
    },
    {
      "quarter": "2024-03 (Q1)",
      "signal": "YoY REVENUE GROWTH ACCELERATION",
      "detail": "YoY growth: +6.1% vs prior quarter YoY: +0.5% (accel: +5.5%)",
      "severity": "MEDIUM"
    },
    {
      "quarter": "2024-03 (Q1)",
      "signal": "INCREMENTAL MARGIN (YoY)",
      "detail": "YoY Incr OPM: +67.1% vs year-ago OPM: +23.6%",
      "severity": "HIGH"
    },
    {
      "quarter": "2023-12 (Q4)",
      "signal": "INCREMENTAL MARGIN (YoY)",
      "detail": "YoY Incr OPM: +1739.5% vs year-ago OPM: +16.9%",
      "severity": "HIGH"
    },
    {
      "quarter": "2023-09 (Q3)",
      "signal": "FCF TURNED POSITIVE",
      "detail": "FCF margin: -12.6% -> +6.0%",
      "severity": "HIGH"
    },
    {
      "quarter": "2023-09 (Q3)",
      "signal": "OPERATING LEVERAGE",
      "detail": "Rev growth +23.2% vs OpEx growth +13.7% (leverage: 1.7x)",
      "severity": "MEDIUM"
    },
    {
      "quarter": "2023-09 (Q3)",
      "signal": "INCREMENTAL MARGIN (YoY)",
      "detail": "YoY Incr OPM: +248.6% vs year-ago OPM: +25.5%",
      "severity": "HIGH"
    },
    {
      "quarter": "2023-06 (Q2)",
      "signal": "FCF MARGIN EXPANSION",
      "detail": "FCF margin: -23.4% -> -12.6% (+10.8%)",
      "severity": "MEDIUM"
    },
    {
      "quarter": "2023-03 (Q1)",
      "signal": "FCF MARGIN EXPANSION",
      "detail": "FCF margin: -35.0% -> -23.4% (+11.6%)",
      "severity": "MEDIUM"
    },
    {
      "quarter": "2023-03 (Q1)",
      "signal": "YoY REVENUE GROWTH DECELERATION",
      "detail": "YoY growth: +0.8% vs prior quarter YoY: +17.1% (decel: -16.3%)",
      "severity": "WARNING"
    },
    {
      "quarter": "2023-03 (Q1)",
      "signal": "INCREMENTAL MARGIN (YoY)",
      "detail": "YoY Incr OPM: +669.5% vs year-ago OPM: +18.2%",
      "severity": "HIGH"
    },
    {
      "quarter": "2022-09 (Q3)",
      "signal": "OPERATING LEVERAGE",
      "detail": "Rev growth +20.2% vs OpEx growth +12.7% (leverage: 1.6x)",
      "severity": "MEDIUM"
    },
    {
      "quarter": "2022-06 (Q2)",
      "signal": "FCF MARGIN EXPANSION",
      "detail": "FCF margin: -10.7% -> -4.9% (+5.8%)",
      "severity": "MEDIUM"
    },
    {
      "quarter": "2022-03 (Q1)",
      "signal": "FCF MARGIN EXPANSION",
      "detail": "FCF margin: -25.8% -> -10.7% (+15.1%)",
      "severity": "MEDIUM"
    },
    {
      "quarter": "2022-03 (Q1)",
      "signal": "YoY REVENUE GROWTH ACCELERATION",
      "detail": "YoY growth: +15.6% vs prior quarter YoY: +6.8% (accel: +8.8%)",
      "severity": "MEDIUM"
    },
    {
      "quarter": "2021-12 (Q4)",
      "signal": "INCREMENTAL MARGIN (YoY)",
      "detail": "YoY Incr OPM: +269.1% vs year-ago OPM: +1.3%",
      "severity": "HIGH"
    },
    {
      "quarter": "2021-09 (Q3)",
      "signal": "FCF TURNED POSITIVE",
      "detail": "FCF margin: -11.2% -> +13.1%",
      "severity": "HIGH"
    },
    {
      "quarter": "2021-03 (Q1)",
      "signal": "FCF MARGIN EXPANSION",
      "detail": "FCF margin: -7.2% -> -2.1% (+5.1%)",
      "severity": "MEDIUM"
    }
  ],
  "data_quality": {
    "n_quarters": 20,
    "coverage": {
      "revenue": [
        20,
        20
      ],
      "gross_profit": [
        0,
        20
      ],
      "op_income": [
        20,
        20
      ],
      "fcf": [
        20,
        20
      ]
    },
    "gaps": [],
    "warnings": [
      "gross_profit: no data"
    ]
  },
  "market_cap": null,
  "source": "SEC EDGAR",
  "last_updated": "2026-02-03T00:53:11.560022"
}