{
  "ticker": "DVA",
  "name": "DAVITA INC.",
  "sector": "Healthcare",
  "industry": "Medical Care Facilities",
  "quarters": [
    {
      "date": "2021-03-31T00:00:00",
      "quarter_label": "2021-03 (Q1)",
      "revenue": 2820001000,
      "gross_profit": null,
      "operating_income": 442602000,
      "net_income": 237403000,
      "opex": 2377399000,
      "cogs": null,
      "rd": null,
      "sga": null,
      "fcf": 9391000,
      "ocf": 154304000,
      "capex": -144913000,
      "gross_margin": null,
      "op_margin": 0.15695100817340135,
      "fcf_margin": 0.003330140663070687
    },
    {
      "date": "2021-06-30T00:00:00",
      "quarter_label": "2021-06 (Q2)",
      "revenue": 2916510000,
      "gross_profit": null,
      "operating_income": 490476000,
      "net_income": 293820000,
      "opex": 2426034000,
      "cogs": null,
      "rd": null,
      "sga": null,
      "fcf": 530207000,
      "ocf": 679732000,
      "capex": -149525000,
      "gross_margin": null,
      "op_margin": 0.16817223325138608,
      "fcf_margin": 0.18179502213261742,
      "op_leverage_ratio": 1.6729066547176563,
      "fcf_margin_change": 0.17846488146954673
    },
    {
      "date": "2021-09-30T00:00:00",
      "quarter_label": "2021-09 (Q3)",
      "revenue": 2938319000,
      "gross_profit": null,
      "operating_income": 474877000,
      "net_income": 259754000,
      "opex": 2463442000,
      "cogs": null,
      "rd": null,
      "sga": null,
      "fcf": 409481000,
      "ocf": 566952000,
      "capex": -157471000,
      "gross_margin": null,
      "op_margin": 0.16161519562715962,
      "fcf_margin": 0.1393589327775507,
      "fcf_margin_change": -0.04243608935506671
    },
    {
      "date": "2021-12-31T00:00:00",
      "quarter_label": "2021-12 (Q4)",
      "revenue": 2943967000,
      "gross_profit": null,
      "operating_income": 389415000,
      "net_income": 187473000,
      "opex": 2554552000,
      "cogs": null,
      "rd": null,
      "sga": null,
      "fcf": 340332000,
      "ocf": 529888000,
      "capex": -189556000,
      "gross_margin": null,
      "op_margin": 0.13227559955665263,
      "fcf_margin": 0.11560319799780365,
      "fcf_margin_change": -0.02375573477974706
    },
    {
      "date": "2022-03-31T00:00:00",
      "quarter_label": "2022-03 (Q1)",
      "revenue": 2817555000,
      "gross_profit": null,
      "operating_income": 338308000,
      "net_income": 162122000,
      "opex": 2479247000,
      "cogs": null,
      "rd": null,
      "sga": null,
      "fcf": 199087000,
      "ocf": 322195000,
      "capex": -123108000,
      "gross_margin": null,
      "op_margin": 0.12007148041475676,
      "fcf_margin": 0.07065949023177898,
      "incr_op_margin_yoy": 42.63859362224039,
      "rev_growth_yoy": -0.0008673755789448302,
      "fcf_margin_change": -0.044943707766024674
    },
    {
      "date": "2022-06-30T00:00:00",
      "quarter_label": "2022-06 (Q2)",
      "revenue": 2926757000,
      "gross_profit": null,
      "operating_income": 432715000,
      "net_income": 224809000,
      "opex": 2494042000,
      "cogs": null,
      "rd": null,
      "sga": null,
      "fcf": 45768000,
      "ocf": 188121000,
      "capex": -142353000,
      "gross_margin": null,
      "op_margin": 0.14784794227877476,
      "fcf_margin": 0.015637786123002352,
      "incr_op_margin_yoy": -5.63686932760808,
      "rev_growth_yoy": 0.003513445865092182,
      "rev_growth_yoy_accel": 0.004380821444037012,
      "op_leverage_ratio": 6.494758647904544,
      "fcf_margin_change": -0.055021704108776624
    },
    {
      "date": "2022-09-30T00:00:00",
      "quarter_label": "2022-09 (Q3)",
      "revenue": 2948694000,
      "gross_profit": null,
      "operating_income": 311787000,
      "net_income": 105366000,
      "opex": 2636907000,
      "cogs": null,
      "rd": null,
      "sga": null,
      "fcf": 566602000,
      "ocf": 710532000,
      "capex": -143930000,
      "gross_margin": null,
      "op_margin": 0.10573731964049168,
      "fcf_margin": 0.19215354322964676,
      "incr_op_margin_yoy": -15.719518072289157,
      "rev_growth_yoy": 0.003530930440159833,
      "rev_growth_yoy_accel": 1.7484575067650953e-05,
      "fcf_margin_change": 0.1765157571066444
    },
    {
      "date": "2022-12-31T00:00:00",
      "quarter_label": "2022-12 (Q4)",
      "revenue": 2916888000,
      "gross_profit": null,
      "operating_income": 256252000,
      "net_income": 68103000,
      "opex": 2660636000,
      "cogs": null,
      "rd": null,
      "sga": null,
      "fcf": 149684000,
      "ocf": 343722000,
      "capex": -194038000,
      "gross_margin": null,
      "op_margin": 0.08785116192325519,
      "fcf_margin": 0.051316334394738504,
      "incr_op_margin_yoy": 4.9175745042283685,
      "rev_growth_yoy": -0.009198132995376647,
      "rev_growth_yoy_accel": -0.01272906343553648,
      "fcf_margin_change": -0.14083720883490825
    },
    {
      "date": "2023-03-31T00:00:00",
      "quarter_label": "2023-03 (Q1)",
      "revenue": 2872699000,
      "gross_profit": null,
      "operating_income": 311645000,
      "net_income": 115547000,
      "opex": 2561054000,
      "cogs": null,
      "rd": null,
      "sga": null,
      "fcf": 314852000,
      "ocf": 462557000,
      "capex": -147705000,
      "gross_margin": null,
      "op_margin": 0.10848508667284669,
      "fcf_margin": 0.10960145841941672,
      "incr_op_margin_yoy": -0.4835158856811258,
      "rev_growth_yoy": 0.019571578904404707,
      "rev_growth_yoy_accel": 0.028769711899781353,
      "fcf_margin_change": 0.05828512402467822
    },
    {
      "date": "2023-06-30T00:00:00",
      "quarter_label": "2023-06 (Q2)",
      "revenue": 3000369000,
      "gross_profit": null,
      "operating_income": 405291000,
      "net_income": 178691000,
      "opex": 2595078000,
      "cogs": null,
      "rd": null,
      "sga": null,
      "fcf": 325608000,
      "ocf": 450107000,
      "capex": -124499000,
      "gross_margin": null,
      "op_margin": 0.13508038511263115,
      "fcf_margin": 0.1085226517138392,
      "incr_op_margin_yoy": -0.3725479541379123,
      "rev_growth_yoy": 0.02515138769634787,
      "rev_growth_yoy_accel": 0.005579808791943162,
      "op_leverage_ratio": 3.3452771274534934,
      "fcf_margin_change": -0.0010788067055775286
    },
    {
      "date": "2023-09-30T00:00:00",
      "quarter_label": "2023-09 (Q3)",
      "revenue": 3121332000,
      "gross_profit": null,
      "operating_income": 495939000,
      "net_income": 246632000,
      "opex": 2625393000,
      "cogs": null,
      "rd": null,
      "sga": null,
      "fcf": 524355000,
      "ocf": 661162000,
      "capex": -136807000,
      "gross_margin": null,
      "op_margin": 0.15888697517598255,
      "fcf_margin": 0.16799078085894098,
      "incr_op_margin_yoy": 1.066694470510548,
      "rev_growth_yoy": 0.05854727550569846,
      "rev_growth_yoy_accel": 0.033395887809350586,
      "op_leverage_ratio": 3.451204729527323,
      "fcf_margin_change": 0.059468129145101786
    },
    {
      "date": "2023-12-31T00:00:00",
      "quarter_label": "2023-12 (Q4)",
      "revenue": 3145747000,
      "gross_profit": null,
      "operating_income": 389909000,
      "net_income": 150665000,
      "opex": 2755838000,
      "cogs": null,
      "rd": null,
      "sga": null,
      "fcf": 326231000,
      "ocf": 485205000,
      "capex": -158974000,
      "gross_margin": null,
      "op_margin": 0.12394798437382282,
      "fcf_margin": 0.1037054155976307,
      "incr_op_margin_yoy": 0.5840146116167597,
      "rev_growth_yoy": 0.078459988864845,
      "rev_growth_yoy_accel": 0.019912713359146537,
      "fcf_margin_change": -0.06428536526131028
    },
    {
      "date": "2024-03-31T00:00:00",
      "quarter_label": "2024-03 (Q1)",
      "revenue": 3070555000,
      "gross_profit": null,
      "operating_income": 483845000,
      "net_income": 239649000,
      "opex": 2586710000,
      "cogs": null,
      "rd": null,
      "sga": null,
      "fcf": -255851000,
      "ocf": -134836000,
      "capex": -121015000,
      "gross_margin": null,
      "op_margin": 0.1575757477068478,
      "fcf_margin": -0.08332402448417306,
      "incr_op_margin_yoy": 0.8703299369238234,
      "rev_growth_yoy": 0.06887460189877186,
      "rev_growth_yoy_accel": -0.00958538696607314,
      "fcf_margin_change": -0.18702944008180378
    },
    {
      "date": "2024-06-30T00:00:00",
      "quarter_label": "2024-06 (Q2)",
      "revenue": 3186722000,
      "gross_profit": null,
      "operating_income": 506398000,
      "net_income": 222676000,
      "opex": 2680324000,
      "cogs": null,
      "rd": null,
      "sga": null,
      "fcf": 674121000,
      "ocf": 798846000,
      "capex": -124725000,
      "gross_margin": null,
      "op_margin": 0.15890874698200846,
      "fcf_margin": 0.21154057366786308,
      "incr_op_margin_yoy": 0.5425563312637843,
      "rev_growth_yoy": 0.06211002713332927,
      "rev_growth_yoy_accel": -0.006764574765442587,
      "op_leverage_ratio": 1.0453767397626275,
      "fcf_margin_change": 0.29486459815203614
    },
    {
      "date": "2024-09-30T00:00:00",
      "quarter_label": "2024-09 (Q3)",
      "revenue": 3263590000,
      "gross_profit": null,
      "operating_income": 534878000,
      "net_income": 214688000,
      "opex": 2728712000,
      "cogs": null,
      "rd": null,
      "sga": null,
      "fcf": 671355000,
      "ocf": 810401000,
      "capex": -139046000,
      "gross_margin": null,
      "op_margin": 0.16389252326425807,
      "fcf_margin": 0.20571058251802463,
      "incr_op_margin_yoy": 0.27372098581450605,
      "rev_growth_yoy": 0.04557605535072847,
      "rev_growth_yoy_accel": -0.016533971782600798,
      "op_leverage_ratio": 1.3361371091383603,
      "fcf_margin_change": -0.005829991149838454
    },
    {
      "date": "2024-12-31T00:00:00",
      "quarter_label": "2024-12 (Q4)",
      "revenue": 3294683000,
      "gross_profit": null,
      "operating_income": 565362000,
      "net_income": 259329000,
      "opex": 2729321000,
      "cogs": null,
      "rd": null,
      "sga": null,
      "fcf": 376970000,
      "ocf": 547627000,
      "capex": -170657000,
      "gross_margin": null,
      "op_margin": 0.17159829944185828,
      "fcf_margin": 0.11441768449347024,
      "incr_op_margin_yoy": 1.1780429177633347,
      "rev_growth_yoy": 0.047345193367425924,
      "rev_growth_yoy_accel": 0.0017691380166974524,
      "fcf_margin_change": -0.09129289802455438
    },
    {
      "date": "2025-03-31T00:00:00",
      "quarter_label": "2025-03 (Q1)",
      "revenue": 3223529000,
      "gross_profit": null,
      "operating_income": 438937000,
      "net_income": 162917000,
      "opex": 2784592000,
      "cogs": null,
      "rd": null,
      "sga": null,
      "fcf": 36751000,
      "ocf": 180009000,
      "capex": -143258000,
      "gross_margin": null,
      "op_margin": 0.1361666049847853,
      "fcf_margin": 0.011400859120547698,
      "incr_op_margin_yoy": -0.29356622694052587,
      "rev_growth_yoy": 0.04981965800970834,
      "rev_growth_yoy_accel": 0.0024744646422824174,
      "fcf_margin_change": -0.10301682537292255
    },
    {
      "date": "2025-06-30T00:00:00",
      "quarter_label": "2025-06 (Q2)",
      "revenue": 3379526000,
      "gross_profit": null,
      "operating_income": 537841000,
      "net_income": 199337000,
      "opex": 2841685000,
      "cogs": null,
      "rd": null,
      "sga": null,
      "fcf": 203145000,
      "ocf": 324236000,
      "capex": -121091000,
      "gross_margin": null,
      "op_margin": 0.1591468744433391,
      "fcf_margin": 0.060110500703353074,
      "incr_op_margin_yoy": 0.16308271612622144,
      "rev_growth_yoy": 0.060502296717441936,
      "rev_growth_yoy_accel": 0.010682638707733595,
      "op_leverage_ratio": 2.3602791607060136,
      "fcf_margin_change": 0.04870964158280538
    },
    {
      "date": "2025-09-30T00:00:00",
      "quarter_label": "2025-09 (Q3)",
      "revenue": 3420227000,
      "gross_profit": null,
      "operating_income": 505767000,
      "net_income": 150332000,
      "opex": 2914460000,
      "cogs": null,
      "rd": null,
      "sga": null,
      "fcf": 675444000,
      "ocf": 841529000,
      "capex": -166085000,
      "gross_margin": null,
      "op_margin": 0.14787527260617497,
      "fcf_margin": 0.1974851376823819,
      "incr_op_margin_yoy": -0.18585008650574258,
      "rev_growth_yoy": 0.04799530578289552,
      "rev_growth_yoy_accel": -0.012506990934546415,
      "op_leverage_ratio": 0.47026538046419314,
      "fcf_margin_change": 0.13737463697902882
    },
    {
      "date": "2025-12-31T00:00:00",
      "quarter_label": "2025-12 (Q4)",
      "revenue": 3619787000,
      "gross_profit": null,
      "operating_income": 561070000,
      "net_income": 234217000,
      "opex": 3058717000,
      "cogs": null,
      "rd": null,
      "sga": null,
      "fcf": 395296000,
      "ocf": 540726000,
      "capex": -145430000,
      "gross_margin": null,
      "op_margin": 0.15500083292193712,
      "fcf_margin": 0.10920421560716141,
      "incr_op_margin_yoy": -0.01320192922880063,
      "rev_growth_yoy": 0.09867535055724633,
      "rev_growth_yoy_accel": 0.050680044774350806,
      "op_leverage_ratio": 1.17879902256883,
      "fcf_margin_change": -0.0882809220752205
    }
  ],
  "signals": [
    {
      "quarter": "2025-12 (Q4)",
      "signal": "YoY REVENUE GROWTH ACCELERATION",
      "detail": "YoY growth: +9.9% vs prior quarter YoY: +4.8% (accel: +5.1%)",
      "severity": "MEDIUM"
    },
    {
      "quarter": "2025-09 (Q3)",
      "signal": "FCF MARGIN EXPANSION",
      "detail": "FCF margin: +6.0% -> +19.7% (+13.7%)",
      "severity": "MEDIUM"
    },
    {
      "quarter": "2025-06 (Q2)",
      "signal": "OPERATING LEVERAGE",
      "detail": "Rev growth +4.8% vs OpEx growth +2.1% (leverage: 2.4x)",
      "severity": "MEDIUM"
    },
    {
      "quarter": "2024-12 (Q4)",
      "signal": "INCREMENTAL MARGIN (YoY)",
      "detail": "YoY Incr OPM: +117.8% vs year-ago OPM: +12.4%",
      "severity": "HIGH"
    },
    {
      "quarter": "2024-09 (Q3)",
      "signal": "INCREMENTAL MARGIN (YoY)",
      "detail": "YoY Incr OPM: +27.4% vs year-ago OPM: +15.9%",
      "severity": "MEDIUM"
    },
    {
      "quarter": "2024-06 (Q2)",
      "signal": "FCF TURNED POSITIVE",
      "detail": "FCF margin: -8.3% -> +21.2%",
      "severity": "HIGH"
    },
    {
      "quarter": "2024-06 (Q2)",
      "signal": "INCREMENTAL MARGIN (YoY)",
      "detail": "YoY Incr OPM: +54.3% vs year-ago OPM: +13.5%",
      "severity": "HIGH"
    },
    {
      "quarter": "2024-03 (Q1)",
      "signal": "INCREMENTAL MARGIN (YoY)",
      "detail": "YoY Incr OPM: +87.0% vs year-ago OPM: +10.8%",
      "severity": "HIGH"
    },
    {
      "quarter": "2023-12 (Q4)",
      "signal": "INCREMENTAL MARGIN (YoY)",
      "detail": "YoY Incr OPM: +58.4% vs year-ago OPM: +8.8%",
      "severity": "HIGH"
    },
    {
      "quarter": "2023-09 (Q3)",
      "signal": "FCF MARGIN EXPANSION",
      "detail": "FCF margin: +10.9% -> +16.8% (+5.9%)",
      "severity": "MEDIUM"
    },
    {
      "quarter": "2023-09 (Q3)",
      "signal": "OPERATING LEVERAGE",
      "detail": "Rev growth +4.0% vs OpEx growth +1.2% (leverage: 3.5x)",
      "severity": "MEDIUM"
    },
    {
      "quarter": "2023-09 (Q3)",
      "signal": "INCREMENTAL MARGIN (YoY)",
      "detail": "YoY Incr OPM: +106.7% vs year-ago OPM: +10.6%",
      "severity": "HIGH"
    },
    {
      "quarter": "2023-06 (Q2)",
      "signal": "OPERATING LEVERAGE",
      "detail": "Rev growth +4.4% vs OpEx growth +1.3% (leverage: 3.3x)",
      "severity": "MEDIUM"
    },
    {
      "quarter": "2023-03 (Q1)",
      "signal": "FCF MARGIN EXPANSION",
      "detail": "FCF margin: +5.1% -> +11.0% (+5.8%)",
      "severity": "MEDIUM"
    },
    {
      "quarter": "2022-12 (Q4)",
      "signal": "INCREMENTAL MARGIN (YoY)",
      "detail": "YoY Incr OPM: +491.8% vs year-ago OPM: +13.2%",
      "severity": "HIGH"
    },
    {
      "quarter": "2022-09 (Q3)",
      "signal": "FCF MARGIN EXPANSION",
      "detail": "FCF margin: +1.6% -> +19.2% (+17.7%)",
      "severity": "MEDIUM"
    },
    {
      "quarter": "2022-06 (Q2)",
      "signal": "OPERATING LEVERAGE",
      "detail": "Rev growth +3.9% vs OpEx growth +0.6% (leverage: 6.5x)",
      "severity": "MEDIUM"
    },
    {
      "quarter": "2022-03 (Q1)",
      "signal": "INCREMENTAL MARGIN (YoY)",
      "detail": "YoY Incr OPM: +4263.9% vs year-ago OPM: +15.7%",
      "severity": "HIGH"
    },
    {
      "quarter": "2021-06 (Q2)",
      "signal": "FCF MARGIN EXPANSION",
      "detail": "FCF margin: +0.3% -> +18.2% (+17.8%)",
      "severity": "MEDIUM"
    },
    {
      "quarter": "2021-06 (Q2)",
      "signal": "OPERATING LEVERAGE",
      "detail": "Rev growth +3.4% vs OpEx growth +2.0% (leverage: 1.7x)",
      "severity": "MEDIUM"
    }
  ],
  "data_quality": {
    "n_quarters": 20,
    "coverage": {
      "revenue": [
        20,
        20
      ],
      "gross_profit": [
        0,
        20
      ],
      "op_income": [
        20,
        20
      ],
      "fcf": [
        20,
        20
      ]
    },
    "gaps": [],
    "warnings": [
      "gross_profit: no data"
    ]
  },
  "market_cap": null,
  "source": "SEC EDGAR",
  "last_updated": "2026-02-13T11:41:19.708310"
}