{
  "ticker": "DVN",
  "name": "DEVON ENERGY CORP/DE",
  "sector": "Energy",
  "industry": "Oil & Gas E&P",
  "quarters": [
    {
      "date": "2021-03-31T00:00:00",
      "quarter_label": "2021-03 (Q1)",
      "revenue": 1762000000,
      "gross_profit": null,
      "operating_income": null,
      "net_income": 213000000,
      "opex": null,
      "cogs": null,
      "rd": null,
      "sga": null,
      "fcf": 93000000,
      "ocf": 592000000,
      "capex": -499000000,
      "gross_margin": null,
      "op_margin": null,
      "fcf_margin": 0.05278093076049943
    },
    {
      "date": "2021-06-30T00:00:00",
      "quarter_label": "2021-06 (Q2)",
      "revenue": 2417000000,
      "gross_profit": null,
      "operating_income": null,
      "net_income": 256000000,
      "opex": null,
      "cogs": null,
      "rd": null,
      "sga": null,
      "fcf": 589000000,
      "ocf": 1093000000,
      "capex": -504000000,
      "gross_margin": null,
      "op_margin": null,
      "fcf_margin": 0.24369052544476624,
      "fcf_margin_change": 0.19090959468426683
    },
    {
      "date": "2021-09-30T00:00:00",
      "quarter_label": "2021-09 (Q3)",
      "revenue": 3466000000,
      "gross_profit": null,
      "operating_income": null,
      "net_income": 838000000,
      "opex": null,
      "cogs": null,
      "rd": null,
      "sga": null,
      "fcf": 1124000000,
      "ocf": 1598000000,
      "capex": -474000000,
      "gross_margin": null,
      "op_margin": null,
      "fcf_margin": 0.3242931332948644,
      "fcf_margin_change": 0.08060260785009818
    },
    {
      "date": "2021-12-31T00:00:00",
      "quarter_label": "2021-12 (Q4)",
      "revenue": 4273000000,
      "gross_profit": null,
      "operating_income": null,
      "net_income": 1506000000,
      "opex": null,
      "cogs": null,
      "rd": null,
      "sga": null,
      "fcf": 1616000000,
      "ocf": 1616000000,
      "capex": null,
      "gross_margin": null,
      "op_margin": null,
      "fcf_margin": 0.37818862625789845,
      "fcf_margin_change": 0.05389549296303403
    },
    {
      "date": "2022-03-31T00:00:00",
      "quarter_label": "2022-03 (Q1)",
      "revenue": 3812000000,
      "gross_profit": null,
      "operating_income": null,
      "net_income": 989000000,
      "opex": null,
      "cogs": null,
      "rd": null,
      "sga": null,
      "fcf": 1837000000,
      "ocf": 1837000000,
      "capex": null,
      "gross_margin": null,
      "op_margin": null,
      "fcf_margin": 0.48189926547743966,
      "rev_growth_yoy": 1.1634506242905789,
      "fcf_margin_change": 0.10371063921954121
    },
    {
      "date": "2022-06-30T00:00:00",
      "quarter_label": "2022-06 (Q2)",
      "revenue": 5626000000,
      "gross_profit": null,
      "operating_income": null,
      "net_income": 1932000000,
      "opex": null,
      "cogs": null,
      "rd": null,
      "sga": null,
      "fcf": 2678000000,
      "ocf": 2678000000,
      "capex": null,
      "gross_margin": null,
      "op_margin": null,
      "fcf_margin": 0.476004265908283,
      "rev_growth_yoy": 1.3276789408357468,
      "rev_growth_yoy_accel": 0.1642283165451679,
      "fcf_margin_change": -0.005894999569156678
    },
    {
      "date": "2022-09-30T00:00:00",
      "quarter_label": "2022-09 (Q3)",
      "revenue": 5432000000,
      "gross_profit": null,
      "operating_income": null,
      "net_income": 1893000000,
      "opex": null,
      "cogs": null,
      "rd": null,
      "sga": null,
      "fcf": 2104000000,
      "ocf": 2104000000,
      "capex": null,
      "gross_margin": null,
      "op_margin": null,
      "fcf_margin": 0.3873343151693667,
      "rev_growth_yoy": 0.5672244662435084,
      "rev_growth_yoy_accel": -0.7604544745922384,
      "fcf_margin_change": -0.08866995073891626
    },
    {
      "date": "2022-12-31T00:00:00",
      "quarter_label": "2022-12 (Q4)",
      "revenue": 4299000000,
      "gross_profit": null,
      "operating_income": null,
      "net_income": 1201000000,
      "opex": null,
      "cogs": null,
      "rd": null,
      "sga": null,
      "fcf": 1911000000,
      "ocf": 1911000000,
      "capex": null,
      "gross_margin": null,
      "op_margin": null,
      "fcf_margin": 0.44452198185624564,
      "rev_growth_yoy": 0.006084717996723613,
      "rev_growth_yoy_accel": -0.5611397482467848,
      "fcf_margin_change": 0.05718766668687891
    },
    {
      "date": "2023-03-31T00:00:00",
      "quarter_label": "2023-03 (Q1)",
      "revenue": 3823000000,
      "gross_profit": null,
      "operating_income": null,
      "net_income": 995000000,
      "opex": null,
      "cogs": null,
      "rd": null,
      "sga": null,
      "fcf": 1677000000,
      "ocf": 1677000000,
      "capex": null,
      "gross_margin": null,
      "op_margin": null,
      "fcf_margin": 0.4386607376405964,
      "rev_growth_yoy": 0.0028856243441762854,
      "rev_growth_yoy_accel": -0.003199093652547328,
      "fcf_margin_change": -0.005861244215649264
    },
    {
      "date": "2023-06-30T00:00:00",
      "quarter_label": "2023-06 (Q2)",
      "revenue": 3454000000,
      "gross_profit": null,
      "operating_income": null,
      "net_income": 690000000,
      "opex": null,
      "cogs": null,
      "rd": null,
      "sga": null,
      "fcf": 1405000000,
      "ocf": 1405000000,
      "capex": null,
      "gross_margin": null,
      "op_margin": null,
      "fcf_margin": 0.40677475390851187,
      "rev_growth_yoy": -0.3860646996089584,
      "rev_growth_yoy_accel": -0.38895032395313467,
      "fcf_margin_change": -0.03188598373208451
    },
    {
      "date": "2023-09-30T00:00:00",
      "quarter_label": "2023-09 (Q3)",
      "revenue": 3836000000,
      "gross_profit": null,
      "operating_income": null,
      "net_income": 910000000,
      "opex": null,
      "cogs": null,
      "rd": null,
      "sga": null,
      "fcf": 1725000000,
      "ocf": 1725000000,
      "capex": null,
      "gross_margin": null,
      "op_margin": null,
      "fcf_margin": 0.44968717413972886,
      "rev_growth_yoy": -0.29381443298969073,
      "rev_growth_yoy_accel": 0.09225026661926766,
      "fcf_margin_change": 0.042912420231217
    },
    {
      "date": "2023-12-31T00:00:00",
      "quarter_label": "2023-12 (Q4)",
      "revenue": 4145000000,
      "gross_profit": null,
      "operating_income": null,
      "net_income": 1152000000,
      "opex": null,
      "cogs": null,
      "rd": null,
      "sga": null,
      "fcf": 1737000000,
      "ocf": 1737000000,
      "capex": null,
      "gross_margin": null,
      "op_margin": null,
      "fcf_margin": 0.41905910735826296,
      "rev_growth_yoy": -0.035822284252151664,
      "rev_growth_yoy_accel": 0.25799214873753906,
      "fcf_margin_change": -0.0306280667814659
    },
    {
      "date": "2024-03-31T00:00:00",
      "quarter_label": "2024-03 (Q1)",
      "revenue": 3596000000,
      "gross_profit": null,
      "operating_income": null,
      "net_income": 596000000,
      "opex": 2987000000,
      "cogs": null,
      "rd": null,
      "sga": null,
      "fcf": 1738000000,
      "ocf": 1738000000,
      "capex": null,
      "gross_margin": null,
      "op_margin": null,
      "fcf_margin": 0.4833147942157953,
      "rev_growth_yoy": -0.05937745226262098,
      "rev_growth_yoy_accel": -0.023555168010469314,
      "fcf_margin_change": 0.06425568685753236
    },
    {
      "date": "2024-06-30T00:00:00",
      "quarter_label": "2024-06 (Q2)",
      "revenue": 3917000000,
      "gross_profit": null,
      "operating_income": null,
      "net_income": 844000000,
      "opex": 3062000000,
      "cogs": null,
      "rd": null,
      "sga": null,
      "fcf": 1535000000,
      "ocf": 1535000000,
      "capex": null,
      "gross_margin": null,
      "op_margin": null,
      "fcf_margin": 0.39188154199642583,
      "rev_growth_yoy": 0.13404748118123913,
      "rev_growth_yoy_accel": 0.1934249334438601,
      "op_leverage_ratio": 3.555161290322581,
      "fcf_margin_change": -0.09143325221936949
    },
    {
      "date": "2024-09-30T00:00:00",
      "quarter_label": "2024-09 (Q3)",
      "revenue": 4024000000,
      "gross_profit": null,
      "operating_income": null,
      "net_income": 812000000,
      "opex": 3199000000,
      "cogs": null,
      "rd": null,
      "sga": null,
      "fcf": 1663000000,
      "ocf": 1663000000,
      "capex": null,
      "gross_margin": null,
      "op_margin": null,
      "fcf_margin": 0.4132703777335984,
      "rev_growth_yoy": 0.049009384775808136,
      "rev_growth_yoy_accel": -0.085038096405431,
      "op_leverage_ratio": 0.6105409882805439,
      "fcf_margin_change": 0.021388835737172596
    },
    {
      "date": "2024-12-31T00:00:00",
      "quarter_label": "2024-12 (Q4)",
      "revenue": 4403000000,
      "gross_profit": null,
      "operating_income": null,
      "net_income": 639000000,
      "opex": 3750000000,
      "cogs": null,
      "rd": null,
      "sga": null,
      "fcf": 1664000000,
      "ocf": 1664000000,
      "capex": null,
      "gross_margin": null,
      "op_margin": null,
      "fcf_margin": 0.377924142630025,
      "rev_growth_yoy": 0.06224366706875754,
      "rev_growth_yoy_accel": 0.0132342822929494,
      "op_leverage_ratio": 0.5468193560957305,
      "fcf_margin_change": -0.03534623510357343
    },
    {
      "date": "2025-03-31T00:00:00",
      "quarter_label": "2025-03 (Q1)",
      "revenue": 4452000000,
      "gross_profit": null,
      "operating_income": null,
      "net_income": 494000000,
      "opex": 3943000000,
      "cogs": null,
      "rd": null,
      "sga": null,
      "fcf": 1942000000,
      "ocf": 1942000000,
      "capex": null,
      "gross_margin": null,
      "op_margin": null,
      "fcf_margin": 0.4362084456424079,
      "rev_growth_yoy": 0.23804226918798665,
      "rev_growth_yoy_accel": 0.17579860211922912,
      "op_leverage_ratio": 0.21623269108791812,
      "fcf_margin_change": 0.05828430301238291
    },
    {
      "date": "2025-06-30T00:00:00",
      "quarter_label": "2025-06 (Q2)",
      "revenue": 4284000000,
      "gross_profit": null,
      "operating_income": null,
      "net_income": 899000000,
      "opex": 3367000000,
      "cogs": null,
      "rd": null,
      "sga": null,
      "fcf": 1545000000,
      "ocf": 1545000000,
      "capex": null,
      "gross_margin": null,
      "op_margin": null,
      "fcf_margin": 0.36064425770308123,
      "rev_growth_yoy": 0.09369415368904774,
      "rev_growth_yoy_accel": -0.14434811549893892,
      "fcf_margin_change": -0.07556418793932668
    },
    {
      "date": "2025-09-30T00:00:00",
      "quarter_label": "2025-09 (Q3)",
      "revenue": 4331000000,
      "gross_profit": null,
      "operating_income": null,
      "net_income": 687000000,
      "opex": 3638000000,
      "cogs": null,
      "rd": null,
      "sga": null,
      "fcf": 1690000000,
      "ocf": 1690000000,
      "capex": null,
      "gross_margin": null,
      "op_margin": null,
      "fcf_margin": 0.39021011313784343,
      "rev_growth_yoy": 0.07629224652087475,
      "rev_growth_yoy_accel": -0.017401907168172984,
      "op_leverage_ratio": 0.13630827484745434,
      "fcf_margin_change": 0.0295658554347622
    },
    {
      "date": "2025-12-31T00:00:00",
      "quarter_label": "2025-12 (Q4)",
      "revenue": 4121000000,
      "gross_profit": null,
      "operating_income": null,
      "net_income": 562000000,
      "opex": 3559000000,
      "cogs": null,
      "rd": null,
      "sga": null,
      "fcf": 1534000000,
      "ocf": 1534000000,
      "capex": null,
      "gross_margin": null,
      "op_margin": null,
      "fcf_margin": 0.3722397476340694,
      "rev_growth_yoy": -0.06404724051782876,
      "rev_growth_yoy_accel": -0.14033948703870353,
      "fcf_margin_change": -0.01797036550377401
    }
  ],
  "signals": [
    {
      "quarter": "2025-12 (Q4)",
      "signal": "YoY REVENUE GROWTH DECELERATION",
      "detail": "YoY growth: -6.4% vs prior quarter YoY: +7.6% (decel: -14.0%)",
      "severity": "WARNING"
    },
    {
      "quarter": "2025-06 (Q2)",
      "signal": "YoY REVENUE GROWTH DECELERATION",
      "detail": "YoY growth: +9.4% vs prior quarter YoY: +23.8% (decel: -14.4%)",
      "severity": "WARNING"
    },
    {
      "quarter": "2025-03 (Q1)",
      "signal": "FCF MARGIN EXPANSION",
      "detail": "FCF margin: +37.8% -> +43.6% (+5.8%)",
      "severity": "MEDIUM"
    },
    {
      "quarter": "2025-03 (Q1)",
      "signal": "YoY REVENUE GROWTH ACCELERATION",
      "detail": "YoY growth: +23.8% vs prior quarter YoY: +6.2% (accel: +17.6%)",
      "severity": "HIGH"
    },
    {
      "quarter": "2024-09 (Q3)",
      "signal": "YoY REVENUE GROWTH DECELERATION",
      "detail": "YoY growth: +4.9% vs prior quarter YoY: +13.4% (decel: -8.5%)",
      "severity": "WARNING"
    },
    {
      "quarter": "2024-06 (Q2)",
      "signal": "OPERATING LEVERAGE",
      "detail": "Rev growth +8.9% vs OpEx growth +2.5% (leverage: 3.6x)",
      "severity": "MEDIUM"
    },
    {
      "quarter": "2024-06 (Q2)",
      "signal": "YoY REVENUE GROWTH ACCELERATION",
      "detail": "YoY growth: +13.4% vs prior quarter YoY: -5.9% (accel: +19.3%)",
      "severity": "HIGH"
    },
    {
      "quarter": "2024-03 (Q1)",
      "signal": "FCF MARGIN EXPANSION",
      "detail": "FCF margin: +41.9% -> +48.3% (+6.4%)",
      "severity": "MEDIUM"
    },
    {
      "quarter": "2023-12 (Q4)",
      "signal": "YoY REVENUE GROWTH ACCELERATION",
      "detail": "YoY growth: -3.6% vs prior quarter YoY: -29.4% (accel: +25.8%)",
      "severity": "HIGH"
    },
    {
      "quarter": "2023-09 (Q3)",
      "signal": "YoY REVENUE GROWTH ACCELERATION",
      "detail": "YoY growth: -29.4% vs prior quarter YoY: -38.6% (accel: +9.2%)",
      "severity": "MEDIUM"
    },
    {
      "quarter": "2023-06 (Q2)",
      "signal": "YoY REVENUE GROWTH DECELERATION",
      "detail": "YoY growth: -38.6% vs prior quarter YoY: +0.3% (decel: -38.9%)",
      "severity": "WARNING"
    },
    {
      "quarter": "2022-12 (Q4)",
      "signal": "FCF MARGIN EXPANSION",
      "detail": "FCF margin: +38.7% -> +44.5% (+5.7%)",
      "severity": "MEDIUM"
    },
    {
      "quarter": "2022-12 (Q4)",
      "signal": "YoY REVENUE GROWTH DECELERATION",
      "detail": "YoY growth: +0.6% vs prior quarter YoY: +56.7% (decel: -56.1%)",
      "severity": "WARNING"
    },
    {
      "quarter": "2022-09 (Q3)",
      "signal": "YoY REVENUE GROWTH DECELERATION",
      "detail": "YoY growth: +56.7% vs prior quarter YoY: +132.8% (decel: -76.0%)",
      "severity": "WARNING"
    },
    {
      "quarter": "2022-06 (Q2)",
      "signal": "YoY REVENUE GROWTH ACCELERATION",
      "detail": "YoY growth: +132.8% vs prior quarter YoY: +116.3% (accel: +16.4%)",
      "severity": "HIGH"
    },
    {
      "quarter": "2022-03 (Q1)",
      "signal": "FCF MARGIN EXPANSION",
      "detail": "FCF margin: +37.8% -> +48.2% (+10.4%)",
      "severity": "MEDIUM"
    },
    {
      "quarter": "2021-12 (Q4)",
      "signal": "FCF MARGIN EXPANSION",
      "detail": "FCF margin: +32.4% -> +37.8% (+5.4%)",
      "severity": "MEDIUM"
    },
    {
      "quarter": "2021-09 (Q3)",
      "signal": "FCF MARGIN EXPANSION",
      "detail": "FCF margin: +24.4% -> +32.4% (+8.1%)",
      "severity": "MEDIUM"
    },
    {
      "quarter": "2021-06 (Q2)",
      "signal": "FCF MARGIN EXPANSION",
      "detail": "FCF margin: +5.3% -> +24.4% (+19.1%)",
      "severity": "MEDIUM"
    }
  ],
  "data_quality": {
    "n_quarters": 20,
    "coverage": {
      "revenue": [
        20,
        20
      ],
      "gross_profit": [
        0,
        20
      ],
      "op_income": [
        0,
        20
      ],
      "fcf": [
        20,
        20
      ]
    },
    "gaps": [],
    "warnings": [
      "gross_profit: no data",
      "op_income: no data"
    ]
  },
  "market_cap": null,
  "source": "SEC EDGAR",
  "last_updated": "2026-02-24T10:30:42.407449"
}