{
  "ticker": "DXC",
  "name": "DXC TECHNOLOGY COMPANY",
  "quarters": [
    {
      "date": "2021-03-31T00:00:00",
      "quarter_label": "2021-03 (Q1)",
      "revenue": 4385000000,
      "gross_profit": 824000000,
      "operating_income": 329000000,
      "net_income": -798000000,
      "opex": 5178000000,
      "cogs": 3561000000,
      "rd": null,
      "sga": 471000000,
      "fcf": -326000000,
      "ocf": -280000000,
      "capex": -46000000,
      "gross_margin": 0.1879133409350057,
      "op_margin": 0.0750285062713797,
      "fcf_margin": -0.07434435575826683
    },
    {
      "date": "2021-06-30T00:00:00",
      "quarter_label": "2021-06 (Q2)",
      "revenue": 4141000000,
      "gross_profit": 886000000,
      "operating_income": 332000000,
      "net_income": 278000000,
      "opex": 3717000000,
      "cogs": 3255000000,
      "rd": null,
      "sga": 383000000,
      "fcf": -127000000,
      "ocf": -29000000,
      "capex": -98000000,
      "gross_margin": 0.21395798116397005,
      "op_margin": 0.08017387104564115,
      "fcf_margin": -0.030668920550591644,
      "fcf_margin_change": 0.04367543520767518
    },
    {
      "date": "2021-09-30T00:00:00",
      "quarter_label": "2021-09 (Q3)",
      "revenue": 4027000000,
      "gross_profit": 939000000,
      "operating_income": 346000000,
      "net_income": -188000000,
      "opex": 4275000000,
      "cogs": 3088000000,
      "rd": null,
      "sga": 370000000,
      "fcf": 496000000,
      "ocf": 563000000,
      "capex": -67000000,
      "gross_margin": 0.23317606158430593,
      "op_margin": 0.08592003973181028,
      "fcf_margin": 0.12316861186987832,
      "fcf_margin_change": 0.15383753242046996
    },
    {
      "date": "2021-12-31T00:00:00",
      "quarter_label": "2021-12 (Q4)",
      "revenue": 4089000000,
      "gross_profit": 910000000,
      "operating_income": 355000000,
      "net_income": 98000000,
      "opex": 3923000000,
      "cogs": 3179000000,
      "rd": null,
      "sga": 340000000,
      "fcf": 644000000,
      "ocf": 696000000,
      "capex": -52000000,
      "gross_margin": 0.22254830031792613,
      "op_margin": 0.08681829298116898,
      "fcf_margin": 0.1574957202249939,
      "op_leverage_ratio": Infinity,
      "fcf_margin_change": 0.03432710835511557
    },
    {
      "date": "2022-03-31T00:00:00",
      "quarter_label": "2022-03 (Q1)",
      "revenue": 4008000000,
      "gross_profit": 847000000,
      "operating_income": 342000000,
      "net_income": 530000000,
      "opex": 3209000000,
      "cogs": 3161000000,
      "rd": null,
      "sga": 315000000,
      "fcf": 234000000,
      "ocf": 271000000,
      "capex": -37000000,
      "gross_margin": 0.21132734530938124,
      "op_margin": 0.08532934131736528,
      "fcf_margin": 0.058383233532934134,
      "incr_op_margin_yoy": -0.034482758620689655,
      "rev_growth_yoy": -0.08597491448118585,
      "fcf_margin_change": -0.09911248669205976
    },
    {
      "date": "2022-06-30T00:00:00",
      "quarter_label": "2022-06 (Q2)",
      "revenue": 3707000000,
      "gross_profit": 777000000,
      "operating_income": 259000000,
      "net_income": 102000000,
      "opex": 3585000000,
      "cogs": 2930000000,
      "rd": null,
      "sga": 349000000,
      "fcf": 95000000,
      "ocf": 163000000,
      "capex": -68000000,
      "gross_margin": 0.20960345292689506,
      "op_margin": 0.06986781764229835,
      "fcf_margin": 0.025627191799298624,
      "incr_op_margin_yoy": 0.16820276497695852,
      "rev_growth_yoy": -0.10480560251147066,
      "rev_growth_yoy_accel": -0.0188306880302848,
      "fcf_margin_change": -0.03275604173363551
    },
    {
      "date": "2022-09-30T00:00:00",
      "quarter_label": "2022-09 (Q3)",
      "revenue": 3566000000,
      "gross_profit": 791000000,
      "operating_income": 269000000,
      "net_income": 27000000,
      "opex": 3512000000,
      "cogs": 2775000000,
      "rd": null,
      "sga": 324000000,
      "fcf": 134000000,
      "ocf": 212000000,
      "capex": -78000000,
      "gross_margin": 0.22181716208637128,
      "op_margin": 0.07543466068424004,
      "fcf_margin": 0.03757711721817162,
      "incr_op_margin_yoy": 0.16702819956616052,
      "rev_growth_yoy": -0.11447727837099578,
      "rev_growth_yoy_accel": -0.009671675859525122,
      "fcf_margin_change": 0.011949925418872995
    },
    {
      "date": "2022-12-31T00:00:00",
      "quarter_label": "2022-12 (Q4)",
      "revenue": 3566000000,
      "gross_profit": 767000000,
      "operating_income": 309000000,
      "net_income": 59000000,
      "opex": 3464000000,
      "cogs": 2799000000,
      "rd": null,
      "sga": 315000000,
      "fcf": 559000000,
      "ocf": 625000000,
      "capex": -66000000,
      "gross_margin": 0.215086932136848,
      "op_margin": 0.08665171060011218,
      "fcf_margin": 0.15675827257431296,
      "incr_op_margin_yoy": 0.08795411089866156,
      "rev_growth_yoy": -0.12790413303986306,
      "rev_growth_yoy_accel": -0.013426854668867283,
      "fcf_margin_change": 0.11918115535614135
    },
    {
      "date": "2023-03-31T00:00:00",
      "quarter_label": "2023-03 (Q1)",
      "revenue": 3591000000,
      "gross_profit": 849000000,
      "operating_income": 320000000,
      "net_income": -756000000,
      "opex": 4754000000,
      "cogs": 2742000000,
      "rd": null,
      "sga": 387000000,
      "fcf": 360000000,
      "ocf": 415000000,
      "capex": -55000000,
      "gross_margin": 0.23642439431913115,
      "op_margin": 0.08911166805903648,
      "fcf_margin": 0.10025062656641603,
      "incr_op_margin_yoy": 0.05275779376498801,
      "rev_growth_yoy": -0.10404191616766467,
      "rev_growth_yoy_accel": 0.02386221687219839,
      "fcf_margin_change": -0.05650764600789693
    },
    {
      "date": "2023-06-30T00:00:00",
      "quarter_label": "2023-06 (Q2)",
      "revenue": 3446000000,
      "gross_profit": 727000000,
      "operating_income": 224000000,
      "net_income": 36000000,
      "opex": 3368000000,
      "cogs": 2719000000,
      "rd": null,
      "sga": 327000000,
      "fcf": 72000000,
      "ocf": 127000000,
      "capex": -55000000,
      "gross_margin": 0.2109692396982008,
      "op_margin": 0.06500290191526407,
      "fcf_margin": 0.02089378990133488,
      "incr_op_margin_yoy": 0.13409961685823754,
      "rev_growth_yoy": -0.07040733746965201,
      "rev_growth_yoy_accel": 0.03363457869801266,
      "fcf_margin_change": -0.07935683666508116
    },
    {
      "date": "2023-09-30T00:00:00",
      "quarter_label": "2023-09 (Q3)",
      "revenue": 3436000000,
      "gross_profit": 803000000,
      "operating_income": 251000000,
      "net_income": 99000000,
      "opex": 3308000000,
      "cogs": 2633000000,
      "rd": null,
      "sga": 328000000,
      "fcf": 195000000,
      "ocf": 248000000,
      "capex": -53000000,
      "gross_margin": 0.23370197904540163,
      "op_margin": 0.07305005820721769,
      "fcf_margin": 0.056752037252619326,
      "incr_op_margin_yoy": 0.13846153846153847,
      "rev_growth_yoy": -0.03645541222658441,
      "rev_growth_yoy_accel": 0.0339519252430676,
      "fcf_margin_change": 0.03585824735128444
    },
    {
      "date": "2023-12-31T00:00:00",
      "quarter_label": "2023-12 (Q4)",
      "revenue": 3399000000,
      "gross_profit": 763000000,
      "operating_income": 258000000,
      "net_income": 156000000,
      "opex": 3187000000,
      "cogs": 2636000000,
      "rd": null,
      "sga": 294000000,
      "fcf": 670000000,
      "ocf": 706000000,
      "capex": -36000000,
      "gross_margin": 0.2244777875845837,
      "op_margin": 0.07590467784642542,
      "fcf_margin": 0.19711679905854662,
      "incr_op_margin_yoy": 0.30538922155688625,
      "rev_growth_yoy": -0.04683118339876612,
      "rev_growth_yoy_accel": -0.010375771172181712,
      "fcf_margin_change": 0.1403647618059273
    },
    {
      "date": "2024-03-31T00:00:00",
      "quarter_label": "2024-03 (Q1)",
      "revenue": 3386000000,
      "gross_profit": 798000000,
      "operating_income": 283000000,
      "net_income": -200000000,
      "opex": 3695000000,
      "cogs": 2588000000,
      "rd": null,
      "sga": 295000000,
      "fcf": 242000000,
      "ocf": 280000000,
      "capex": -38000000,
      "gross_margin": 0.23567631423508564,
      "op_margin": 0.08357944477259303,
      "fcf_margin": 0.07147076196101594,
      "incr_op_margin_yoy": 0.18048780487804877,
      "rev_growth_yoy": -0.05708716235032024,
      "rev_growth_yoy_accel": -0.01025597895155412,
      "fcf_margin_change": -0.1256460370975307
    },
    {
      "date": "2024-06-30T00:00:00",
      "quarter_label": "2024-06 (Q2)",
      "revenue": 3236000000,
      "gross_profit": 710000000,
      "operating_income": 222000000,
      "net_income": 26000000,
      "opex": 3168000000,
      "cogs": 2526000000,
      "rd": null,
      "sga": 301000000,
      "fcf": 190000000,
      "ocf": 238000000,
      "capex": -48000000,
      "gross_margin": 0.21940667490729296,
      "op_margin": 0.06860321384425216,
      "fcf_margin": 0.05871446229913473,
      "incr_op_margin_yoy": 0.009523809523809525,
      "rev_growth_yoy": -0.06094022054556007,
      "rev_growth_yoy_accel": -0.0038530581952398307,
      "fcf_margin_change": -0.012756299661881208
    },
    {
      "date": "2024-09-30T00:00:00",
      "quarter_label": "2024-09 (Q3)",
      "revenue": 3241000000,
      "gross_profit": 814000000,
      "operating_income": 279000000,
      "net_income": 42000000,
      "opex": 3148000000,
      "cogs": 2427000000,
      "rd": null,
      "sga": 353000000,
      "fcf": 154000000,
      "ocf": 195000000,
      "capex": -41000000,
      "gross_margin": 0.2511570502931194,
      "op_margin": 0.08608454180808392,
      "fcf_margin": 0.047516198704103674,
      "incr_op_margin_yoy": -0.14358974358974358,
      "rev_growth_yoy": -0.056752037252619326,
      "rev_growth_yoy_accel": 0.004188183292940746,
      "fcf_margin_change": -0.011198263595031059
    },
    {
      "date": "2024-12-31T00:00:00",
      "quarter_label": "2024-12 (Q4)",
      "revenue": 3225000000,
      "gross_profit": 809000000,
      "operating_income": 286000000,
      "net_income": 57000000,
      "opex": 3094000000,
      "cogs": 2416000000,
      "rd": null,
      "sga": 335000000,
      "fcf": 568000000,
      "ocf": 650000000,
      "capex": -82000000,
      "gross_margin": 0.25085271317829455,
      "op_margin": 0.08868217054263566,
      "fcf_margin": 0.17612403100775192,
      "incr_op_margin_yoy": -0.16091954022988506,
      "rev_growth_yoy": -0.05119152691968226,
      "rev_growth_yoy_accel": 0.0055605103329370645,
      "fcf_margin_change": 0.12860783230364825
    },
    {
      "date": "2025-03-31T00:00:00",
      "quarter_label": "2025-03 (Q1)",
      "revenue": 3169000000,
      "gross_profit": 768000000,
      "operating_income": 230000000,
      "net_income": 264000000,
      "opex": 2831000000,
      "cogs": 2401000000,
      "rd": null,
      "sga": 359000000,
      "fcf": 238000000,
      "ocf": 315000000,
      "capex": -77000000,
      "gross_margin": 0.2423477437677501,
      "op_margin": 0.07257810034711265,
      "fcf_margin": 0.07510255601136005,
      "incr_op_margin_yoy": 0.24423963133640553,
      "rev_growth_yoy": -0.06408741878322505,
      "rev_growth_yoy_accel": -0.012895891863542785,
      "fcf_margin_change": -0.10102147499639187
    },
    {
      "date": "2025-06-30T00:00:00",
      "quarter_label": "2025-06 (Q2)",
      "revenue": 3159000000,
      "gross_profit": 771000000,
      "operating_income": 216000000,
      "net_income": 16000000,
      "opex": 3092000000,
      "cogs": 2388000000,
      "rd": null,
      "sga": 394000000,
      "fcf": 143000000,
      "ocf": 186000000,
      "capex": -43000000,
      "gross_margin": 0.24406457739791074,
      "op_margin": 0.06837606837606838,
      "fcf_margin": 0.04526748971193416,
      "incr_op_margin_yoy": 0.07792207792207792,
      "rev_growth_yoy": -0.02379480840543881,
      "rev_growth_yoy_accel": 0.04029261037778624,
      "fcf_margin_change": -0.029835066299425894
    },
    {
      "date": "2025-09-30T00:00:00",
      "quarter_label": "2025-09 (Q3)",
      "revenue": 3161000000,
      "gross_profit": 778000000,
      "operating_income": 254000000,
      "net_income": 36000000,
      "opex": 3030000000,
      "cogs": 2383000000,
      "rd": null,
      "sga": 366000000,
      "fcf": 365000000,
      "ocf": 409000000,
      "capex": -44000000,
      "gross_margin": 0.24612464409996837,
      "op_margin": 0.08035431825371718,
      "fcf_margin": 0.11546978804175893,
      "incr_op_margin_yoy": 0.3125,
      "rev_growth_yoy": -0.024683739586547362,
      "rev_growth_yoy_accel": -0.0008889311811085508,
      "fcf_margin_change": 0.07020229832982477
    },
    {
      "date": "2025-12-31T00:00:00",
      "quarter_label": "2025-12 (Q4)",
      "revenue": 3194000000,
      "gross_profit": 759000000,
      "operating_income": 263000000,
      "net_income": 107000000,
      "opex": 3023000000,
      "cogs": 2435000000,
      "rd": null,
      "sga": 309000000,
      "fcf": 359000000,
      "ocf": 414000000,
      "capex": -55000000,
      "gross_margin": 0.23763306199123357,
      "op_margin": 0.08234189104571071,
      "fcf_margin": 0.1123982467125861,
      "incr_op_margin_yoy": 0.7419354838709677,
      "rev_growth_yoy": -0.009612403100775194,
      "rev_growth_yoy_accel": 0.015071336485772168,
      "op_leverage_ratio": Infinity,
      "fcf_margin_change": -0.003071541329172839
    }
  ],
  "signals": [
    {
      "quarter": "2025-12 (Q4)",
      "signal": "INCREMENTAL MARGIN (YoY)",
      "detail": "YoY Incr OPM: +74.2% vs year-ago OPM: +8.9%",
      "severity": "HIGH"
    },
    {
      "quarter": "2025-09 (Q3)",
      "signal": "FCF MARGIN EXPANSION",
      "detail": "FCF margin: +4.5% -> +11.5% (+7.0%)",
      "severity": "MEDIUM"
    },
    {
      "quarter": "2025-09 (Q3)",
      "signal": "INCREMENTAL MARGIN (YoY)",
      "detail": "YoY Incr OPM: +31.2% vs year-ago OPM: +8.6%",
      "severity": "HIGH"
    },
    {
      "quarter": "2025-03 (Q1)",
      "signal": "INCREMENTAL MARGIN (YoY)",
      "detail": "YoY Incr OPM: +24.4% vs year-ago OPM: +8.4%",
      "severity": "MEDIUM"
    },
    {
      "quarter": "2024-12 (Q4)",
      "signal": "FCF MARGIN EXPANSION",
      "detail": "FCF margin: +4.8% -> +17.6% (+12.9%)",
      "severity": "MEDIUM"
    },
    {
      "quarter": "2024-09 (Q3)",
      "signal": "GROSS MARGIN INFLECTION",
      "detail": "GM: +23.6% -> +21.9% -> +25.1% (reversal +3.2%)",
      "severity": "MEDIUM"
    },
    {
      "quarter": "2023-12 (Q4)",
      "signal": "FCF MARGIN EXPANSION",
      "detail": "FCF margin: +5.7% -> +19.7% (+14.0%)",
      "severity": "MEDIUM"
    },
    {
      "quarter": "2023-12 (Q4)",
      "signal": "INCREMENTAL MARGIN (YoY)",
      "detail": "YoY Incr OPM: +30.5% vs year-ago OPM: +8.7%",
      "severity": "HIGH"
    },
    {
      "quarter": "2023-09 (Q3)",
      "signal": "GROSS MARGIN INFLECTION",
      "detail": "GM: +23.6% -> +21.1% -> +23.4% (reversal +2.3%)",
      "severity": "MEDIUM"
    },
    {
      "quarter": "2023-03 (Q1)",
      "signal": "GROSS MARGIN INFLECTION",
      "detail": "GM: +22.2% -> +21.5% -> +23.6% (reversal +2.1%)",
      "severity": "MEDIUM"
    },
    {
      "quarter": "2022-12 (Q4)",
      "signal": "FCF MARGIN EXPANSION",
      "detail": "FCF margin: +3.8% -> +15.7% (+11.9%)",
      "severity": "MEDIUM"
    },
    {
      "quarter": "2021-09 (Q3)",
      "signal": "FCF TURNED POSITIVE",
      "detail": "FCF margin: -3.1% -> +12.3%",
      "severity": "HIGH"
    }
  ],
  "data_quality": {
    "n_quarters": 20,
    "coverage": {
      "revenue": [
        20,
        20
      ],
      "gross_profit": [
        20,
        20
      ],
      "op_income": [
        20,
        20
      ],
      "fcf": [
        20,
        20
      ]
    },
    "gaps": [],
    "warnings": []
  },
  "market_cap": null,
  "source": "SEC EDGAR",
  "last_updated": "2026-02-02T21:27:55.723311"
}