{
  "ticker": "DXYN",
  "name": "THE DIXIE GROUP, INC",
  "quarters": [
    {
      "date": "2020-12-26T00:00:00",
      "quarter_label": "2020-12 (Q4)",
      "revenue": 88618000,
      "gross_profit": 22978000,
      "operating_income": 1479000,
      "net_income": -318000,
      "opex": 21499000,
      "cogs": 65640000,
      "rd": null,
      "sga": 19477000,
      "fcf": 3313000,
      "ocf": 3620000,
      "capex": -307000,
      "gross_margin": 0.25929269448644743,
      "op_margin": 0.016689611591324562,
      "fcf_margin": 0.037385181340134056
    },
    {
      "date": "2021-03-27T00:00:00",
      "quarter_label": "2021-03 (Q1)",
      "revenue": 86301000,
      "gross_profit": 19474000,
      "operating_income": -667000,
      "net_income": -2028000,
      "opex": 20141000,
      "cogs": 66827000,
      "rd": null,
      "sga": 20114000,
      "fcf": 1267000,
      "ocf": 1631000,
      "capex": -364000,
      "gross_margin": 0.22565207819144623,
      "op_margin": -0.007728763282001367,
      "fcf_margin": 0.014681174030428384,
      "fcf_margin_change": -0.022704007309705673
    },
    {
      "date": "2021-06-26T00:00:00",
      "quarter_label": "2021-06 (Q2)",
      "revenue": 104833000,
      "gross_profit": 25775000,
      "operating_income": 4628000,
      "net_income": 3349000,
      "opex": 21147000,
      "cogs": 79058000,
      "rd": null,
      "sga": 21043000,
      "fcf": 165000,
      "ocf": 1601000,
      "capex": -1436000,
      "gross_margin": 0.24586723646180114,
      "op_margin": 0.044146404281094696,
      "fcf_margin": 0.0015739318725973691,
      "op_leverage_ratio": 4.299218443524782,
      "fcf_margin_change": -0.013107242157831014
    },
    {
      "date": "2021-09-25T00:00:00",
      "quarter_label": "2021-09 (Q3)",
      "revenue": 89294000,
      "gross_profit": 24929000,
      "operating_income": 6840000,
      "net_income": 6433000,
      "opex": 18089000,
      "cogs": 64365000,
      "rd": null,
      "sga": 18132000,
      "fcf": -141000,
      "ocf": 1369000,
      "capex": -1510000,
      "gross_margin": 0.27917889219880393,
      "op_margin": 0.07660089143727462,
      "fcf_margin": -0.0015790534638385559,
      "fcf_margin_change": -0.0031529853364359248
    },
    {
      "date": "2021-12-25T00:00:00",
      "quarter_label": "2021-12 (Q4)",
      "revenue": 89225000,
      "gross_profit": 12890000,
      "operating_income": -3449000,
      "net_income": -6138000,
      "opex": 16339000,
      "cogs": 76335000,
      "rd": null,
      "sga": 17098000,
      "fcf": null,
      "ocf": null,
      "capex": -1066000,
      "gross_margin": 0.144466237041188,
      "op_margin": -0.03865508545811151,
      "fcf_margin": null,
      "rev_growth_yoy": 0.006849624229840439
    },
    {
      "date": "2022-03-26T00:00:00",
      "quarter_label": "2022-03 (Q1)",
      "revenue": 77575000,
      "gross_profit": 15176000,
      "operating_income": -2247000,
      "net_income": -3357000,
      "opex": 17423000,
      "cogs": 62399000,
      "rd": null,
      "sga": 17413000,
      "fcf": null,
      "ocf": null,
      "capex": -345000,
      "gross_margin": 0.19563003544956495,
      "op_margin": -0.028965517241379312,
      "fcf_margin": null,
      "incr_op_margin_yoy": 0.18106807242722897,
      "rev_growth_yoy": -0.10111122698462359,
      "rev_growth_yoy_accel": -0.10796085121446403
    },
    {
      "date": "2022-06-25T00:00:00",
      "quarter_label": "2022-06 (Q2)",
      "revenue": 83698000,
      "gross_profit": 16056000,
      "operating_income": -2935000,
      "net_income": -4487000,
      "opex": 18991000,
      "cogs": 67642000,
      "rd": null,
      "sga": 18855000,
      "fcf": null,
      "ocf": null,
      "capex": -2649000,
      "gross_margin": 0.19183254080145284,
      "op_margin": -0.03506654878252766,
      "fcf_margin": null,
      "incr_op_margin_yoy": 0.35784244144783534,
      "rev_growth_yoy": -0.2016063644081539,
      "rev_growth_yoy_accel": -0.10049513742353032,
      "op_leverage_ratio": 0.8770399037797524
    },
    {
      "date": "2022-09-24T00:00:00",
      "quarter_label": "2022-09 (Q3)",
      "revenue": 71762000,
      "gross_profit": 12537000,
      "operating_income": -7150000,
      "net_income": -8780000,
      "opex": 19687000,
      "cogs": 59225000,
      "rd": null,
      "sga": 18606000,
      "fcf": null,
      "ocf": null,
      "capex": -967000,
      "gross_margin": 0.1747024887823639,
      "op_margin": -0.0996349042668822,
      "fcf_margin": null,
      "incr_op_margin_yoy": 0.797969427332877,
      "rev_growth_yoy": -0.19634017963133021,
      "rev_growth_yoy_accel": 0.005266184776823696
    },
    {
      "date": "2022-12-31T00:00:00",
      "quarter_label": "2022-12 (Q4)",
      "revenue": 70536000,
      "gross_profit": 9856000,
      "operating_income": -15823000,
      "net_income": -18455000,
      "opex": 25679000,
      "cogs": 60680000,
      "rd": null,
      "sga": 22082000,
      "fcf": null,
      "ocf": null,
      "capex": -618000,
      "gross_margin": 0.13973006691618464,
      "op_margin": -0.22432516729046162,
      "fcf_margin": null,
      "incr_op_margin_yoy": 0.6621007009470812,
      "rev_growth_yoy": -0.209459232277949,
      "rev_growth_yoy_accel": -0.013119052646618778
    },
    {
      "date": "2023-04-01T00:00:00",
      "quarter_label": "2023-04 (Q2)",
      "revenue": 67084000,
      "gross_profit": 17833000,
      "operating_income": 306000,
      "net_income": -1758000,
      "opex": 17527000,
      "cogs": 49251000,
      "rd": null,
      "sga": 16409000,
      "fcf": null,
      "ocf": null,
      "capex": -359000,
      "gross_margin": 0.265830898574921,
      "op_margin": 0.00456144535209588,
      "fcf_margin": null,
      "incr_op_margin_yoy": -0.24335144409493853,
      "rev_growth_yoy": -0.13523686754753464,
      "rev_growth_yoy_accel": 0.07422236473041435
    },
    {
      "date": "2023-07-01T00:00:00",
      "quarter_label": "2023-07 (Q3)",
      "revenue": 74009000,
      "gross_profit": 19780000,
      "operating_income": 253000,
      "net_income": -1726000,
      "opex": 19527000,
      "cogs": 54229000,
      "rd": null,
      "sga": 19042000,
      "fcf": null,
      "ocf": null,
      "capex": -238000,
      "gross_margin": 0.2672647921198773,
      "op_margin": 0.0034185031550216867,
      "fcf_margin": null,
      "incr_op_margin_yoy": -0.32903292393435857,
      "rev_growth_yoy": -0.1157614279911109,
      "rev_growth_yoy_accel": 0.019475439556423738,
      "op_leverage_ratio": 0.9046454817840319
    },
    {
      "date": "2023-09-30T00:00:00",
      "quarter_label": "2023-09 (Q3)",
      "revenue": 68576000,
      "gross_profit": 18235000,
      "operating_income": -913000,
      "net_income": -2394000,
      "opex": 19148000,
      "cogs": 50341000,
      "rd": null,
      "sga": 18743000,
      "fcf": null,
      "ocf": null,
      "capex": -166000,
      "gross_margin": 0.2659093560429305,
      "op_margin": -0.013313695753616425,
      "fcf_margin": null,
      "incr_op_margin_yoy": -1.9576271186440677,
      "rev_growth_yoy": -0.04439675594325688,
      "rev_growth_yoy_accel": 0.07136467204785402
    },
    {
      "date": "2023-12-30T00:00:00",
      "quarter_label": "2023-12 (Q4)",
      "revenue": 66674000,
      "gross_profit": 18031000,
      "operating_income": 5402000,
      "net_income": 3160000,
      "opex": 12629000,
      "cogs": 48643000,
      "rd": null,
      "sga": 19941000,
      "fcf": null,
      "ocf": null,
      "capex": -217000,
      "gross_margin": 0.27043525212226655,
      "op_margin": 0.08102108768035517,
      "fcf_margin": null,
      "incr_op_margin_yoy": -5.49585706887623,
      "rev_growth_yoy": -0.054752183282295565,
      "rev_growth_yoy_accel": -0.010355427339038686
    },
    {
      "date": "2024-03-30T00:00:00",
      "quarter_label": "2024-03 (Q1)",
      "revenue": 65254000,
      "gross_profit": 15809000,
      "operating_income": -857000,
      "net_income": -2494000,
      "opex": 16666000,
      "cogs": 49445000,
      "rd": null,
      "sga": 16372000,
      "fcf": null,
      "ocf": null,
      "capex": -499000,
      "gross_margin": 0.2422686731847856,
      "op_margin": -0.013133294510681338,
      "fcf_margin": null,
      "incr_op_margin_yoy": 0.6355191256830601,
      "rev_growth_yoy": -0.02727923200763222,
      "rev_growth_yoy_accel": 0.027472951274663343
    },
    {
      "date": "2024-06-29T00:00:00",
      "quarter_label": "2024-06 (Q2)",
      "revenue": 70507000,
      "gross_profit": 19813000,
      "operating_income": 2295000,
      "net_income": 603000,
      "opex": 17518000,
      "cogs": 50694000,
      "rd": null,
      "sga": 17376000,
      "fcf": null,
      "ocf": null,
      "capex": -852000,
      "gross_margin": 0.28100755953309603,
      "op_margin": 0.03254995957848157,
      "fcf_margin": null,
      "incr_op_margin_yoy": -0.5830953740719589,
      "rev_growth_yoy": -0.047318569363185556,
      "rev_growth_yoy_accel": -0.020039337355553334,
      "op_leverage_ratio": 1.574679033220995
    },
    {
      "date": "2024-09-28T00:00:00",
      "quarter_label": "2024-09 (Q3)",
      "revenue": 64877000,
      "gross_profit": 15930000,
      "operating_income": -2107000,
      "net_income": -3911000,
      "opex": 18037000,
      "cogs": 48947000,
      "rd": null,
      "sga": 17561000,
      "fcf": null,
      "ocf": null,
      "capex": -553000,
      "gross_margin": 0.24554156326587234,
      "op_margin": -0.03247684079103534,
      "fcf_margin": null,
      "incr_op_margin_yoy": 0.32278994322789945,
      "rev_growth_yoy": -0.053940153989734015,
      "rev_growth_yoy_accel": -0.006621584626548459
    },
    {
      "date": "2024-12-28T00:00:00",
      "quarter_label": "2024-12 (Q4)",
      "revenue": 64388000,
      "gross_profit": 13958000,
      "operating_income": -5197000,
      "net_income": -7198000,
      "opex": 19155000,
      "cogs": 50430000,
      "rd": null,
      "sga": 18541000,
      "fcf": null,
      "ocf": null,
      "capex": -190000,
      "gross_margin": 0.21677952413493198,
      "op_margin": -0.08071379760203765,
      "fcf_margin": null,
      "incr_op_margin_yoy": 4.636482939632546,
      "rev_growth_yoy": -0.03428622851486336,
      "rev_growth_yoy_accel": 0.019653925474870652
    },
    {
      "date": "2025-03-29T00:00:00",
      "quarter_label": "2025-03 (Q1)",
      "revenue": 62990000,
      "gross_profit": 16902000,
      "operating_income": 11000,
      "net_income": -1697000,
      "opex": 16891000,
      "cogs": 46088000,
      "rd": null,
      "sga": 16874000,
      "fcf": null,
      "ocf": null,
      "capex": -74000,
      "gross_margin": 0.2683283060803302,
      "op_margin": 0.0001746308937926655,
      "fcf_margin": null,
      "incr_op_margin_yoy": -0.3833922261484099,
      "rev_growth_yoy": -0.03469519109939621,
      "rev_growth_yoy_accel": -0.00040896258453284456
    },
    {
      "date": "2025-06-28T00:00:00",
      "quarter_label": "2025-06 (Q2)",
      "revenue": 68573000,
      "gross_profit": 20016000,
      "operating_income": 3189000,
      "net_income": 1160000,
      "opex": 16827000,
      "cogs": 48557000,
      "rd": null,
      "sga": 16778000,
      "fcf": null,
      "ocf": null,
      "capex": -81000,
      "gross_margin": 0.29189331077829467,
      "op_margin": 0.046505184256194126,
      "fcf_margin": null,
      "incr_op_margin_yoy": -0.4622543950361944,
      "rev_growth_yoy": -0.02742990057724765,
      "rev_growth_yoy_accel": 0.007265290522148558,
      "op_leverage_ratio": Infinity
    },
    {
      "date": "2025-09-27T00:00:00",
      "quarter_label": "2025-09 (Q3)",
      "revenue": 62379000,
      "gross_profit": 15479000,
      "operating_income": -2025000,
      "net_income": -4077000,
      "opex": 17504000,
      "cogs": 46900000,
      "rd": null,
      "sga": 16365000,
      "fcf": null,
      "ocf": null,
      "capex": -291000,
      "gross_margin": 0.24814440757306144,
      "op_margin": -0.032462848073871016,
      "fcf_margin": null,
      "incr_op_margin_yoy": -0.03282626100880705,
      "rev_growth_yoy": -0.03850362994589762,
      "rev_growth_yoy_accel": -0.011073729368649973
    }
  ],
  "signals": [
    {
      "quarter": "2025-03 (Q1)",
      "signal": "GROSS MARGIN INFLECTION",
      "detail": "GM: +24.6% -> +21.7% -> +26.8% (reversal +5.2%)",
      "severity": "HIGH"
    },
    {
      "quarter": "2025-03 (Q1)",
      "signal": "OP MARGIN TURNED POSITIVE (YoY)",
      "detail": "Op margin: -1.3% (year-ago) -> +0.0%",
      "severity": "HIGH"
    },
    {
      "quarter": "2025-03 (Q1)",
      "signal": "OP MARGIN TURNED POSITIVE (QoQ)",
      "detail": "Op margin: -8.1% -> +0.0%",
      "severity": "HIGH"
    },
    {
      "quarter": "2024-06 (Q2)",
      "signal": "OPERATING LEVERAGE",
      "detail": "Rev growth +8.1% vs OpEx growth +5.1% (leverage: 1.6x)",
      "severity": "MEDIUM"
    },
    {
      "quarter": "2024-06 (Q2)",
      "signal": "GROSS MARGIN INFLECTION",
      "detail": "GM: +27.0% -> +24.2% -> +28.1% (reversal +3.9%)",
      "severity": "MEDIUM"
    },
    {
      "quarter": "2024-06 (Q2)",
      "signal": "OP MARGIN TURNED POSITIVE (QoQ)",
      "detail": "Op margin: -1.3% -> +3.3%",
      "severity": "HIGH"
    },
    {
      "quarter": "2023-12 (Q4)",
      "signal": "OP MARGIN TURNED POSITIVE (YoY)",
      "detail": "Op margin: -22.4% (year-ago) -> +8.1%",
      "severity": "HIGH"
    },
    {
      "quarter": "2023-12 (Q4)",
      "signal": "OP MARGIN TURNED POSITIVE (QoQ)",
      "detail": "Op margin: -1.3% -> +8.1%",
      "severity": "HIGH"
    },
    {
      "quarter": "2023-09 (Q3)",
      "signal": "YoY REVENUE GROWTH ACCELERATION",
      "detail": "YoY growth: -4.4% vs prior quarter YoY: -11.6% (accel: +7.1%)",
      "severity": "MEDIUM"
    },
    {
      "quarter": "2023-07 (Q3)",
      "signal": "OP MARGIN TURNED POSITIVE (YoY)",
      "detail": "Op margin: -3.5% (year-ago) -> +0.3%",
      "severity": "HIGH"
    },
    {
      "quarter": "2023-04 (Q2)",
      "signal": "GROSS MARGIN INFLECTION",
      "detail": "GM: +17.5% -> +14.0% -> +26.6% (reversal +12.6%)",
      "severity": "HIGH"
    },
    {
      "quarter": "2023-04 (Q2)",
      "signal": "YoY REVENUE GROWTH ACCELERATION",
      "detail": "YoY growth: -13.5% vs prior quarter YoY: -20.9% (accel: +7.4%)",
      "severity": "MEDIUM"
    },
    {
      "quarter": "2023-04 (Q2)",
      "signal": "OP MARGIN TURNED POSITIVE (YoY)",
      "detail": "Op margin: -2.9% (year-ago) -> +0.5%",
      "severity": "HIGH"
    },
    {
      "quarter": "2023-04 (Q2)",
      "signal": "OP MARGIN TURNED POSITIVE (QoQ)",
      "detail": "Op margin: -22.4% -> +0.5%",
      "severity": "HIGH"
    },
    {
      "quarter": "2022-06 (Q2)",
      "signal": "YoY REVENUE GROWTH DECELERATION",
      "detail": "YoY growth: -20.2% vs prior quarter YoY: -10.1% (decel: -10.0%)",
      "severity": "WARNING"
    },
    {
      "quarter": "2022-03 (Q1)",
      "signal": "GROSS MARGIN INFLECTION",
      "detail": "GM: +27.9% -> +14.4% -> +19.6% (reversal +5.1%)",
      "severity": "HIGH"
    },
    {
      "quarter": "2022-03 (Q1)",
      "signal": "YoY REVENUE GROWTH DECELERATION",
      "detail": "YoY growth: -10.1% vs prior quarter YoY: +0.7% (decel: -10.8%)",
      "severity": "WARNING"
    },
    {
      "quarter": "2021-06 (Q2)",
      "signal": "OPERATING LEVERAGE",
      "detail": "Rev growth +21.5% vs OpEx growth +5.0% (leverage: 4.3x)",
      "severity": "MEDIUM"
    },
    {
      "quarter": "2021-06 (Q2)",
      "signal": "GROSS MARGIN INFLECTION",
      "detail": "GM: +25.9% -> +22.6% -> +24.6% (reversal +2.0%)",
      "severity": "MEDIUM"
    },
    {
      "quarter": "2021-06 (Q2)",
      "signal": "OP MARGIN TURNED POSITIVE (QoQ)",
      "detail": "Op margin: -0.8% -> +4.4%",
      "severity": "HIGH"
    }
  ],
  "data_quality": {
    "n_quarters": 20,
    "coverage": {
      "revenue": [
        20,
        20
      ],
      "gross_profit": [
        20,
        20
      ],
      "op_income": [
        20,
        20
      ],
      "fcf": [
        4,
        20
      ]
    },
    "gaps": [],
    "warnings": [
      "fcf: 4/20Q"
    ]
  },
  "market_cap": null,
  "source": "SEC EDGAR",
  "last_updated": "2026-02-03T00:16:57.420127",
  "sector": "Consumer Cyclical",
  "industry": "Textile Manufacturing"
}