{
  "ticker": "DY",
  "name": "DYCOM INDUSTRIES INC",
  "quarters": [
    {
      "date": "2021-01-30T00:00:00",
      "quarter_label": "2021-01 (Q1)",
      "revenue": 750665000,
      "gross_profit": 105189000,
      "operating_income": null,
      "net_income": -4195000,
      "opex": 752958000,
      "cogs": 645476000,
      "rd": null,
      "sga": null,
      "fcf": 80415000,
      "ocf": 102352000,
      "capex": -21937000,
      "gross_margin": 0.14012775339199243,
      "op_margin": null,
      "fcf_margin": 0.10712501581930688
    },
    {
      "date": "2021-05-01T00:00:00",
      "quarter_label": "2021-05 (Q2)",
      "revenue": 727497000,
      "gross_profit": 107486000,
      "operating_income": null,
      "net_income": 898000,
      "opex": 726101000,
      "cogs": 620011000,
      "rd": null,
      "sga": null,
      "fcf": 9882000,
      "ocf": 41511000,
      "capex": -31629000,
      "gross_margin": 0.14774768830661844,
      "op_margin": null,
      "fcf_margin": 0.01358356116932441,
      "fcf_margin_change": -0.09354145464998247
    },
    {
      "date": "2021-07-31T00:00:00",
      "quarter_label": "2021-07 (Q3)",
      "revenue": 787568000,
      "gross_profit": 136201000,
      "operating_income": null,
      "net_income": 18165000,
      "opex": 754559000,
      "cogs": 651367000,
      "rd": null,
      "sga": null,
      "fcf": -19428000,
      "ocf": 17295000,
      "capex": -36723000,
      "gross_margin": 0.17293871767263272,
      "op_margin": null,
      "fcf_margin": -0.024668346098368647,
      "op_leverage_ratio": 2.1068145780488368,
      "fcf_margin_change": -0.03825190726769306
    },
    {
      "date": "2021-10-30T00:00:00",
      "quarter_label": "2021-10 (Q4)",
      "revenue": 853973000,
      "gross_profit": 148108000,
      "operating_income": null,
      "net_income": 28717000,
      "opex": 810530000,
      "cogs": 705865000,
      "rd": null,
      "sga": null,
      "fcf": 59182000,
      "ocf": 104307000,
      "capex": -45125000,
      "gross_margin": 0.17343405470664763,
      "op_margin": null,
      "fcf_margin": 0.06930195685343682,
      "op_leverage_ratio": 1.136692138766702,
      "fcf_margin_change": 0.09397030295180547
    },
    {
      "date": "2022-01-29T00:00:00",
      "quarter_label": "2022-01 (Q1)",
      "revenue": 761481000,
      "gross_profit": 104847000,
      "operating_income": null,
      "net_income": 794000,
      "opex": 757771000,
      "cogs": 656634000,
      "rd": null,
      "sga": null,
      "fcf": 101977000,
      "ocf": 145542000,
      "capex": -43565000,
      "gross_margin": 0.13768826799355466,
      "op_margin": null,
      "fcf_margin": 0.13391929673885494,
      "rev_growth_yoy": 0.014408557745465686,
      "fcf_margin_change": 0.06461733988541812
    },
    {
      "date": "2022-04-30T00:00:00",
      "quarter_label": "2022-04 (Q2)",
      "revenue": 876300000,
      "gross_profit": 130570000,
      "operating_income": null,
      "net_income": 19536000,
      "opex": 851747000,
      "cogs": 745730000,
      "rd": null,
      "sga": null,
      "fcf": -103320000,
      "ocf": -64915000,
      "capex": -38405000,
      "gross_margin": 0.1490014835102134,
      "op_margin": null,
      "fcf_margin": -0.11790482711400205,
      "rev_growth_yoy": 0.204541049653813,
      "rev_growth_yoy_accel": 0.19013249190834733,
      "op_leverage_ratio": 1.215838002215369,
      "fcf_margin_change": -0.251824123852857
    },
    {
      "date": "2022-07-30T00:00:00",
      "quarter_label": "2022-07 (Q3)",
      "revenue": 972273000,
      "gross_profit": 174293000,
      "operating_income": null,
      "net_income": 43856000,
      "opex": 906661000,
      "cogs": 797980000,
      "rd": null,
      "sga": null,
      "fcf": -54561000,
      "ocf": -12034000,
      "capex": -42527000,
      "gross_margin": 0.17926343732675906,
      "op_margin": null,
      "fcf_margin": -0.05611695480590328,
      "rev_growth_yoy": 0.23452578063100582,
      "rev_growth_yoy_accel": 0.029984730977192814,
      "op_leverage_ratio": 1.698727791750362,
      "fcf_margin_change": 0.06178787230809877
    },
    {
      "date": "2022-10-29T00:00:00",
      "quarter_label": "2022-10 (Q4)",
      "revenue": 1042423000,
      "gross_profit": 191526000,
      "operating_income": null,
      "net_income": 54012000,
      "opex": 965149000,
      "cogs": 850897000,
      "rd": null,
      "sga": null,
      "fcf": -59352000,
      "ocf": -4507000,
      "capex": -54845000,
      "gross_margin": 0.18373155619168036,
      "op_margin": null,
      "fcf_margin": -0.056936579488365086,
      "rev_growth_yoy": 0.2206744241328473,
      "rev_growth_yoy_accel": -0.013851356498158524,
      "op_leverage_ratio": 1.118452678372051,
      "fcf_margin_change": -0.0008196246824618073
    },
    {
      "date": "2023-01-28T00:00:00",
      "quarter_label": "2023-01 (Q1)",
      "revenue": 917466000,
      "gross_profit": 151808000,
      "operating_income": null,
      "net_income": 24809000,
      "opex": 874367000,
      "cogs": 765658000,
      "rd": null,
      "sga": null,
      "fcf": 181067000,
      "ocf": 246245000,
      "capex": -65178000,
      "gross_margin": 0.16546444227905993,
      "op_margin": null,
      "fcf_margin": 0.19735554233072397,
      "rev_growth_yoy": 0.20484424430813114,
      "rev_growth_yoy_accel": -0.015830179824716156,
      "fcf_margin_change": 0.25429212181908906
    },
    {
      "date": "2023-04-29T00:00:00",
      "quarter_label": "2023-04 (Q2)",
      "revenue": 1045474000,
      "gross_profit": 192108000,
      "operating_income": null,
      "net_income": 51523000,
      "opex": 972994000,
      "cogs": 853366000,
      "rd": null,
      "sga": null,
      "fcf": -128037000,
      "ocf": -85117000,
      "capex": -42920000,
      "gross_margin": 0.1837520588747305,
      "op_margin": null,
      "fcf_margin": -0.12246789494525928,
      "rev_growth_yoy": 0.1930548898778957,
      "rev_growth_yoy_accel": -0.011789354430235433,
      "op_leverage_ratio": 1.2369298451954007,
      "fcf_margin_change": -0.3198234372759833
    },
    {
      "date": "2023-07-29T00:00:00",
      "quarter_label": "2023-07 (Q3)",
      "revenue": 1041535000,
      "gross_profit": 211126000,
      "operating_income": null,
      "net_income": 60246000,
      "opex": 953234000,
      "cogs": 830409000,
      "rd": null,
      "sga": null,
      "fcf": 5302000,
      "ocf": 56270000,
      "capex": -50968000,
      "gross_margin": 0.20270658211197895,
      "op_margin": null,
      "fcf_margin": 0.0050905634472197285,
      "rev_growth_yoy": 0.07123719366885638,
      "rev_growth_yoy_accel": -0.12181769620903933,
      "fcf_margin_change": 0.127558458392479
    },
    {
      "date": "2023-10-28T00:00:00",
      "quarter_label": "2023-10 (Q4)",
      "revenue": 1136110000,
      "gross_profit": 249448000,
      "operating_income": null,
      "net_income": 83736000,
      "opex": 1016695000,
      "cogs": 886662000,
      "rd": null,
      "sga": null,
      "fcf": -104509000,
      "ocf": -37264000,
      "capex": -67245000,
      "gross_margin": 0.2195632465166225,
      "op_margin": null,
      "fcf_margin": -0.09198845182244678,
      "rev_growth_yoy": 0.08987426409432639,
      "rev_growth_yoy_accel": 0.018637070425470012,
      "op_leverage_ratio": 1.3639394608974484,
      "fcf_margin_change": -0.0970790152696665
    },
    {
      "date": "2024-01-27T00:00:00",
      "quarter_label": "2024-01 (Q1)",
      "revenue": 952455000,
      "gross_profit": 161077000,
      "operating_income": null,
      "net_income": 23418000,
      "opex": 909659000,
      "cogs": 791378000,
      "rd": null,
      "sga": null,
      "fcf": 267728000,
      "ocf": 325087000,
      "capex": -57359000,
      "gross_margin": 0.16911770109873958,
      "op_margin": null,
      "fcf_margin": 0.281092545054622,
      "rev_growth_yoy": 0.03813656309879603,
      "rev_growth_yoy_accel": -0.05173770099553036,
      "fcf_margin_change": 0.37308099687706875
    },
    {
      "date": "2024-04-27T00:00:00",
      "quarter_label": "2024-04 (Q2)",
      "revenue": 1142423000,
      "gross_profit": 220787000,
      "operating_income": null,
      "net_income": 62554000,
      "opex": 1061396000,
      "cogs": 921636000,
      "rd": null,
      "sga": null,
      "fcf": -79358000,
      "ocf": -37398000,
      "capex": -41960000,
      "gross_margin": 0.19326204041760364,
      "op_margin": null,
      "fcf_margin": -0.06946463787931441,
      "rev_growth_yoy": 0.09273210046352182,
      "rev_growth_yoy_accel": 0.054595537364725784,
      "op_leverage_ratio": 1.1957024298378536,
      "fcf_margin_change": -0.3505571829339364
    },
    {
      "date": "2024-07-27T00:00:00",
      "quarter_label": "2024-07 (Q3)",
      "revenue": 1203059000,
      "gross_profit": 250177000,
      "operating_income": null,
      "net_income": 68400000,
      "opex": 1099037000,
      "cogs": 952882000,
      "rd": null,
      "sga": null,
      "fcf": -72941000,
      "ocf": -7514000,
      "capex": -65427000,
      "gross_margin": 0.20795073225835142,
      "op_margin": null,
      "fcf_margin": -0.060629611681555104,
      "rev_growth_yoy": 0.15508264244600517,
      "rev_growth_yoy_accel": 0.062350541982483354,
      "op_leverage_ratio": 1.4966487943423956,
      "fcf_margin_change": 0.008835026197759305
    },
    {
      "date": "2024-10-26T00:00:00",
      "quarter_label": "2024-10 (Q4)",
      "revenue": 1272007000,
      "gross_profit": 264595000,
      "operating_income": null,
      "net_income": 69789000,
      "opex": 1170190000,
      "cogs": 1007412000,
      "rd": null,
      "sga": null,
      "fcf": -8787000,
      "ocf": 65791000,
      "capex": -74578000,
      "gross_margin": 0.20801379237692874,
      "op_margin": null,
      "fcf_margin": -0.00690798085230663,
      "rev_growth_yoy": 0.1196160583042135,
      "rev_growth_yoy_accel": -0.03546658414179167,
      "op_leverage_ratio": 0.8852253542503343,
      "fcf_margin_change": 0.053721630829248475
    },
    {
      "date": "2025-01-25T00:00:00",
      "quarter_label": "2025-01 (Q1)",
      "revenue": 1084525000,
      "gross_profit": 196578000,
      "operating_income": null,
      "net_income": 32670000,
      "opex": 1030855000,
      "cogs": 887947000,
      "rd": null,
      "sga": null,
      "fcf": 259725000,
      "ocf": 328217000,
      "capex": -68492000,
      "gross_margin": 0.18125723242894354,
      "op_margin": null,
      "fcf_margin": 0.23948272285101774,
      "rev_growth_yoy": 0.1386627189735998,
      "rev_growth_yoy_accel": 0.019046660669386303,
      "fcf_margin_change": 0.24639070370332436
    },
    {
      "date": "2025-04-26T00:00:00",
      "quarter_label": "2025-04 (Q2)",
      "revenue": 1258608000,
      "gross_profit": 247496000,
      "operating_income": null,
      "net_income": 61048000,
      "opex": 1173227000,
      "cogs": 1011112000,
      "rd": null,
      "sga": null,
      "fcf": -133465000,
      "ocf": -53966000,
      "capex": -79499000,
      "gross_margin": 0.19664264012305657,
      "op_margin": null,
      "fcf_margin": -0.1060417540648081,
      "rev_growth_yoy": 0.10170050848065909,
      "rev_growth_yoy_accel": -0.03696221049294071,
      "op_leverage_ratio": 1.1622238692272315,
      "fcf_margin_change": -0.34552447691582583
    },
    {
      "date": "2025-07-26T00:00:00",
      "quarter_label": "2025-07 (Q3)",
      "revenue": 1377944000,
      "gross_profit": 307494000,
      "operating_income": null,
      "net_income": 97483000,
      "opex": 1238098000,
      "cogs": 1070450000,
      "rd": null,
      "sga": null,
      "fcf": 5755000,
      "ocf": 57444000,
      "capex": -51689000,
      "gross_margin": 0.22315420655701537,
      "op_margin": null,
      "fcf_margin": 0.004176512253037859,
      "rev_growth_yoy": 0.14536693545370594,
      "rev_growth_yoy_accel": 0.043666426973046846,
      "op_leverage_ratio": 1.7147959342712207,
      "fcf_margin_change": 0.11021826631784597
    },
    {
      "date": "2025-10-25T00:00:00",
      "quarter_label": "2025-10 (Q4)",
      "revenue": 1451798000,
      "gross_profit": 320202000,
      "operating_income": null,
      "net_income": 106365000,
      "opex": 1301052000,
      "cogs": 1131596000,
      "rd": null,
      "sga": null,
      "fcf": 164812000,
      "ocf": 220027000,
      "capex": -55215000,
      "gross_margin": 0.220555476726101,
      "op_margin": null,
      "fcf_margin": 0.11352268015247301,
      "rev_growth_yoy": 0.14134434794777073,
      "rev_growth_yoy_accel": -0.0040225875059352045,
      "op_leverage_ratio": 1.0540813911011273,
      "fcf_margin_change": 0.10934616789943515
    }
  ],
  "signals": [
    {
      "quarter": "2025-10 (Q4)",
      "signal": "FCF MARGIN EXPANSION",
      "detail": "FCF margin: +0.4% -> +11.4% (+10.9%)",
      "severity": "MEDIUM"
    },
    {
      "quarter": "2025-07 (Q3)",
      "signal": "FCF TURNED POSITIVE",
      "detail": "FCF margin: -10.6% -> +0.4%",
      "severity": "HIGH"
    },
    {
      "quarter": "2025-07 (Q3)",
      "signal": "OPERATING LEVERAGE",
      "detail": "Rev growth +9.5% vs OpEx growth +5.5% (leverage: 1.7x)",
      "severity": "MEDIUM"
    },
    {
      "quarter": "2025-01 (Q1)",
      "signal": "FCF TURNED POSITIVE",
      "detail": "FCF margin: -0.7% -> +23.9%",
      "severity": "HIGH"
    },
    {
      "quarter": "2024-10 (Q4)",
      "signal": "FCF MARGIN EXPANSION",
      "detail": "FCF margin: -6.1% -> -0.7% (+5.4%)",
      "severity": "MEDIUM"
    },
    {
      "quarter": "2024-07 (Q3)",
      "signal": "YoY REVENUE GROWTH ACCELERATION",
      "detail": "YoY growth: +15.5% vs prior quarter YoY: +9.3% (accel: +6.2%)",
      "severity": "MEDIUM"
    },
    {
      "quarter": "2024-04 (Q2)",
      "signal": "GROSS MARGIN INFLECTION",
      "detail": "GM: +22.0% -> +16.9% -> +19.3% (reversal +2.4%)",
      "severity": "MEDIUM"
    },
    {
      "quarter": "2024-04 (Q2)",
      "signal": "YoY REVENUE GROWTH ACCELERATION",
      "detail": "YoY growth: +9.3% vs prior quarter YoY: +3.8% (accel: +5.5%)",
      "severity": "MEDIUM"
    },
    {
      "quarter": "2024-01 (Q1)",
      "signal": "FCF TURNED POSITIVE",
      "detail": "FCF margin: -9.2% -> +28.1%",
      "severity": "HIGH"
    },
    {
      "quarter": "2024-01 (Q1)",
      "signal": "YoY REVENUE GROWTH DECELERATION",
      "detail": "YoY growth: +3.8% vs prior quarter YoY: +9.0% (decel: -5.2%)",
      "severity": "WARNING"
    },
    {
      "quarter": "2023-07 (Q3)",
      "signal": "FCF TURNED POSITIVE",
      "detail": "FCF margin: -12.2% -> +0.5%",
      "severity": "HIGH"
    },
    {
      "quarter": "2023-07 (Q3)",
      "signal": "YoY REVENUE GROWTH DECELERATION",
      "detail": "YoY growth: +7.1% vs prior quarter YoY: +19.3% (decel: -12.2%)",
      "severity": "WARNING"
    },
    {
      "quarter": "2023-01 (Q1)",
      "signal": "FCF TURNED POSITIVE",
      "detail": "FCF margin: -5.7% -> +19.7%",
      "severity": "HIGH"
    },
    {
      "quarter": "2022-07 (Q3)",
      "signal": "FCF MARGIN EXPANSION",
      "detail": "FCF margin: -11.8% -> -5.6% (+6.2%)",
      "severity": "MEDIUM"
    },
    {
      "quarter": "2022-07 (Q3)",
      "signal": "OPERATING LEVERAGE",
      "detail": "Rev growth +11.0% vs OpEx growth +6.4% (leverage: 1.7x)",
      "severity": "MEDIUM"
    },
    {
      "quarter": "2022-04 (Q2)",
      "signal": "YoY REVENUE GROWTH ACCELERATION",
      "detail": "YoY growth: +20.5% vs prior quarter YoY: +1.4% (accel: +19.0%)",
      "severity": "HIGH"
    },
    {
      "quarter": "2022-01 (Q1)",
      "signal": "FCF MARGIN EXPANSION",
      "detail": "FCF margin: +6.9% -> +13.4% (+6.5%)",
      "severity": "MEDIUM"
    },
    {
      "quarter": "2021-10 (Q4)",
      "signal": "FCF TURNED POSITIVE",
      "detail": "FCF margin: -2.5% -> +6.9%",
      "severity": "HIGH"
    },
    {
      "quarter": "2021-07 (Q3)",
      "signal": "OPERATING LEVERAGE",
      "detail": "Rev growth +8.3% vs OpEx growth +3.9% (leverage: 2.1x)",
      "severity": "MEDIUM"
    }
  ],
  "data_quality": {
    "n_quarters": 20,
    "coverage": {
      "revenue": [
        20,
        20
      ],
      "gross_profit": [
        20,
        20
      ],
      "op_income": [
        0,
        20
      ],
      "fcf": [
        20,
        20
      ]
    },
    "gaps": [],
    "warnings": [
      "op_income: no data"
    ]
  },
  "market_cap": null,
  "source": "SEC EDGAR",
  "last_updated": "2026-02-02T20:34:43.295105"
}