{
  "ticker": "DYNR",
  "name": "DYNARESOURCE, INC.",
  "quarters": [
    {
      "date": "2020-12-31T00:00:00",
      "quarter_label": "2020-12 (Q4)",
      "revenue": 3803735,
      "gross_profit": null,
      "operating_income": -356148,
      "net_income": 1297815,
      "opex": 4159883,
      "cogs": null,
      "rd": null,
      "sga": null,
      "fcf": 1912773,
      "ocf": 1912773,
      "capex": null,
      "gross_margin": null,
      "op_margin": -0.09363112835147559,
      "fcf_margin": 0.5028670504122922
    },
    {
      "date": "2021-03-31T00:00:00",
      "quarter_label": "2021-03 (Q1)",
      "revenue": 4912712,
      "gross_profit": null,
      "operating_income": 1379933,
      "net_income": 289709,
      "opex": 3532779,
      "cogs": null,
      "rd": null,
      "sga": null,
      "fcf": 3004325,
      "ocf": 3004325,
      "capex": null,
      "gross_margin": null,
      "op_margin": 0.28089026997715316,
      "fcf_margin": 0.611541038839647,
      "op_leverage_ratio": Infinity,
      "fcf_margin_change": 0.10867398842735487
    },
    {
      "date": "2021-06-30T00:00:00",
      "quarter_label": "2021-06 (Q2)",
      "revenue": 10526313,
      "gross_profit": null,
      "operating_income": 5262886,
      "net_income": 4462745,
      "opex": 5263427,
      "cogs": null,
      "rd": null,
      "sga": null,
      "fcf": 5266881,
      "ocf": 5266881,
      "capex": null,
      "gross_margin": null,
      "op_margin": 0.49997430249319014,
      "fcf_margin": 0.5003538275937643,
      "op_leverage_ratio": 2.3325338830114406,
      "fcf_margin_change": -0.11118721124588271
    },
    {
      "date": "2021-09-30T00:00:00",
      "quarter_label": "2021-09 (Q3)",
      "revenue": 10467058,
      "gross_profit": null,
      "operating_income": 4648485,
      "net_income": 274927,
      "opex": 5818573,
      "cogs": null,
      "rd": null,
      "sga": null,
      "fcf": 6476177,
      "ocf": 6476177,
      "capex": null,
      "gross_margin": null,
      "op_margin": 0.4441061662216833,
      "fcf_margin": 0.6187198924473334,
      "fcf_margin_change": 0.11836606485356904
    },
    {
      "date": "2021-12-31T00:00:00",
      "quarter_label": "2021-12 (Q4)",
      "revenue": 9979963,
      "gross_profit": null,
      "operating_income": 1894393,
      "net_income": 3506982,
      "opex": 8085570,
      "cogs": null,
      "rd": null,
      "sga": null,
      "fcf": 2768822,
      "ocf": 2768822,
      "capex": null,
      "gross_margin": null,
      "op_margin": 0.18981964161590578,
      "fcf_margin": 0.27743810272643293,
      "incr_op_margin_yoy": 0.3643876165193383,
      "rev_growth_yoy": 1.6237272049709035,
      "fcf_margin_change": -0.34128178972090045
    },
    {
      "date": "2022-03-31T00:00:00",
      "quarter_label": "2022-03 (Q1)",
      "revenue": 10492503,
      "gross_profit": null,
      "operating_income": 4245741,
      "net_income": 5062802,
      "opex": 6246762,
      "cogs": null,
      "rd": null,
      "sga": null,
      "fcf": 104312,
      "ocf": 104312,
      "capex": null,
      "gross_margin": null,
      "op_margin": 0.4046452023887913,
      "fcf_margin": 0.009941574474651091,
      "incr_op_margin_yoy": 0.5136049002552247,
      "rev_growth_yoy": 1.1357863029625999,
      "rev_growth_yoy_accel": -0.48794090200830365,
      "op_leverage_ratio": Infinity,
      "fcf_margin_change": -0.26749652825178183
    },
    {
      "date": "2022-06-30T00:00:00",
      "quarter_label": "2022-06 (Q2)",
      "revenue": 10098010,
      "gross_profit": null,
      "operating_income": -622523,
      "net_income": 521021,
      "opex": 10720533,
      "cogs": null,
      "rd": null,
      "sga": null,
      "fcf": -280912,
      "ocf": -280912,
      "capex": null,
      "gross_margin": null,
      "op_margin": -0.06164808709834908,
      "fcf_margin": -0.027818550387650635,
      "rev_growth_yoy": -0.04068879578253088,
      "rev_growth_yoy_accel": -1.1764750987451307,
      "fcf_margin_change": -0.03776012486230172
    },
    {
      "date": "2022-09-30T00:00:00",
      "quarter_label": "2022-09 (Q3)",
      "revenue": 8032557,
      "gross_profit": null,
      "operating_income": -1316310,
      "net_income": -1578731,
      "opex": 9348867,
      "cogs": null,
      "rd": null,
      "sga": null,
      "fcf": -3705127,
      "ocf": -3705127,
      "capex": null,
      "gross_margin": null,
      "op_margin": -0.16387185301019339,
      "fcf_margin": -0.46126370469577743,
      "incr_op_margin_yoy": 2.4501098993181767,
      "rev_growth_yoy": -0.23258694085768894,
      "rev_growth_yoy_accel": -0.19189814507515807,
      "fcf_margin_change": -0.4334451543081268
    },
    {
      "date": "2022-12-31T00:00:00",
      "quarter_label": "2022-12 (Q4)",
      "revenue": 11144390,
      "gross_profit": null,
      "operating_income": 461643,
      "net_income": 2680710,
      "opex": 10682747,
      "cogs": null,
      "rd": null,
      "sga": null,
      "fcf": 2100502,
      "ocf": 2100502,
      "capex": null,
      "gross_margin": null,
      "op_margin": 0.041423801571911965,
      "fcf_margin": 0.18848066157053012,
      "incr_op_margin_yoy": -1.2304335093569627,
      "rev_growth_yoy": 0.11667648467233796,
      "rev_growth_yoy_accel": 0.34926342553002687,
      "op_leverage_ratio": 2.715217890641039,
      "fcf_margin_change": 0.6497443662663076
    },
    {
      "date": "2023-03-31T00:00:00",
      "quarter_label": "2023-03 (Q1)",
      "revenue": 11953079,
      "gross_profit": null,
      "operating_income": -120403,
      "net_income": 31705,
      "opex": 12073482,
      "cogs": null,
      "rd": null,
      "sga": null,
      "fcf": -294248,
      "ocf": -294248,
      "capex": null,
      "gross_margin": null,
      "op_margin": -0.010072969483427658,
      "fcf_margin": -0.024616920878712506,
      "incr_op_margin_yoy": -2.9893302368380694,
      "rev_growth_yoy": 0.13920186632303083,
      "rev_growth_yoy_accel": 0.02252538165069287,
      "op_leverage_ratio": 0.5573959290092017,
      "fcf_margin_change": -0.21309758244924262
    },
    {
      "date": "2023-06-30T00:00:00",
      "quarter_label": "2023-06 (Q2)",
      "revenue": 10912169,
      "gross_profit": null,
      "operating_income": -2025184,
      "net_income": -592441,
      "opex": 12937353,
      "cogs": null,
      "rd": null,
      "sga": null,
      "fcf": -2241337,
      "ocf": -2241337,
      "capex": null,
      "gross_margin": null,
      "op_margin": -0.18558950104236838,
      "fcf_margin": -0.2053979369271132,
      "rev_growth_yoy": 0.08062568763548461,
      "rev_growth_yoy_accel": -0.05857617868754622,
      "fcf_margin_change": -0.1807810160484007
    },
    {
      "date": "2023-09-30T00:00:00",
      "quarter_label": "2023-09 (Q3)",
      "revenue": 6115370,
      "gross_profit": null,
      "operating_income": -6090069,
      "net_income": -5951126,
      "opex": 12205439,
      "cogs": null,
      "rd": null,
      "sga": null,
      "fcf": -9057383,
      "ocf": -8942110,
      "capex": -115273,
      "gross_margin": null,
      "op_margin": -0.9958627196719086,
      "fcf_margin": -1.4810850365554333,
      "incr_op_margin_yoy": 2.4899808938825476,
      "rev_growth_yoy": -0.23867704891481006,
      "rev_growth_yoy_accel": -0.3193027365502947,
      "fcf_margin_change": -1.27568709962832
    },
    {
      "date": "2023-12-31T00:00:00",
      "quarter_label": "2023-12 (Q4)",
      "revenue": 6592576,
      "gross_profit": null,
      "operating_income": -6994912,
      "net_income": -8021642,
      "opex": 13587488,
      "cogs": null,
      "rd": null,
      "sga": null,
      "fcf": -6181966,
      "ocf": -6181966,
      "capex": null,
      "gross_margin": null,
      "op_margin": -1.061028647982215,
      "fcf_margin": -0.9377163039151919,
      "incr_op_margin_yoy": 1.6381501968226293,
      "rev_growth_yoy": -0.4084399415311201,
      "rev_growth_yoy_accel": -0.16976289261631006,
      "op_leverage_ratio": 0.6891489845900926,
      "fcf_margin_change": 0.5433687326402414
    },
    {
      "date": "2024-03-31T00:00:00",
      "quarter_label": "2024-03 (Q1)",
      "revenue": 9428856,
      "gross_profit": null,
      "operating_income": -4088857,
      "net_income": -4408371,
      "opex": 13517713,
      "cogs": null,
      "rd": null,
      "sga": null,
      "fcf": -3357647,
      "ocf": -3357647,
      "capex": null,
      "gross_margin": null,
      "op_margin": -0.4336535630621573,
      "fcf_margin": -0.3561033279116788,
      "incr_op_margin_yoy": 1.5721487364626658,
      "rev_growth_yoy": -0.21117763883263885,
      "rev_growth_yoy_accel": 0.19726230269848127,
      "op_leverage_ratio": Infinity,
      "fcf_margin_change": 0.5816129760035131
    },
    {
      "date": "2024-06-30T00:00:00",
      "quarter_label": "2024-06 (Q2)",
      "revenue": 11083602,
      "gross_profit": null,
      "operating_income": -2885637,
      "net_income": -2927414,
      "opex": 13969239,
      "cogs": null,
      "rd": null,
      "sga": null,
      "fcf": -1377297,
      "ocf": -1370542,
      "capex": -6755,
      "gross_margin": null,
      "op_margin": -0.2603519144769002,
      "fcf_margin": -0.12426438625277234,
      "rev_growth_yoy": 0.015710258886203102,
      "rev_growth_yoy_accel": 0.22688789771884194,
      "op_leverage_ratio": 5.254032987829832,
      "fcf_margin_change": 0.23183894165890648
    },
    {
      "date": "2024-09-30T00:00:00",
      "quarter_label": "2024-09 (Q3)",
      "revenue": 11203505,
      "gross_profit": 324085,
      "operating_income": -623503,
      "net_income": -870512,
      "opex": 11827008,
      "cogs": null,
      "rd": null,
      "sga": null,
      "fcf": -4285284,
      "ocf": -4285284,
      "capex": null,
      "gross_margin": 0.028927108079123454,
      "op_margin": -0.05565249446490183,
      "fcf_margin": -0.38249494243096244,
      "incr_op_margin_yoy": 1.0743751885514043,
      "rev_growth_yoy": 0.8320240639568824,
      "rev_growth_yoy_accel": 0.8163138050706793,
      "op_leverage_ratio": Infinity,
      "fcf_margin_change": -0.25823055617819013
    },
    {
      "date": "2024-12-31T00:00:00",
      "quarter_label": "2024-12 (Q4)",
      "revenue": 14787053,
      "gross_profit": null,
      "operating_income": 662966,
      "net_income": 71445,
      "opex": 14124087,
      "cogs": null,
      "rd": null,
      "sga": null,
      "fcf": 999469,
      "ocf": 999469,
      "capex": null,
      "gross_margin": null,
      "op_margin": 0.04483422085523059,
      "fcf_margin": 0.06759081745361974,
      "incr_op_margin_yoy": 0.93451699235961,
      "rev_growth_yoy": 1.242985594705317,
      "rev_growth_yoy_accel": 0.41096153074843456,
      "op_leverage_ratio": 1.646866035184123,
      "fcf_margin_change": 0.45008575988458216
    },
    {
      "date": "2025-03-31T00:00:00",
      "quarter_label": "2025-03 (Q1)",
      "revenue": 13696401,
      "gross_profit": null,
      "operating_income": 1827506,
      "net_income": 601376,
      "opex": 11868895,
      "cogs": null,
      "rd": null,
      "sga": null,
      "fcf": 2360410,
      "ocf": 1825105,
      "capex": 535305,
      "gross_margin": null,
      "op_margin": 0.1334296506067543,
      "fcf_margin": 0.17233797404150186,
      "incr_op_margin_yoy": 1.3863621824725925,
      "rev_growth_yoy": 0.4526047486566769,
      "rev_growth_yoy_accel": -0.7903808460486401,
      "fcf_margin_change": 0.10474715658788213
    },
    {
      "date": "2025-06-30T00:00:00",
      "quarter_label": "2025-06 (Q2)",
      "revenue": 15886286,
      "gross_profit": null,
      "operating_income": 2747522,
      "net_income": 504022,
      "opex": 13138764,
      "cogs": null,
      "rd": null,
      "sga": null,
      "fcf": -380237,
      "ocf": 1136605,
      "capex": -1516842,
      "gross_margin": null,
      "op_margin": 0.17294929727439126,
      "fcf_margin": -0.023934920975236126,
      "incr_op_margin_yoy": 1.1729189344957944,
      "rev_growth_yoy": 0.43331436837952136,
      "rev_growth_yoy_accel": -0.019290380277155517,
      "op_leverage_ratio": 1.4943977761336233,
      "fcf_margin_change": -0.196272895016738
    },
    {
      "date": "2025-09-30T00:00:00",
      "quarter_label": "2025-09 (Q3)",
      "revenue": 14119589,
      "gross_profit": 2721499,
      "operating_income": -572336,
      "net_income": 1259220,
      "opex": 3293835,
      "cogs": null,
      "rd": null,
      "sga": null,
      "fcf": -128441,
      "ocf": 999390,
      "capex": -1127831,
      "gross_margin": 0.1927463327721508,
      "op_margin": -0.040534890923524754,
      "fcf_margin": -0.00909665288415973,
      "incr_op_margin_yoy": 0.017546476713290838,
      "rev_growth_yoy": 0.26028318816299006,
      "rev_growth_yoy_accel": -0.1730311802165313,
      "fcf_margin_change": 0.014838268091076396
    }
  ],
  "signals": [
    {
      "quarter": "2025-09 (Q3)",
      "signal": "YoY REVENUE GROWTH DECELERATION",
      "detail": "YoY growth: +26.0% vs prior quarter YoY: +43.3% (decel: -17.3%)",
      "severity": "WARNING"
    },
    {
      "quarter": "2025-06 (Q2)",
      "signal": "OP MARGIN TURNED POSITIVE (YoY)",
      "detail": "Op margin: -26.0% (year-ago) -> +17.3%",
      "severity": "HIGH"
    },
    {
      "quarter": "2025-03 (Q1)",
      "signal": "FCF MARGIN EXPANSION",
      "detail": "FCF margin: +6.8% -> +17.2% (+10.5%)",
      "severity": "MEDIUM"
    },
    {
      "quarter": "2025-03 (Q1)",
      "signal": "YoY REVENUE GROWTH DECELERATION",
      "detail": "YoY growth: +45.3% vs prior quarter YoY: +124.3% (decel: -79.0%)",
      "severity": "WARNING"
    },
    {
      "quarter": "2025-03 (Q1)",
      "signal": "OP MARGIN TURNED POSITIVE (YoY)",
      "detail": "Op margin: -43.4% (year-ago) -> +13.3%",
      "severity": "HIGH"
    },
    {
      "quarter": "2024-12 (Q4)",
      "signal": "FCF TURNED POSITIVE",
      "detail": "FCF margin: -38.2% -> +6.8%",
      "severity": "HIGH"
    },
    {
      "quarter": "2024-12 (Q4)",
      "signal": "OPERATING LEVERAGE",
      "detail": "Rev growth +32.0% vs OpEx growth +19.4% (leverage: 1.6x)",
      "severity": "MEDIUM"
    },
    {
      "quarter": "2024-12 (Q4)",
      "signal": "YoY REVENUE GROWTH ACCELERATION",
      "detail": "YoY growth: +124.3% vs prior quarter YoY: +83.2% (accel: +41.1%)",
      "severity": "HIGH"
    },
    {
      "quarter": "2024-12 (Q4)",
      "signal": "OP MARGIN TURNED POSITIVE (YoY)",
      "detail": "Op margin: -106.1% (year-ago) -> +4.5%",
      "severity": "HIGH"
    },
    {
      "quarter": "2024-12 (Q4)",
      "signal": "OP MARGIN TURNED POSITIVE (QoQ)",
      "detail": "Op margin: -5.6% -> +4.5%",
      "severity": "HIGH"
    },
    {
      "quarter": "2024-09 (Q3)",
      "signal": "YoY REVENUE GROWTH ACCELERATION",
      "detail": "YoY growth: +83.2% vs prior quarter YoY: +1.6% (accel: +81.6%)",
      "severity": "HIGH"
    },
    {
      "quarter": "2024-06 (Q2)",
      "signal": "FCF MARGIN EXPANSION",
      "detail": "FCF margin: -35.6% -> -12.4% (+23.2%)",
      "severity": "MEDIUM"
    },
    {
      "quarter": "2024-06 (Q2)",
      "signal": "OPERATING LEVERAGE",
      "detail": "Rev growth +17.5% vs OpEx growth +3.3% (leverage: 5.3x)",
      "severity": "MEDIUM"
    },
    {
      "quarter": "2024-06 (Q2)",
      "signal": "YoY REVENUE GROWTH ACCELERATION",
      "detail": "YoY growth: +1.6% vs prior quarter YoY: -21.1% (accel: +22.7%)",
      "severity": "HIGH"
    },
    {
      "quarter": "2024-03 (Q1)",
      "signal": "FCF MARGIN EXPANSION",
      "detail": "FCF margin: -93.8% -> -35.6% (+58.2%)",
      "severity": "MEDIUM"
    },
    {
      "quarter": "2024-03 (Q1)",
      "signal": "YoY REVENUE GROWTH ACCELERATION",
      "detail": "YoY growth: -21.1% vs prior quarter YoY: -40.8% (accel: +19.7%)",
      "severity": "HIGH"
    },
    {
      "quarter": "2023-12 (Q4)",
      "signal": "FCF MARGIN EXPANSION",
      "detail": "FCF margin: -148.1% -> -93.8% (+54.3%)",
      "severity": "MEDIUM"
    },
    {
      "quarter": "2023-12 (Q4)",
      "signal": "YoY REVENUE GROWTH DECELERATION",
      "detail": "YoY growth: -40.8% vs prior quarter YoY: -23.9% (decel: -17.0%)",
      "severity": "WARNING"
    },
    {
      "quarter": "2023-09 (Q3)",
      "signal": "YoY REVENUE GROWTH DECELERATION",
      "detail": "YoY growth: -23.9% vs prior quarter YoY: +8.1% (decel: -31.9%)",
      "severity": "WARNING"
    },
    {
      "quarter": "2023-06 (Q2)",
      "signal": "YoY REVENUE GROWTH DECELERATION",
      "detail": "YoY growth: +8.1% vs prior quarter YoY: +13.9% (decel: -5.9%)",
      "severity": "WARNING"
    },
    {
      "quarter": "2022-12 (Q4)",
      "signal": "FCF TURNED POSITIVE",
      "detail": "FCF margin: -46.1% -> +18.8%",
      "severity": "HIGH"
    },
    {
      "quarter": "2022-12 (Q4)",
      "signal": "OPERATING LEVERAGE",
      "detail": "Rev growth +38.7% vs OpEx growth +14.3% (leverage: 2.7x)",
      "severity": "MEDIUM"
    },
    {
      "quarter": "2022-12 (Q4)",
      "signal": "YoY REVENUE GROWTH ACCELERATION",
      "detail": "YoY growth: +11.7% vs prior quarter YoY: -23.3% (accel: +34.9%)",
      "severity": "HIGH"
    },
    {
      "quarter": "2022-12 (Q4)",
      "signal": "OP MARGIN TURNED POSITIVE (QoQ)",
      "detail": "Op margin: -16.4% -> +4.1%",
      "severity": "HIGH"
    },
    {
      "quarter": "2022-09 (Q3)",
      "signal": "YoY REVENUE GROWTH DECELERATION",
      "detail": "YoY growth: -23.3% vs prior quarter YoY: -4.1% (decel: -19.2%)",
      "severity": "WARNING"
    },
    {
      "quarter": "2022-06 (Q2)",
      "signal": "YoY REVENUE GROWTH DECELERATION",
      "detail": "YoY growth: -4.1% vs prior quarter YoY: +113.6% (decel: -117.6%)",
      "severity": "WARNING"
    },
    {
      "quarter": "2022-03 (Q1)",
      "signal": "YoY REVENUE GROWTH DECELERATION",
      "detail": "YoY growth: +113.6% vs prior quarter YoY: +162.4% (decel: -48.8%)",
      "severity": "WARNING"
    },
    {
      "quarter": "2022-03 (Q1)",
      "signal": "INCREMENTAL MARGIN (YoY)",
      "detail": "YoY Incr OPM: +51.4% vs year-ago OPM: +28.1%",
      "severity": "HIGH"
    },
    {
      "quarter": "2021-12 (Q4)",
      "signal": "OP MARGIN TURNED POSITIVE (YoY)",
      "detail": "Op margin: -9.4% (year-ago) -> +19.0%",
      "severity": "HIGH"
    },
    {
      "quarter": "2021-09 (Q3)",
      "signal": "FCF MARGIN EXPANSION",
      "detail": "FCF margin: +50.0% -> +61.9% (+11.8%)",
      "severity": "MEDIUM"
    },
    {
      "quarter": "2021-06 (Q2)",
      "signal": "OPERATING LEVERAGE",
      "detail": "Rev growth +114.3% vs OpEx growth +49.0% (leverage: 2.3x)",
      "severity": "MEDIUM"
    },
    {
      "quarter": "2021-03 (Q1)",
      "signal": "FCF MARGIN EXPANSION",
      "detail": "FCF margin: +50.3% -> +61.2% (+10.9%)",
      "severity": "MEDIUM"
    },
    {
      "quarter": "2021-03 (Q1)",
      "signal": "OP MARGIN TURNED POSITIVE (QoQ)",
      "detail": "Op margin: -9.4% -> +28.1%",
      "severity": "HIGH"
    }
  ],
  "data_quality": {
    "n_quarters": 20,
    "coverage": {
      "revenue": [
        20,
        20
      ],
      "gross_profit": [
        2,
        20
      ],
      "op_income": [
        20,
        20
      ],
      "fcf": [
        20,
        20
      ]
    },
    "gaps": [],
    "warnings": [
      "gross_profit: 2/20Q"
    ]
  },
  "market_cap": null,
  "source": "SEC EDGAR",
  "last_updated": "2026-02-02T23:41:48.197108"
}