{
  "ticker": "EBAY",
  "name": "eBay Inc.",
  "sector": "Consumer Cyclical",
  "industry": "Internet Retail",
  "quarters": [
    {
      "date": "2021-03-31T00:00:00",
      "quarter_label": "2021-03 (Q1)",
      "revenue": 3023000000,
      "gross_profit": 2200000000,
      "operating_income": 842000000,
      "net_income": 641000000,
      "opex": 1358000000,
      "cogs": 823000000,
      "rd": 318000000,
      "sga": null,
      "fcf": 959000000,
      "ocf": 1042000000,
      "capex": -83000000,
      "gross_margin": 0.7277538868673503,
      "op_margin": 0.27853126033741316,
      "fcf_margin": 0.3172345352299041
    },
    {
      "date": "2021-06-30T00:00:00",
      "quarter_label": "2021-06 (Q2)",
      "revenue": 2668000000,
      "gross_profit": 1996000000,
      "operating_income": 732000000,
      "net_income": 10734000000,
      "opex": 1264000000,
      "cogs": 672000000,
      "rd": 350000000,
      "sga": null,
      "fcf": 968000000,
      "ocf": 1067000000,
      "capex": -99000000,
      "gross_margin": 0.7481259370314842,
      "op_margin": 0.27436281859070466,
      "fcf_margin": 0.36281859070464767,
      "fcf_margin_change": 0.04558405547474359
    },
    {
      "date": "2021-09-30T00:00:00",
      "quarter_label": "2021-09 (Q3)",
      "revenue": 2501000000,
      "gross_profit": 1823000000,
      "operating_income": 662000000,
      "net_income": 264000000,
      "opex": 1161000000,
      "cogs": 678000000,
      "rd": 334000000,
      "sga": null,
      "fcf": 96000000,
      "ocf": 255000000,
      "capex": -159000000,
      "gross_margin": 0.7289084366253499,
      "op_margin": 0.2646941223510596,
      "fcf_margin": 0.03838464614154338,
      "fcf_margin_change": -0.32443394456310426
    },
    {
      "date": "2021-12-31T00:00:00",
      "quarter_label": "2021-12 (Q4)",
      "revenue": 2613000000,
      "gross_profit": 1919000000,
      "operating_income": 688000000,
      "net_income": 1969000000,
      "opex": 1231000000,
      "cogs": 694000000,
      "rd": 337000000,
      "sga": null,
      "fcf": 190000000,
      "ocf": 293000000,
      "capex": -103000000,
      "gross_margin": 0.734404898584003,
      "op_margin": 0.2632988901645618,
      "fcf_margin": 0.07271335629544584,
      "op_leverage_ratio": 0.7427429028388645,
      "fcf_margin_change": 0.03432871015390246
    },
    {
      "date": "2022-03-31T00:00:00",
      "quarter_label": "2022-03 (Q1)",
      "revenue": 2483000000,
      "gross_profit": 1794000000,
      "operating_income": 692000000,
      "net_income": -1341000000,
      "opex": 1102000000,
      "cogs": 689000000,
      "rd": 301000000,
      "sga": null,
      "fcf": 530000000,
      "ocf": 613000000,
      "capex": -83000000,
      "gross_margin": 0.7225130890052356,
      "op_margin": 0.2786951268626661,
      "fcf_margin": 0.21345146999597261,
      "incr_op_margin_yoy": 0.2777777777777778,
      "rev_growth_yoy": -0.17863049950380416,
      "fcf_margin_change": 0.14073811370052677
    },
    {
      "date": "2022-06-30T00:00:00",
      "quarter_label": "2022-06 (Q2)",
      "revenue": 2422000000,
      "gross_profit": 1759000000,
      "operating_income": 525000000,
      "net_income": -531000000,
      "opex": 1234000000,
      "cogs": 663000000,
      "rd": 344000000,
      "sga": null,
      "fcf": 117000000,
      "ocf": 228000000,
      "capex": -111000000,
      "gross_margin": 0.7262592898431048,
      "op_margin": 0.21676300578034682,
      "fcf_margin": 0.048307184145334435,
      "incr_op_margin_yoy": 0.8414634146341463,
      "rev_growth_yoy": -0.09220389805097451,
      "rev_growth_yoy_accel": 0.08642660145282965,
      "fcf_margin_change": -0.16514428585063817
    },
    {
      "date": "2022-09-30T00:00:00",
      "quarter_label": "2022-09 (Q3)",
      "revenue": 2380000000,
      "gross_profit": 1733000000,
      "operating_income": 568000000,
      "net_income": -69000000,
      "opex": 1165000000,
      "cogs": 647000000,
      "rd": 345000000,
      "sga": null,
      "fcf": 627000000,
      "ocf": 729000000,
      "capex": -102000000,
      "gross_margin": 0.7281512605042016,
      "op_margin": 0.23865546218487396,
      "fcf_margin": 0.2634453781512605,
      "incr_op_margin_yoy": 0.7768595041322314,
      "rev_growth_yoy": -0.048380647740903636,
      "rev_growth_yoy_accel": 0.04382325031007087,
      "fcf_margin_change": 0.21513819400592607
    },
    {
      "date": "2022-12-31T00:00:00",
      "quarter_label": "2022-12 (Q4)",
      "revenue": 2510000000,
      "gross_profit": 1829000000,
      "operating_income": 565000000,
      "net_income": 672000000,
      "opex": 1264000000,
      "cogs": 681000000,
      "rd": 340000000,
      "sga": null,
      "fcf": 531000000,
      "ocf": 684000000,
      "capex": -153000000,
      "gross_margin": 0.7286852589641434,
      "op_margin": 0.2250996015936255,
      "fcf_margin": 0.21155378486055776,
      "incr_op_margin_yoy": 1.1941747572815533,
      "rev_growth_yoy": -0.039418293149636435,
      "rev_growth_yoy_accel": 0.0089623545912672,
      "op_leverage_ratio": 0.6427722604193193,
      "fcf_margin_change": -0.05189159329070275
    },
    {
      "date": "2023-03-31T00:00:00",
      "quarter_label": "2023-03 (Q1)",
      "revenue": 2510000000,
      "gross_profit": 1810000000,
      "operating_income": 558000000,
      "net_income": 567000000,
      "opex": 1252000000,
      "cogs": 700000000,
      "rd": 352000000,
      "sga": null,
      "fcf": 709000000,
      "ocf": 841000000,
      "capex": -132000000,
      "gross_margin": 0.7211155378486056,
      "op_margin": 0.22231075697211156,
      "fcf_margin": 0.28247011952191237,
      "incr_op_margin_yoy": -4.962962962962963,
      "rev_growth_yoy": 0.010873942811115585,
      "rev_growth_yoy_accel": 0.050292235960752024,
      "fcf_margin_change": 0.07091633466135461
    },
    {
      "date": "2023-06-30T00:00:00",
      "quarter_label": "2023-06 (Q2)",
      "revenue": 2540000000,
      "gross_profit": 1822000000,
      "operating_income": 518000000,
      "net_income": 171000000,
      "opex": 1304000000,
      "cogs": 718000000,
      "rd": 392000000,
      "sga": null,
      "fcf": 488000000,
      "ocf": 601000000,
      "capex": -113000000,
      "gross_margin": 0.7173228346456693,
      "op_margin": 0.20393700787401575,
      "fcf_margin": 0.1921259842519685,
      "incr_op_margin_yoy": -0.059322033898305086,
      "rev_growth_yoy": 0.04872006606110652,
      "rev_growth_yoy_accel": 0.03784612324999094,
      "op_leverage_ratio": 0.28777198896720807,
      "fcf_margin_change": -0.09034413526994386
    },
    {
      "date": "2023-09-30T00:00:00",
      "quarter_label": "2023-09 (Q3)",
      "revenue": 2500000000,
      "gross_profit": 1795000000,
      "operating_income": 455000000,
      "net_income": 1305000000,
      "opex": 1340000000,
      "cogs": 705000000,
      "rd": 401000000,
      "sga": null,
      "fcf": 777000000,
      "ocf": 862000000,
      "capex": -85000000,
      "gross_margin": 0.718,
      "op_margin": 0.182,
      "fcf_margin": 0.3108,
      "incr_op_margin_yoy": -0.9416666666666667,
      "rev_growth_yoy": 0.05042016806722689,
      "rev_growth_yoy_accel": 0.00170010200612037,
      "fcf_margin_change": 0.11867401574803152
    },
    {
      "date": "2023-12-31T00:00:00",
      "quarter_label": "2023-12 (Q4)",
      "revenue": 2562000000,
      "gross_profit": 1852000000,
      "operating_income": 410000000,
      "net_income": 724000000,
      "opex": 1442000000,
      "cogs": 710000000,
      "rd": 399000000,
      "sga": null,
      "fcf": -4000000,
      "ocf": 122000000,
      "capex": -126000000,
      "gross_margin": 0.7228727556596409,
      "op_margin": 0.1600312256049961,
      "fcf_margin": -0.00156128024980484,
      "incr_op_margin_yoy": -2.980769230769231,
      "rev_growth_yoy": 0.020717131474103586,
      "rev_growth_yoy_accel": -0.029703036593123306,
      "op_leverage_ratio": 0.3258039215686275,
      "fcf_margin_change": -0.31236128024980486
    },
    {
      "date": "2024-03-31T00:00:00",
      "quarter_label": "2024-03 (Q1)",
      "revenue": 2556000000,
      "gross_profit": 1856000000,
      "operating_income": 631000000,
      "net_income": 438000000,
      "opex": 1225000000,
      "cogs": 700000000,
      "rd": 351000000,
      "sga": null,
      "fcf": 472000000,
      "ocf": 615000000,
      "capex": -143000000,
      "gross_margin": 0.7261345852895149,
      "op_margin": 0.2468701095461659,
      "fcf_margin": 0.18466353677621283,
      "incr_op_margin_yoy": 1.5869565217391304,
      "rev_growth_yoy": 0.018326693227091632,
      "rev_growth_yoy_accel": -0.0023904382470119542,
      "fcf_margin_change": 0.18622481702601767
    },
    {
      "date": "2024-06-30T00:00:00",
      "quarter_label": "2024-06 (Q2)",
      "revenue": 2572000000,
      "gross_profit": 1837000000,
      "operating_income": 549000000,
      "net_income": 224000000,
      "opex": 1288000000,
      "cogs": 735000000,
      "rd": 379000000,
      "sga": null,
      "fcf": 278000000,
      "ocf": 367000000,
      "capex": -89000000,
      "gross_margin": 0.7142301710730948,
      "op_margin": 0.21345256609642302,
      "fcf_margin": 0.10808709175738725,
      "incr_op_margin_yoy": 0.96875,
      "rev_growth_yoy": 0.012598425196850394,
      "rev_growth_yoy_accel": -0.005728268030241238,
      "fcf_margin_change": -0.07657644501882559
    },
    {
      "date": "2024-09-30T00:00:00",
      "quarter_label": "2024-09 (Q3)",
      "revenue": 2576000000,
      "gross_profit": 1849000000,
      "operating_income": 595000000,
      "net_income": 634000000,
      "opex": 1254000000,
      "cogs": 727000000,
      "rd": 374000000,
      "sga": null,
      "fcf": 646000000,
      "ocf": 755000000,
      "capex": -109000000,
      "gross_margin": 0.71777950310559,
      "op_margin": 0.23097826086956522,
      "fcf_margin": 0.25077639751552794,
      "incr_op_margin_yoy": 1.8421052631578947,
      "rev_growth_yoy": 0.0304,
      "rev_growth_yoy_accel": 0.017801574803149606,
      "fcf_margin_change": 0.1426893057581407
    },
    {
      "date": "2024-12-31T00:00:00",
      "quarter_label": "2024-12 (Q4)",
      "revenue": 2579000000,
      "gross_profit": 1861000000,
      "operating_income": 543000000,
      "net_income": 679000000,
      "opex": 1318000000,
      "cogs": 718000000,
      "rd": 375000000,
      "sga": null,
      "fcf": 560000000,
      "ocf": 677000000,
      "capex": -117000000,
      "gross_margin": 0.7215975184179915,
      "op_margin": 0.21054672353625437,
      "fcf_margin": 0.21713842574641334,
      "incr_op_margin_yoy": 7.823529411764706,
      "rev_growth_yoy": 0.00663544106167057,
      "rev_growth_yoy_accel": -0.02376455893832943,
      "fcf_margin_change": -0.033637971769114594
    },
    {
      "date": "2025-03-31T00:00:00",
      "quarter_label": "2025-03 (Q1)",
      "revenue": 2585000000,
      "gross_profit": 1862000000,
      "operating_income": 616000000,
      "net_income": 503000000,
      "opex": 1246000000,
      "cogs": 723000000,
      "rd": 362000000,
      "sga": null,
      "fcf": null,
      "ocf": null,
      "capex": -143000000,
      "gross_margin": 0.7203094777562863,
      "op_margin": 0.23829787234042554,
      "fcf_margin": null,
      "incr_op_margin_yoy": -0.5172413793103449,
      "rev_growth_yoy": 0.01134585289514867,
      "rev_growth_yoy_accel": 0.0047104118334781
    },
    {
      "date": "2025-06-30T00:00:00",
      "quarter_label": "2025-06 (Q2)",
      "revenue": 2730000000,
      "gross_profit": 1954000000,
      "operating_income": 484000000,
      "net_income": 368000000,
      "opex": 1470000000,
      "cogs": 776000000,
      "rd": 421000000,
      "sga": null,
      "fcf": null,
      "ocf": null,
      "capex": -134000000,
      "gross_margin": 0.7157509157509158,
      "op_margin": 0.1772893772893773,
      "fcf_margin": null,
      "incr_op_margin_yoy": -0.41139240506329117,
      "rev_growth_yoy": 0.061430793157076204,
      "rev_growth_yoy_accel": 0.05008494026192753,
      "op_leverage_ratio": 0.3120164410058027
    },
    {
      "date": "2025-09-30T00:00:00",
      "quarter_label": "2025-09 (Q3)",
      "revenue": 2820000000,
      "gross_profit": 1999000000,
      "operating_income": 576000000,
      "net_income": 632000000,
      "opex": 1423000000,
      "cogs": 821000000,
      "rd": 423000000,
      "sga": null,
      "fcf": null,
      "ocf": null,
      "capex": -131000000,
      "gross_margin": 0.7088652482269504,
      "op_margin": 0.20425531914893616,
      "fcf_margin": null,
      "incr_op_margin_yoy": -0.0778688524590164,
      "rev_growth_yoy": 0.09472049689440994,
      "rev_growth_yoy_accel": 0.03328970373733373,
      "op_leverage_ratio": null
    },
    {
      "date": "2025-12-31T00:00:00",
      "quarter_label": "2025-12 (Q4)",
      "revenue": 2965000000,
      "gross_profit": 2116000000,
      "operating_income": 601000000,
      "net_income": 528000000,
      "opex": 1515000000,
      "cogs": 849000000,
      "rd": 436000000,
      "sga": null,
      "fcf": 466000000,
      "ocf": 583000000,
      "capex": -117000000,
      "gross_margin": 0.7136593591905565,
      "op_margin": 0.20269814502529512,
      "fcf_margin": 0.15716694772344014,
      "incr_op_margin_yoy": 0.15025906735751296,
      "rev_growth_yoy": 0.14967041488949206,
      "rev_growth_yoy_accel": 0.05494991799508213,
      "op_leverage_ratio": 0.795309127351218
    }
  ],
  "signals": [
    {
      "quarter": "2025-12 (Q4)",
      "signal": "YoY REVENUE GROWTH ACCELERATION",
      "detail": "YoY growth: +15.0% vs prior quarter YoY: +9.5% (accel: +5.5%)",
      "severity": "MEDIUM"
    },
    {
      "quarter": "2025-06 (Q2)",
      "signal": "YoY REVENUE GROWTH ACCELERATION",
      "detail": "YoY growth: +6.1% vs prior quarter YoY: +1.1% (accel: +5.0%)",
      "severity": "MEDIUM"
    },
    {
      "quarter": "2024-12 (Q4)",
      "signal": "INCREMENTAL MARGIN (YoY)",
      "detail": "YoY Incr OPM: +782.4% vs year-ago OPM: +16.0%",
      "severity": "HIGH"
    },
    {
      "quarter": "2024-09 (Q3)",
      "signal": "FCF MARGIN EXPANSION",
      "detail": "FCF margin: +10.8% -> +25.1% (+14.3%)",
      "severity": "MEDIUM"
    },
    {
      "quarter": "2024-09 (Q3)",
      "signal": "INCREMENTAL MARGIN (YoY)",
      "detail": "YoY Incr OPM: +184.2% vs year-ago OPM: +18.2%",
      "severity": "HIGH"
    },
    {
      "quarter": "2024-06 (Q2)",
      "signal": "INCREMENTAL MARGIN (YoY)",
      "detail": "YoY Incr OPM: +96.9% vs year-ago OPM: +20.4%",
      "severity": "HIGH"
    },
    {
      "quarter": "2024-03 (Q1)",
      "signal": "FCF TURNED POSITIVE",
      "detail": "FCF margin: -0.2% -> +18.5%",
      "severity": "HIGH"
    },
    {
      "quarter": "2024-03 (Q1)",
      "signal": "INCREMENTAL MARGIN (YoY)",
      "detail": "YoY Incr OPM: +158.7% vs year-ago OPM: +22.2%",
      "severity": "HIGH"
    },
    {
      "quarter": "2023-09 (Q3)",
      "signal": "FCF MARGIN EXPANSION",
      "detail": "FCF margin: +19.2% -> +31.1% (+11.9%)",
      "severity": "MEDIUM"
    },
    {
      "quarter": "2023-03 (Q1)",
      "signal": "FCF MARGIN EXPANSION",
      "detail": "FCF margin: +21.2% -> +28.2% (+7.1%)",
      "severity": "MEDIUM"
    },
    {
      "quarter": "2023-03 (Q1)",
      "signal": "YoY REVENUE GROWTH ACCELERATION",
      "detail": "YoY growth: +1.1% vs prior quarter YoY: -3.9% (accel: +5.0%)",
      "severity": "MEDIUM"
    },
    {
      "quarter": "2022-12 (Q4)",
      "signal": "INCREMENTAL MARGIN (YoY)",
      "detail": "YoY Incr OPM: +119.4% vs year-ago OPM: +26.3%",
      "severity": "HIGH"
    },
    {
      "quarter": "2022-09 (Q3)",
      "signal": "FCF MARGIN EXPANSION",
      "detail": "FCF margin: +4.8% -> +26.3% (+21.5%)",
      "severity": "MEDIUM"
    },
    {
      "quarter": "2022-09 (Q3)",
      "signal": "INCREMENTAL MARGIN (YoY)",
      "detail": "YoY Incr OPM: +77.7% vs year-ago OPM: +26.5%",
      "severity": "HIGH"
    },
    {
      "quarter": "2022-06 (Q2)",
      "signal": "YoY REVENUE GROWTH ACCELERATION",
      "detail": "YoY growth: -9.2% vs prior quarter YoY: -17.9% (accel: +8.6%)",
      "severity": "MEDIUM"
    },
    {
      "quarter": "2022-06 (Q2)",
      "signal": "INCREMENTAL MARGIN (YoY)",
      "detail": "YoY Incr OPM: +84.1% vs year-ago OPM: +27.4%",
      "severity": "HIGH"
    },
    {
      "quarter": "2022-03 (Q1)",
      "signal": "FCF MARGIN EXPANSION",
      "detail": "FCF margin: +7.3% -> +21.3% (+14.1%)",
      "severity": "MEDIUM"
    }
  ],
  "data_quality": {
    "n_quarters": 20,
    "coverage": {
      "revenue": [
        20,
        20
      ],
      "gross_profit": [
        20,
        20
      ],
      "op_income": [
        20,
        20
      ],
      "fcf": [
        17,
        20
      ]
    },
    "gaps": [],
    "warnings": []
  },
  "market_cap": null,
  "source": "SEC EDGAR",
  "last_updated": "2026-02-24T10:17:33.923893"
}