{
  "ticker": "EBC",
  "name": "EASTERN BANKSHARES, INC.",
  "quarters": [
    {
      "date": "2020-12-31T00:00:00",
      "quarter_label": "2020-12 (Q4)",
      "revenue": 38819000,
      "gross_profit": null,
      "operating_income": null,
      "net_income": -44062000,
      "opex": null,
      "cogs": null,
      "rd": null,
      "sga": null,
      "fcf": 55537000,
      "ocf": 55537000,
      "capex": null,
      "gross_margin": null,
      "op_margin": null,
      "fcf_margin": 1.4306653958113296
    },
    {
      "date": "2021-03-31T00:00:00",
      "quarter_label": "2021-03 (Q1)",
      "revenue": 43718000,
      "gross_profit": null,
      "operating_income": null,
      "net_income": 47663000,
      "opex": null,
      "cogs": null,
      "rd": null,
      "sga": null,
      "fcf": 64910000,
      "ocf": 64910000,
      "capex": null,
      "gross_margin": null,
      "op_margin": null,
      "fcf_margin": 1.4847431264010247,
      "fcf_margin_change": 0.05407773058969512
    },
    {
      "date": "2021-06-30T00:00:00",
      "quarter_label": "2021-06 (Q2)",
      "revenue": 40739000,
      "gross_profit": null,
      "operating_income": null,
      "net_income": 34809000,
      "opex": null,
      "cogs": null,
      "rd": null,
      "sga": null,
      "fcf": -5274000,
      "ocf": -5274000,
      "capex": null,
      "gross_margin": null,
      "op_margin": null,
      "fcf_margin": -0.12945825867105232,
      "fcf_margin_change": -1.6142013850720769
    },
    {
      "date": "2021-09-30T00:00:00",
      "quarter_label": "2021-09 (Q3)",
      "revenue": 39549000,
      "gross_profit": null,
      "operating_income": null,
      "net_income": 37106000,
      "opex": null,
      "cogs": null,
      "rd": null,
      "sga": null,
      "fcf": 67463000,
      "ocf": 67463000,
      "capex": null,
      "gross_margin": null,
      "op_margin": null,
      "fcf_margin": 1.705807985031227,
      "fcf_margin_change": 1.8352662437022795
    },
    {
      "date": "2021-12-31T00:00:00",
      "quarter_label": "2021-12 (Q4)",
      "revenue": 40190000,
      "gross_profit": null,
      "operating_income": null,
      "net_income": 35087000,
      "opex": null,
      "cogs": null,
      "rd": null,
      "sga": null,
      "fcf": 47391000,
      "ocf": 47391000,
      "capex": null,
      "gross_margin": null,
      "op_margin": null,
      "fcf_margin": 1.1791739238616572,
      "rev_growth_yoy": 0.0353177567685927,
      "fcf_margin_change": -0.5266340611695699
    },
    {
      "date": "2022-03-31T00:00:00",
      "quarter_label": "2022-03 (Q1)",
      "revenue": 48697000,
      "gross_profit": null,
      "operating_income": null,
      "net_income": 51516000,
      "opex": null,
      "cogs": null,
      "rd": null,
      "sga": null,
      "fcf": 68378000,
      "ocf": 68378000,
      "capex": null,
      "gross_margin": null,
      "op_margin": null,
      "fcf_margin": 1.4041522065014271,
      "rev_growth_yoy": 0.11388901596596368,
      "rev_growth_yoy_accel": 0.07857125919737099,
      "fcf_margin_change": 0.22497828263976993
    },
    {
      "date": "2022-06-30T00:00:00",
      "quarter_label": "2022-06 (Q2)",
      "revenue": 45218000,
      "gross_profit": null,
      "operating_income": null,
      "net_income": 51172000,
      "opex": null,
      "cogs": null,
      "rd": null,
      "sga": null,
      "fcf": 97438000,
      "ocf": 97438000,
      "capex": null,
      "gross_margin": null,
      "op_margin": null,
      "fcf_margin": 2.1548498385598656,
      "rev_growth_yoy": 0.10994378850732713,
      "rev_growth_yoy_accel": -0.003945227458636555,
      "fcf_margin_change": 0.7506976320584384
    },
    {
      "date": "2022-09-30T00:00:00",
      "quarter_label": "2022-09 (Q3)",
      "revenue": 42312000,
      "gross_profit": null,
      "operating_income": null,
      "net_income": 54777000,
      "opex": null,
      "cogs": null,
      "rd": null,
      "sga": null,
      "fcf": 60688000,
      "ocf": 60688000,
      "capex": null,
      "gross_margin": null,
      "op_margin": null,
      "fcf_margin": 1.4342975987899413,
      "rev_growth_yoy": 0.06986270196465144,
      "rev_growth_yoy_accel": -0.040081086542675684,
      "fcf_margin_change": -0.7205522397699242
    },
    {
      "date": "2022-12-31T00:00:00",
      "quarter_label": "2022-12 (Q4)",
      "revenue": 40356000,
      "gross_profit": null,
      "operating_income": null,
      "net_income": 42294000,
      "opex": null,
      "cogs": null,
      "rd": null,
      "sga": null,
      "fcf": 3438000,
      "ocf": 3438000,
      "capex": null,
      "gross_margin": null,
      "op_margin": null,
      "fcf_margin": 0.08519179304192685,
      "rev_growth_yoy": 0.004130380691714357,
      "rev_growth_yoy_accel": -0.06573232127293709,
      "fcf_margin_change": -1.3491058057480145
    },
    {
      "date": "2023-03-31T00:00:00",
      "quarter_label": "2023-03 (Q1)",
      "revenue": 49202000,
      "gross_profit": null,
      "operating_income": null,
      "net_income": -194096000,
      "opex": null,
      "cogs": null,
      "rd": null,
      "sga": null,
      "fcf": 100520000,
      "ocf": 100520000,
      "capex": null,
      "gross_margin": null,
      "op_margin": null,
      "fcf_margin": 2.043006381854396,
      "rev_growth_yoy": 0.010370248680616876,
      "rev_growth_yoy_accel": 0.0062398679889025185,
      "fcf_margin_change": 1.9578145888124694
    },
    {
      "date": "2023-06-30T00:00:00",
      "quarter_label": "2023-06 (Q2)",
      "revenue": 47403000,
      "gross_profit": null,
      "operating_income": null,
      "net_income": 48657000,
      "opex": null,
      "cogs": null,
      "rd": null,
      "sga": null,
      "fcf": 72426000,
      "ocf": 72426000,
      "capex": null,
      "gross_margin": null,
      "op_margin": null,
      "fcf_margin": 1.5278779824061768,
      "rev_growth_yoy": 0.04832146490335707,
      "rev_growth_yoy_accel": 0.0379512162227402,
      "fcf_margin_change": -0.5151283994482194
    },
    {
      "date": "2023-09-30T00:00:00",
      "quarter_label": "2023-09 (Q3)",
      "revenue": 19574000,
      "gross_profit": null,
      "operating_income": null,
      "net_income": 59113000,
      "opex": null,
      "cogs": null,
      "rd": null,
      "sga": null,
      "fcf": 35986000,
      "ocf": 35986000,
      "capex": null,
      "gross_margin": null,
      "op_margin": null,
      "fcf_margin": 1.8384591805456219,
      "rev_growth_yoy": -0.5373889204008319,
      "rev_growth_yoy_accel": -0.585710385304189,
      "fcf_margin_change": 0.31058119813944507
    },
    {
      "date": "2023-12-31T00:00:00",
      "quarter_label": "2023-12 (Q4)",
      "revenue": 19819000,
      "gross_profit": null,
      "operating_income": null,
      "net_income": 318503000,
      "opex": null,
      "cogs": null,
      "rd": null,
      "sga": null,
      "fcf": 52760000,
      "ocf": 52760000,
      "capex": null,
      "gross_margin": null,
      "op_margin": null,
      "fcf_margin": 2.662091931984459,
      "rev_growth_yoy": -0.5088958271384676,
      "rev_growth_yoy_accel": 0.028493093262364266,
      "fcf_margin_change": 0.8236327514388373
    },
    {
      "date": "2024-03-31T00:00:00",
      "quarter_label": "2024-03 (Q1)",
      "revenue": 20425000,
      "gross_profit": null,
      "operating_income": null,
      "net_income": 38647000,
      "opex": null,
      "cogs": null,
      "rd": null,
      "sga": null,
      "fcf": 32566000,
      "ocf": 32566000,
      "capex": null,
      "gross_margin": null,
      "op_margin": null,
      "fcf_margin": 1.5944186046511628,
      "rev_growth_yoy": -0.5848745985935531,
      "rev_growth_yoy_accel": -0.07597877145508547,
      "fcf_margin_change": -1.0676733273332963
    },
    {
      "date": "2024-06-30T00:00:00",
      "quarter_label": "2024-06 (Q2)",
      "revenue": 28880000,
      "gross_profit": null,
      "operating_income": null,
      "net_income": 26331000,
      "opex": null,
      "cogs": null,
      "rd": null,
      "sga": null,
      "fcf": 54284000,
      "ocf": 54284000,
      "capex": null,
      "gross_margin": null,
      "op_margin": null,
      "fcf_margin": 1.879639889196676,
      "rev_growth_yoy": -0.3907558593337974,
      "rev_growth_yoy_accel": 0.19411873925975565,
      "fcf_margin_change": 0.2852212845455131
    },
    {
      "date": "2024-09-30T00:00:00",
      "quarter_label": "2024-09 (Q3)",
      "revenue": 30117000,
      "gross_profit": null,
      "operating_income": null,
      "net_income": -6188000,
      "opex": null,
      "cogs": null,
      "rd": null,
      "sga": null,
      "fcf": 108267000,
      "ocf": 108267000,
      "capex": null,
      "gross_margin": null,
      "op_margin": null,
      "fcf_margin": 3.594879968124315,
      "rev_growth_yoy": 0.5386226627158476,
      "rev_growth_yoy_accel": 0.929378522049645,
      "fcf_margin_change": 1.7152400789276392
    },
    {
      "date": "2024-12-31T00:00:00",
      "quarter_label": "2024-12 (Q4)",
      "revenue": 33196000,
      "gross_profit": null,
      "operating_income": null,
      "net_income": 60771000,
      "opex": null,
      "cogs": null,
      "rd": null,
      "sga": null,
      "fcf": 88719000,
      "ocf": 88719000,
      "capex": null,
      "gross_margin": null,
      "op_margin": null,
      "fcf_margin": 2.672581033859501,
      "rev_growth_yoy": 0.6749583732781674,
      "rev_growth_yoy_accel": 0.13633571056231986,
      "fcf_margin_change": -0.922298934264814
    },
    {
      "date": "2025-03-31T00:00:00",
      "quarter_label": "2025-03 (Q1)",
      "revenue": 31129000,
      "gross_profit": null,
      "operating_income": null,
      "net_income": -217666000,
      "opex": null,
      "cogs": null,
      "rd": null,
      "sga": null,
      "fcf": 47321000,
      "ocf": 47321000,
      "capex": null,
      "gross_margin": null,
      "op_margin": null,
      "fcf_margin": 1.520158051977256,
      "rev_growth_yoy": 0.5240636474908201,
      "rev_growth_yoy_accel": -0.1508947257873473,
      "fcf_margin_change": -1.1524229818822451
    },
    {
      "date": "2025-06-30T00:00:00",
      "quarter_label": "2025-06 (Q2)",
      "revenue": 32527000,
      "gross_profit": null,
      "operating_income": null,
      "net_income": 100233000,
      "opex": null,
      "cogs": null,
      "rd": null,
      "sga": null,
      "fcf": 123877000,
      "ocf": 123877000,
      "capex": null,
      "gross_margin": null,
      "op_margin": null,
      "fcf_margin": 3.808436068496941,
      "rev_growth_yoy": 0.12628116343490306,
      "rev_growth_yoy_accel": -0.3977824840559171,
      "fcf_margin_change": 2.288278016519685
    },
    {
      "date": "2025-09-30T00:00:00",
      "quarter_label": "2025-09 (Q3)",
      "revenue": 32973000,
      "gross_profit": null,
      "operating_income": null,
      "net_income": 106144000,
      "opex": null,
      "cogs": null,
      "rd": null,
      "sga": null,
      "fcf": 157140000,
      "ocf": 157140000,
      "capex": null,
      "gross_margin": null,
      "op_margin": null,
      "fcf_margin": 4.765717405149668,
      "rev_growth_yoy": 0.0948301623667696,
      "rev_growth_yoy_accel": -0.03145100106813346,
      "fcf_margin_change": 0.9572813366527271
    }
  ],
  "signals": [
    {
      "quarter": "2025-09 (Q3)",
      "signal": "FCF MARGIN EXPANSION",
      "detail": "FCF margin: +380.8% -> +476.6% (+95.7%)",
      "severity": "MEDIUM"
    },
    {
      "quarter": "2025-06 (Q2)",
      "signal": "FCF MARGIN EXPANSION",
      "detail": "FCF margin: +152.0% -> +380.8% (+228.8%)",
      "severity": "MEDIUM"
    },
    {
      "quarter": "2025-06 (Q2)",
      "signal": "YoY REVENUE GROWTH DECELERATION",
      "detail": "YoY growth: +12.6% vs prior quarter YoY: +52.4% (decel: -39.8%)",
      "severity": "WARNING"
    },
    {
      "quarter": "2025-03 (Q1)",
      "signal": "YoY REVENUE GROWTH DECELERATION",
      "detail": "YoY growth: +52.4% vs prior quarter YoY: +67.5% (decel: -15.1%)",
      "severity": "WARNING"
    },
    {
      "quarter": "2024-12 (Q4)",
      "signal": "YoY REVENUE GROWTH ACCELERATION",
      "detail": "YoY growth: +67.5% vs prior quarter YoY: +53.9% (accel: +13.6%)",
      "severity": "MEDIUM"
    },
    {
      "quarter": "2024-09 (Q3)",
      "signal": "FCF MARGIN EXPANSION",
      "detail": "FCF margin: +188.0% -> +359.5% (+171.5%)",
      "severity": "MEDIUM"
    },
    {
      "quarter": "2024-09 (Q3)",
      "signal": "YoY REVENUE GROWTH ACCELERATION",
      "detail": "YoY growth: +53.9% vs prior quarter YoY: -39.1% (accel: +92.9%)",
      "severity": "HIGH"
    },
    {
      "quarter": "2024-06 (Q2)",
      "signal": "FCF MARGIN EXPANSION",
      "detail": "FCF margin: +159.4% -> +188.0% (+28.5%)",
      "severity": "MEDIUM"
    },
    {
      "quarter": "2024-06 (Q2)",
      "signal": "YoY REVENUE GROWTH ACCELERATION",
      "detail": "YoY growth: -39.1% vs prior quarter YoY: -58.5% (accel: +19.4%)",
      "severity": "HIGH"
    },
    {
      "quarter": "2024-03 (Q1)",
      "signal": "YoY REVENUE GROWTH DECELERATION",
      "detail": "YoY growth: -58.5% vs prior quarter YoY: -50.9% (decel: -7.6%)",
      "severity": "WARNING"
    },
    {
      "quarter": "2023-12 (Q4)",
      "signal": "FCF MARGIN EXPANSION",
      "detail": "FCF margin: +183.8% -> +266.2% (+82.4%)",
      "severity": "MEDIUM"
    },
    {
      "quarter": "2023-09 (Q3)",
      "signal": "FCF MARGIN EXPANSION",
      "detail": "FCF margin: +152.8% -> +183.8% (+31.1%)",
      "severity": "MEDIUM"
    },
    {
      "quarter": "2023-09 (Q3)",
      "signal": "YoY REVENUE GROWTH DECELERATION",
      "detail": "YoY growth: -53.7% vs prior quarter YoY: +4.8% (decel: -58.6%)",
      "severity": "WARNING"
    },
    {
      "quarter": "2023-03 (Q1)",
      "signal": "FCF MARGIN EXPANSION",
      "detail": "FCF margin: +8.5% -> +204.3% (+195.8%)",
      "severity": "MEDIUM"
    },
    {
      "quarter": "2022-12 (Q4)",
      "signal": "YoY REVENUE GROWTH DECELERATION",
      "detail": "YoY growth: +0.4% vs prior quarter YoY: +7.0% (decel: -6.6%)",
      "severity": "WARNING"
    },
    {
      "quarter": "2022-06 (Q2)",
      "signal": "FCF MARGIN EXPANSION",
      "detail": "FCF margin: +140.4% -> +215.5% (+75.1%)",
      "severity": "MEDIUM"
    },
    {
      "quarter": "2022-03 (Q1)",
      "signal": "FCF MARGIN EXPANSION",
      "detail": "FCF margin: +117.9% -> +140.4% (+22.5%)",
      "severity": "MEDIUM"
    },
    {
      "quarter": "2022-03 (Q1)",
      "signal": "YoY REVENUE GROWTH ACCELERATION",
      "detail": "YoY growth: +11.4% vs prior quarter YoY: +3.5% (accel: +7.9%)",
      "severity": "MEDIUM"
    },
    {
      "quarter": "2021-09 (Q3)",
      "signal": "FCF TURNED POSITIVE",
      "detail": "FCF margin: -12.9% -> +170.6%",
      "severity": "HIGH"
    },
    {
      "quarter": "2021-03 (Q1)",
      "signal": "FCF MARGIN EXPANSION",
      "detail": "FCF margin: +143.1% -> +148.5% (+5.4%)",
      "severity": "MEDIUM"
    }
  ],
  "data_quality": {
    "n_quarters": 20,
    "coverage": {
      "revenue": [
        20,
        20
      ],
      "gross_profit": [
        0,
        20
      ],
      "op_income": [
        0,
        20
      ],
      "fcf": [
        20,
        20
      ]
    },
    "gaps": [],
    "warnings": [
      "gross_profit: no data",
      "op_income: no data"
    ]
  },
  "market_cap": null,
  "source": "SEC EDGAR",
  "last_updated": "2026-02-02T21:08:34.797312"
}