{
  "ticker": "EBF",
  "name": "ENNIS, INC.",
  "quarters": [
    {
      "date": "2021-02-28T00:00:00",
      "quarter_label": "2021-02 (Q1)",
      "revenue": 89922000,
      "gross_profit": 26616000,
      "operating_income": 9528000,
      "net_income": 5125000,
      "opex": 17088000,
      "cogs": 63306000,
      "rd": null,
      "sga": 16922000,
      "fcf": 12038000,
      "ocf": 12038000,
      "capex": null,
      "gross_margin": 0.2959898578768266,
      "op_margin": 0.10595849736438247,
      "fcf_margin": 0.13387157758946644
    },
    {
      "date": "2021-05-31T00:00:00",
      "quarter_label": "2021-05 (Q2)",
      "revenue": 96930000,
      "gross_profit": 29186000,
      "operating_income": 10548000,
      "net_income": 7304000,
      "opex": 18638000,
      "cogs": 67744000,
      "rd": null,
      "sga": 18915000,
      "fcf": 11887000,
      "ocf": 11887000,
      "capex": null,
      "gross_margin": 0.30110388940472504,
      "op_margin": 0.10882079851439183,
      "fcf_margin": 0.12263489115856804,
      "op_leverage_ratio": 0.8591869512717473,
      "fcf_margin_change": -0.011236686430898396
    },
    {
      "date": "2021-08-31T00:00:00",
      "quarter_label": "2021-08 (Q3)",
      "revenue": 100451000,
      "gross_profit": 28901000,
      "operating_income": 10805000,
      "net_income": 7460000,
      "opex": 18096000,
      "cogs": 71550000,
      "rd": null,
      "sga": 18095000,
      "fcf": 12620000,
      "ocf": 12620000,
      "capex": null,
      "gross_margin": 0.28771241699933303,
      "op_margin": 0.1075648823804641,
      "fcf_margin": 0.125633393395785,
      "op_leverage_ratio": Infinity,
      "fcf_margin_change": 0.0029985022372169545
    },
    {
      "date": "2021-11-30T00:00:00",
      "quarter_label": "2021-11 (Q4)",
      "revenue": 102968000,
      "gross_profit": 29200000,
      "operating_income": 11686000,
      "net_income": 7563000,
      "opex": 17514000,
      "cogs": 73768000,
      "rd": null,
      "sga": 17513000,
      "fcf": 9788000,
      "ocf": 9788000,
      "capex": null,
      "gross_margin": 0.28358324916478905,
      "op_margin": 0.11349157019656593,
      "fcf_margin": 0.09505865900085464,
      "op_leverage_ratio": Infinity,
      "fcf_margin_change": -0.03057473439493036
    },
    {
      "date": "2022-02-28T00:00:00",
      "quarter_label": "2022-02 (Q1)",
      "revenue": 99665000,
      "gross_profit": 27436000,
      "operating_income": 10545000,
      "net_income": 6655000,
      "opex": 16891000,
      "cogs": 72229000,
      "rd": null,
      "sga": 16887000,
      "fcf": 16383000,
      "ocf": 16383000,
      "capex": null,
      "gross_margin": 0.2752821953544374,
      "op_margin": 0.10580444489038278,
      "fcf_margin": 0.16438067526212813,
      "incr_op_margin_yoy": 0.10438263368572308,
      "rev_growth_yoy": 0.10834945841951914,
      "fcf_margin_change": 0.06932201626127349
    },
    {
      "date": "2022-05-31T00:00:00",
      "quarter_label": "2022-05 (Q2)",
      "revenue": 107667000,
      "gross_profit": 34004000,
      "operating_income": 16322000,
      "net_income": 11627000,
      "opex": 17682000,
      "cogs": 73663000,
      "rd": null,
      "sga": 17682000,
      "fcf": 14237000,
      "ocf": 14237000,
      "capex": null,
      "gross_margin": 0.31582564759861426,
      "op_margin": 0.15159705387909017,
      "fcf_margin": 0.13223178875607197,
      "incr_op_margin_yoy": 0.537766601471547,
      "rev_growth_yoy": 0.11077065923862581,
      "rev_growth_yoy_accel": 0.0024212008191066697,
      "op_leverage_ratio": 1.714489202545341,
      "fcf_margin_change": -0.03214888650605616
    },
    {
      "date": "2022-08-31T00:00:00",
      "quarter_label": "2022-08 (Q3)",
      "revenue": 111233000,
      "gross_profit": 35219000,
      "operating_income": 17277000,
      "net_income": 12194000,
      "opex": 17942000,
      "cogs": 76014000,
      "rd": null,
      "sga": 17942000,
      "fcf": 7518000,
      "ocf": 7518000,
      "capex": null,
      "gross_margin": 0.3166236638407667,
      "op_margin": 0.1553226110956281,
      "fcf_margin": 0.06758785612183435,
      "incr_op_margin_yoy": 0.6002596920793916,
      "rev_growth_yoy": 0.10733591502324516,
      "rev_growth_yoy_accel": -0.0034347442153806473,
      "op_leverage_ratio": 2.252458327707011,
      "fcf_margin_change": -0.06464393263423762
    },
    {
      "date": "2022-11-30T00:00:00",
      "quarter_label": "2022-11 (Q4)",
      "revenue": 110245000,
      "gross_profit": 33477000,
      "operating_income": 16170000,
      "net_income": 11286000,
      "opex": 17307000,
      "cogs": 76768000,
      "rd": null,
      "sga": 17292000,
      "fcf": 12242000,
      "ocf": 12242000,
      "capex": null,
      "gross_margin": 0.3036600299333303,
      "op_margin": 0.14667331851784662,
      "fcf_margin": 0.11104358474307224,
      "incr_op_margin_yoy": 0.6161879895561357,
      "rev_growth_yoy": 0.07067244192370445,
      "rev_growth_yoy_accel": -0.03666347309954071,
      "fcf_margin_change": 0.043455728621237893
    },
    {
      "date": "2023-02-28T00:00:00",
      "quarter_label": "2023-02 (Q1)",
      "revenue": 102692000,
      "gross_profit": 28350000,
      "operating_income": 16384000,
      "net_income": 12193000,
      "opex": 11966000,
      "cogs": 74342000,
      "rd": null,
      "sga": 17877000,
      "fcf": 12779000,
      "ocf": 12779000,
      "capex": null,
      "gross_margin": 0.2760682429011023,
      "op_margin": 0.15954504732598448,
      "fcf_margin": 0.12444007322868383,
      "incr_op_margin_yoy": 1.9289725801123225,
      "rev_growth_yoy": 0.030371745346912157,
      "rev_growth_yoy_accel": -0.04030069657679229,
      "fcf_margin_change": 0.01339648848561159
    },
    {
      "date": "2023-05-31T00:00:00",
      "quarter_label": "2023-05 (Q2)",
      "revenue": 111294000,
      "gross_profit": 34041000,
      "operating_income": 15698000,
      "net_income": 11635000,
      "opex": 18343000,
      "cogs": 77253000,
      "rd": null,
      "sga": 18343000,
      "fcf": 21726000,
      "ocf": 21726000,
      "capex": null,
      "gross_margin": 0.3058655453124158,
      "op_margin": 0.14104983197656656,
      "fcf_margin": 0.19521267992883715,
      "incr_op_margin_yoy": -0.17204301075268819,
      "rev_growth_yoy": 0.033687202206804316,
      "rev_growth_yoy_accel": 0.003315456859892159,
      "op_leverage_ratio": 0.1571793207365789,
      "fcf_margin_change": 0.07077260670015331
    },
    {
      "date": "2023-08-31T00:00:00",
      "quarter_label": "2023-08 (Q3)",
      "revenue": 106760000,
      "gross_profit": 33099000,
      "operating_income": 14706000,
      "net_income": 10910000,
      "opex": 18393000,
      "cogs": 73661000,
      "rd": null,
      "sga": 18341000,
      "fcf": 13208000,
      "ocf": 13208000,
      "capex": null,
      "gross_margin": 0.310031847133758,
      "op_margin": 0.13774822030723116,
      "fcf_margin": 0.12371674784563506,
      "incr_op_margin_yoy": 0.5747820254862508,
      "rev_growth_yoy": -0.04021288646354949,
      "rev_growth_yoy_accel": -0.0739000886703538,
      "fcf_margin_change": -0.07149593208320208
    },
    {
      "date": "2023-11-30T00:00:00",
      "quarter_label": "2023-11 (Q4)",
      "revenue": 104621000,
      "gross_profit": 30531000,
      "operating_income": 13120000,
      "net_income": 9906000,
      "opex": 17411000,
      "cogs": 74090000,
      "rd": null,
      "sga": 17410000,
      "fcf": 17566000,
      "ocf": 17566000,
      "capex": null,
      "gross_margin": 0.2918247770524082,
      "op_margin": 0.1254050334062951,
      "fcf_margin": 0.16790128176943445,
      "incr_op_margin_yoy": 0.5423186344238976,
      "rev_growth_yoy": -0.051013651412762484,
      "rev_growth_yoy_accel": -0.010800764949212997,
      "fcf_margin_change": 0.04418453392379938
    },
    {
      "date": "2024-02-29T00:00:00",
      "quarter_label": "2024-02 (Q1)",
      "revenue": 97434000,
      "gross_profit": 27671000,
      "operating_income": 12935000,
      "net_income": 10146000,
      "opex": 14736000,
      "cogs": 69763000,
      "rd": null,
      "sga": 14736000,
      "fcf": 16569000,
      "ocf": 16569000,
      "capex": null,
      "gross_margin": 0.2839973725804134,
      "op_margin": 0.13275653262721432,
      "fcf_margin": 0.17005357472750784,
      "incr_op_margin_yoy": 0.6559528337771016,
      "rev_growth_yoy": -0.05120165154052896,
      "rev_growth_yoy_accel": -0.00018800012776647862,
      "fcf_margin_change": 0.0021522929580733985
    },
    {
      "date": "2024-05-31T00:00:00",
      "quarter_label": "2024-05 (Q2)",
      "revenue": 103108000,
      "gross_profit": 30904000,
      "operating_income": 13730000,
      "net_income": 10687000,
      "opex": 17174000,
      "cogs": 72204000,
      "rd": null,
      "sga": 17170000,
      "fcf": 23105000,
      "ocf": 23105000,
      "capex": null,
      "gross_margin": 0.29972456065484737,
      "op_margin": 0.1331613453854211,
      "fcf_margin": 0.2240854249912713,
      "incr_op_margin_yoy": 0.2404104568775959,
      "rev_growth_yoy": -0.07355293187413517,
      "rev_growth_yoy_accel": -0.022351280333606206,
      "op_leverage_ratio": 0.3519854495055175,
      "fcf_margin_change": 0.05403185026376345
    },
    {
      "date": "2024-08-31T00:00:00",
      "quarter_label": "2024-08 (Q3)",
      "revenue": 99038000,
      "gross_profit": 29779000,
      "operating_income": 13183000,
      "net_income": 10308000,
      "opex": 16596000,
      "cogs": 69259000,
      "rd": null,
      "sga": 16557000,
      "fcf": 11836000,
      "ocf": 11836000,
      "capex": null,
      "gross_margin": 0.3006825662876876,
      "op_margin": 0.13311052323350633,
      "fcf_margin": 0.11950968315192148,
      "incr_op_margin_yoy": 0.19722869722869724,
      "rev_growth_yoy": -0.07233046084675909,
      "rev_growth_yoy_accel": 0.0012224710273760764,
      "fcf_margin_change": -0.10457574183934981
    },
    {
      "date": "2024-11-30T00:00:00",
      "quarter_label": "2024-11 (Q4)",
      "revenue": 99771000,
      "gross_profit": 29249000,
      "operating_income": 13046000,
      "net_income": 10204000,
      "opex": 16203000,
      "cogs": 70522000,
      "rd": null,
      "sga": 16341000,
      "fcf": 18156000,
      "ocf": 18156000,
      "capex": null,
      "gross_margin": 0.2931613394673803,
      "op_margin": 0.13075943911557467,
      "fcf_margin": 0.18197672670415252,
      "incr_op_margin_yoy": 0.015257731958762887,
      "rev_growth_yoy": -0.04635780579424781,
      "rev_growth_yoy_accel": 0.025972655052511284,
      "fcf_margin_change": 0.06246704355223104
    },
    {
      "date": "2025-02-28T00:00:00",
      "quarter_label": "2025-02 (Q1)",
      "revenue": 92701000,
      "gross_profit": 27362000,
      "operating_income": 12015000,
      "net_income": 9023000,
      "opex": 15347000,
      "cogs": 65339000,
      "rd": null,
      "sga": 15310000,
      "fcf": 12758000,
      "ocf": 12758000,
      "capex": null,
      "gross_margin": 0.2951640219630856,
      "op_margin": 0.12961025231658774,
      "fcf_margin": 0.1376252683358324,
      "incr_op_margin_yoy": 0.19437988590745828,
      "rev_growth_yoy": -0.04857647227867069,
      "rev_growth_yoy_accel": -0.002218666484422885,
      "fcf_margin_change": -0.04435145836832011
    },
    {
      "date": "2025-05-31T00:00:00",
      "quarter_label": "2025-05 (Q2)",
      "revenue": 97197000,
      "gross_profit": 30230000,
      "operating_income": 13283000,
      "net_income": 9799000,
      "opex": 16947000,
      "cogs": 66967000,
      "rd": null,
      "sga": 16947000,
      "fcf": 7960000,
      "ocf": 7960000,
      "capex": null,
      "gross_margin": 0.31101782976840847,
      "op_margin": 0.13666059652046875,
      "fcf_margin": 0.08189553175509533,
      "incr_op_margin_yoy": 0.07562172221282355,
      "rev_growth_yoy": -0.057328238352019244,
      "rev_growth_yoy_accel": -0.00875176607334855,
      "op_leverage_ratio": 0.465206092706659,
      "fcf_margin_change": -0.055729736580737085
    },
    {
      "date": "2025-08-31T00:00:00",
      "quarter_label": "2025-08 (Q3)",
      "revenue": 98676000,
      "gross_profit": 30102000,
      "operating_income": 12383000,
      "net_income": 13155000,
      "opex": 17719000,
      "cogs": 68574000,
      "rd": null,
      "sga": 17719000,
      "fcf": 10465000,
      "ocf": 10465000,
      "capex": null,
      "gross_margin": 0.3050589809072115,
      "op_margin": 0.12549150756009567,
      "fcf_margin": 0.106054157039199,
      "rev_growth_yoy": -0.0036551626648357195,
      "rev_growth_yoy_accel": 0.053673075687183526,
      "op_leverage_ratio": 0.33403412949961514,
      "fcf_margin_change": 0.024158625284103674
    },
    {
      "date": "2025-11-30T00:00:00",
      "quarter_label": "2025-11 (Q4)",
      "revenue": 100167000,
      "gross_profit": 31952000,
      "operating_income": 14981000,
      "net_income": 10827000,
      "opex": 16971000,
      "cogs": 68215000,
      "rd": null,
      "sga": 16990000,
      "fcf": 16434000,
      "ocf": 16434000,
      "capex": null,
      "gross_margin": 0.3189872912236565,
      "op_margin": 0.14956023440853775,
      "fcf_margin": 0.16406600976369462,
      "rev_growth_yoy": 0.0039690892143007485,
      "rev_growth_yoy_accel": 0.007624251879136468,
      "op_leverage_ratio": Infinity,
      "fcf_margin_change": 0.05801185272449562
    }
  ],
  "signals": [
    {
      "quarter": "2025-11 (Q4)",
      "signal": "FCF MARGIN EXPANSION",
      "detail": "FCF margin: +10.6% -> +16.4% (+5.8%)",
      "severity": "MEDIUM"
    },
    {
      "quarter": "2025-08 (Q3)",
      "signal": "YoY REVENUE GROWTH ACCELERATION",
      "detail": "YoY growth: -0.4% vs prior quarter YoY: -5.7% (accel: +5.4%)",
      "severity": "MEDIUM"
    },
    {
      "quarter": "2024-11 (Q4)",
      "signal": "FCF MARGIN EXPANSION",
      "detail": "FCF margin: +12.0% -> +18.2% (+6.2%)",
      "severity": "MEDIUM"
    },
    {
      "quarter": "2024-05 (Q2)",
      "signal": "FCF MARGIN EXPANSION",
      "detail": "FCF margin: +17.0% -> +22.4% (+5.4%)",
      "severity": "MEDIUM"
    },
    {
      "quarter": "2024-02 (Q1)",
      "signal": "INCREMENTAL MARGIN (YoY)",
      "detail": "YoY Incr OPM: +65.6% vs year-ago OPM: +16.0%",
      "severity": "HIGH"
    },
    {
      "quarter": "2023-11 (Q4)",
      "signal": "INCREMENTAL MARGIN (YoY)",
      "detail": "YoY Incr OPM: +54.2% vs year-ago OPM: +14.7%",
      "severity": "HIGH"
    },
    {
      "quarter": "2023-08 (Q3)",
      "signal": "YoY REVENUE GROWTH DECELERATION",
      "detail": "YoY growth: -4.0% vs prior quarter YoY: +3.4% (decel: -7.4%)",
      "severity": "WARNING"
    },
    {
      "quarter": "2023-08 (Q3)",
      "signal": "INCREMENTAL MARGIN (YoY)",
      "detail": "YoY Incr OPM: +57.5% vs year-ago OPM: +15.5%",
      "severity": "HIGH"
    },
    {
      "quarter": "2023-05 (Q2)",
      "signal": "FCF MARGIN EXPANSION",
      "detail": "FCF margin: +12.4% -> +19.5% (+7.1%)",
      "severity": "MEDIUM"
    },
    {
      "quarter": "2023-05 (Q2)",
      "signal": "GROSS MARGIN INFLECTION",
      "detail": "GM: +30.4% -> +27.6% -> +30.6% (reversal +3.0%)",
      "severity": "MEDIUM"
    },
    {
      "quarter": "2023-02 (Q1)",
      "signal": "INCREMENTAL MARGIN (YoY)",
      "detail": "YoY Incr OPM: +192.9% vs year-ago OPM: +10.6%",
      "severity": "HIGH"
    },
    {
      "quarter": "2022-11 (Q4)",
      "signal": "INCREMENTAL MARGIN (YoY)",
      "detail": "YoY Incr OPM: +61.6% vs year-ago OPM: +11.3%",
      "severity": "HIGH"
    },
    {
      "quarter": "2022-08 (Q3)",
      "signal": "OPERATING LEVERAGE",
      "detail": "Rev growth +3.3% vs OpEx growth +1.5% (leverage: 2.3x)",
      "severity": "MEDIUM"
    },
    {
      "quarter": "2022-08 (Q3)",
      "signal": "INCREMENTAL MARGIN (YoY)",
      "detail": "YoY Incr OPM: +60.0% vs year-ago OPM: +10.8%",
      "severity": "HIGH"
    },
    {
      "quarter": "2022-05 (Q2)",
      "signal": "OPERATING LEVERAGE",
      "detail": "Rev growth +8.0% vs OpEx growth +4.7% (leverage: 1.7x)",
      "severity": "MEDIUM"
    },
    {
      "quarter": "2022-05 (Q2)",
      "signal": "GROSS MARGIN INFLECTION",
      "detail": "GM: +28.4% -> +27.5% -> +31.6% (reversal +4.1%)",
      "severity": "MEDIUM"
    },
    {
      "quarter": "2022-05 (Q2)",
      "signal": "INCREMENTAL MARGIN (YoY)",
      "detail": "YoY Incr OPM: +53.8% vs year-ago OPM: +10.9%",
      "severity": "HIGH"
    },
    {
      "quarter": "2022-02 (Q1)",
      "signal": "FCF MARGIN EXPANSION",
      "detail": "FCF margin: +9.5% -> +16.4% (+6.9%)",
      "severity": "MEDIUM"
    }
  ],
  "data_quality": {
    "n_quarters": 20,
    "coverage": {
      "revenue": [
        20,
        20
      ],
      "gross_profit": [
        20,
        20
      ],
      "op_income": [
        20,
        20
      ],
      "fcf": [
        20,
        20
      ]
    },
    "gaps": [],
    "warnings": []
  },
  "market_cap": null,
  "source": "SEC EDGAR",
  "last_updated": "2026-02-02T22:26:09.571217"
}