{
  "ticker": "ECDA",
  "name": "ECD AUTOMOTIVE DESIGN, INC.",
  "quarters": [
    {
      "date": "2023-03-31T00:00:00",
      "quarter_label": "2023-03 (Q1)",
      "revenue": 2707326,
      "gross_profit": 304092,
      "operating_income": -1333155,
      "net_income": -339791,
      "opex": 1449035,
      "cogs": 2403234,
      "rd": null,
      "sga": null,
      "fcf": -830876,
      "ocf": -830876,
      "capex": null,
      "gross_margin": 0.11232189991157326,
      "op_margin": -0.49242499795000677,
      "fcf_margin": -0.306899132206465
    },
    {
      "date": "2023-06-30T00:00:00",
      "quarter_label": "2023-06 (Q2)",
      "revenue": 3867903,
      "gross_profit": 1228702,
      "operating_income": -868080,
      "net_income": 49438,
      "opex": 1247313,
      "cogs": 2639201,
      "rd": null,
      "sga": null,
      "fcf": 31863,
      "ocf": 31863,
      "capex": null,
      "gross_margin": 0.3176661875957075,
      "op_margin": -0.22443168817832299,
      "fcf_margin": 0.008237797069885155,
      "op_leverage_ratio": Infinity,
      "fcf_margin_change": 0.3151369292763501
    },
    {
      "date": "2023-09-30T00:00:00",
      "quarter_label": "2023-09 (Q3)",
      "revenue": 3637763,
      "gross_profit": 1833261,
      "operating_income": -614235,
      "net_income": -221388,
      "opex": 1267007,
      "cogs": 3991328,
      "rd": null,
      "sga": null,
      "fcf": -214337,
      "ocf": -214337,
      "capex": null,
      "gross_margin": 0.5039528413478284,
      "op_margin": -0.16884964743442604,
      "fcf_margin": -0.05892000111057263,
      "fcf_margin_change": -0.06715779818045778
    },
    {
      "date": "2023-12-31T00:00:00",
      "quarter_label": "2023-12 (Q4)",
      "revenue": 5007502,
      "gross_profit": -383933,
      "operating_income": 1180464,
      "net_income": -1090272,
      "opex": 1939589,
      "cogs": -509870,
      "rd": null,
      "sga": null,
      "fcf": -982592,
      "ocf": -982592,
      "capex": null,
      "gross_margin": -0.07667156198839262,
      "op_margin": 0.23573909705877302,
      "fcf_margin": -0.19622398553210763,
      "op_leverage_ratio": 0.7093118150970255,
      "fcf_margin_change": -0.137303984421535
    },
    {
      "date": "2024-03-31T00:00:00",
      "quarter_label": "2024-03 (Q1)",
      "revenue": 8308039,
      "gross_profit": 2476939,
      "operating_income": -91069,
      "net_income": -1550304,
      "opex": 2568008,
      "cogs": 5831100,
      "rd": null,
      "sga": null,
      "fcf": -2554971,
      "ocf": -2554971,
      "capex": null,
      "gross_margin": 0.2981376230901179,
      "op_margin": -0.01096155181746258,
      "fcf_margin": -0.3075299718742293,
      "incr_op_margin_yoy": 0.22177283499440162,
      "rev_growth_yoy": 2.068725007627452,
      "op_leverage_ratio": 2.0343415971236563,
      "fcf_margin_change": -0.11130598634212169
    },
    {
      "date": "2024-06-30T00:00:00",
      "quarter_label": "2024-06 (Q2)",
      "revenue": 8872003,
      "gross_profit": 2817298,
      "operating_income": 117509,
      "net_income": -926069,
      "opex": 2699789,
      "cogs": 6054705,
      "rd": null,
      "sga": null,
      "fcf": -1222530,
      "ocf": -1222530,
      "capex": null,
      "gross_margin": 0.31754926142382955,
      "op_margin": 0.013244923384268468,
      "fcf_margin": -0.1377963916378297,
      "incr_op_margin_yoy": 0.1969562958374133,
      "rev_growth_yoy": 1.2937501276531496,
      "rev_growth_yoy_accel": -0.7749748799743026,
      "op_leverage_ratio": 1.322806831618964,
      "fcf_margin_change": 0.16973358023639962
    },
    {
      "date": "2024-09-30T00:00:00",
      "quarter_label": "2024-09 (Q3)",
      "revenue": 6440049,
      "gross_profit": 2007540,
      "operating_income": -641431,
      "net_income": -2569518,
      "opex": 2648971,
      "cogs": 4432509,
      "rd": null,
      "sga": null,
      "fcf": -3422487,
      "ocf": -3422487,
      "capex": null,
      "gross_margin": 0.311727441825365,
      "op_margin": -0.09960032912793054,
      "fcf_margin": -0.5314380371950586,
      "incr_op_margin_yoy": -0.009704933757653572,
      "rev_growth_yoy": 0.7703322069084765,
      "rev_growth_yoy_accel": -0.5234179207446731,
      "fcf_margin_change": -0.39364164555722886
    },
    {
      "date": "2024-12-31T00:00:00",
      "quarter_label": "2024-12 (Q4)",
      "revenue": 5281520,
      "gross_profit": 299931,
      "operating_income": -2371856,
      "net_income": -3312576,
      "opex": 2671787,
      "cogs": 4981589,
      "rd": null,
      "sga": null,
      "fcf": -2563100,
      "ocf": -2563100,
      "capex": null,
      "gross_margin": 0.056788765355427984,
      "op_margin": -0.44908586921946714,
      "fcf_margin": -0.4852958996652479,
      "rev_growth_yoy": 0.05472149586760025,
      "rev_growth_yoy_accel": -0.7156107110408763,
      "fcf_margin_change": 0.04614213752981067
    },
    {
      "date": "2025-03-31T00:00:00",
      "quarter_label": "2025-03 (Q1)",
      "revenue": 6421371,
      "gross_profit": 1764572,
      "operating_income": -1954508,
      "net_income": -2750317,
      "opex": 3719080,
      "cogs": 4656799,
      "rd": null,
      "sga": null,
      "fcf": -3045185,
      "ocf": -3045185,
      "capex": null,
      "gross_margin": 0.274796768478258,
      "op_margin": -0.304375498627941,
      "fcf_margin": -0.4742266098625979,
      "incr_op_margin_yoy": 0.9876878178884679,
      "rev_growth_yoy": -0.22708944914678422,
      "rev_growth_yoy_accel": -0.2818109450143845,
      "op_leverage_ratio": 0.5505829868955763,
      "fcf_margin_change": 0.011069289802649984
    },
    {
      "date": "2025-06-30T00:00:00",
      "quarter_label": "2025-06 (Q2)",
      "revenue": 7015892,
      "gross_profit": 1388444,
      "operating_income": -2613521,
      "net_income": -4270294,
      "opex": 4001965,
      "cogs": 5627448,
      "rd": null,
      "sga": null,
      "fcf": -1197822,
      "ocf": -1197822,
      "capex": null,
      "gross_margin": 0.19789985364654986,
      "op_margin": -0.37251442867136497,
      "fcf_margin": -0.17072982309305787,
      "incr_op_margin_yoy": 1.4713721323778588,
      "rev_growth_yoy": -0.20920991573154338,
      "rev_growth_yoy_accel": 0.017879533415240845,
      "op_leverage_ratio": 1.2172086728255105,
      "fcf_margin_change": 0.30349678676954006
    },
    {
      "date": "2025-09-30T00:00:00",
      "quarter_label": "2025-09 (Q3)",
      "revenue": 5783182,
      "gross_profit": -1671005,
      "operating_income": -5091073,
      "net_income": 2232855,
      "opex": 3420068,
      "cogs": 7454187,
      "rd": null,
      "sga": null,
      "fcf": -1699491,
      "ocf": -1699491,
      "capex": null,
      "gross_margin": -0.2889421429240857,
      "op_margin": -0.8803238424797974,
      "fcf_margin": -0.29386780495581843,
      "rev_growth_yoy": -0.10199720530076713,
      "rev_growth_yoy_accel": 0.10721271043077625,
      "fcf_margin_change": -0.12313798186276056
    }
  ],
  "signals": [
    {
      "quarter": "2025-09 (Q3)",
      "signal": "YoY REVENUE GROWTH ACCELERATION",
      "detail": "YoY growth: -10.2% vs prior quarter YoY: -20.9% (accel: +10.7%)",
      "severity": "MEDIUM"
    },
    {
      "quarter": "2025-06 (Q2)",
      "signal": "FCF MARGIN EXPANSION",
      "detail": "FCF margin: -47.4% -> -17.1% (+30.3%)",
      "severity": "MEDIUM"
    },
    {
      "quarter": "2025-03 (Q1)",
      "signal": "GROSS MARGIN INFLECTION",
      "detail": "GM: +31.2% -> +5.7% -> +27.5% (reversal +21.8%)",
      "severity": "HIGH"
    },
    {
      "quarter": "2025-03 (Q1)",
      "signal": "YoY REVENUE GROWTH DECELERATION",
      "detail": "YoY growth: -22.7% vs prior quarter YoY: +5.5% (decel: -28.2%)",
      "severity": "WARNING"
    },
    {
      "quarter": "2024-12 (Q4)",
      "signal": "YoY REVENUE GROWTH DECELERATION",
      "detail": "YoY growth: +5.5% vs prior quarter YoY: +77.0% (decel: -71.6%)",
      "severity": "WARNING"
    },
    {
      "quarter": "2024-09 (Q3)",
      "signal": "YoY REVENUE GROWTH DECELERATION",
      "detail": "YoY growth: +77.0% vs prior quarter YoY: +129.4% (decel: -52.3%)",
      "severity": "WARNING"
    },
    {
      "quarter": "2024-06 (Q2)",
      "signal": "FCF MARGIN EXPANSION",
      "detail": "FCF margin: -30.8% -> -13.8% (+17.0%)",
      "severity": "MEDIUM"
    },
    {
      "quarter": "2024-06 (Q2)",
      "signal": "YoY REVENUE GROWTH DECELERATION",
      "detail": "YoY growth: +129.4% vs prior quarter YoY: +206.9% (decel: -77.5%)",
      "severity": "WARNING"
    },
    {
      "quarter": "2024-06 (Q2)",
      "signal": "OP MARGIN TURNED POSITIVE (YoY)",
      "detail": "Op margin: -22.4% (year-ago) -> +1.3%",
      "severity": "HIGH"
    },
    {
      "quarter": "2024-06 (Q2)",
      "signal": "OP MARGIN TURNED POSITIVE (QoQ)",
      "detail": "Op margin: -1.1% -> +1.3%",
      "severity": "HIGH"
    },
    {
      "quarter": "2024-03 (Q1)",
      "signal": "OPERATING LEVERAGE",
      "detail": "Rev growth +65.9% vs OpEx growth +32.4% (leverage: 2.0x)",
      "severity": "MEDIUM"
    },
    {
      "quarter": "2024-03 (Q1)",
      "signal": "GROSS MARGIN INFLECTION",
      "detail": "GM: +50.4% -> -7.7% -> +29.8% (reversal +37.5%)",
      "severity": "HIGH"
    },
    {
      "quarter": "2023-12 (Q4)",
      "signal": "OP MARGIN TURNED POSITIVE (QoQ)",
      "detail": "Op margin: -16.9% -> +23.6%",
      "severity": "HIGH"
    },
    {
      "quarter": "2023-06 (Q2)",
      "signal": "FCF TURNED POSITIVE",
      "detail": "FCF margin: -30.7% -> +0.8%",
      "severity": "HIGH"
    }
  ],
  "data_quality": {
    "n_quarters": 11,
    "coverage": {
      "revenue": [
        11,
        11
      ],
      "gross_profit": [
        11,
        11
      ],
      "op_income": [
        11,
        11
      ],
      "fcf": [
        11,
        11
      ]
    },
    "gaps": [],
    "warnings": []
  },
  "market_cap": null,
  "source": "SEC EDGAR",
  "last_updated": "2026-02-03T00:37:45.284260"
}