{
  "ticker": "ECG",
  "name": "Everus Construction Group, Inc.",
  "quarters": [
    {
      "date": "2023-09-30T00:00:00",
      "quarter_label": "2023-09 (Q3)",
      "revenue": 717406000,
      "gross_profit": 84907000,
      "operating_income": 50091000,
      "net_income": 36014000,
      "opex": 34816000,
      "cogs": 632499000,
      "rd": null,
      "sga": 34816000,
      "fcf": null,
      "ocf": null,
      "capex": null,
      "gross_margin": 0.11835278768228868,
      "op_margin": 0.0698223878807816,
      "fcf_margin": null
    },
    {
      "date": "2023-12-31T00:00:00",
      "quarter_label": "2023-12 (Q4)",
      "revenue": 635718000,
      "gross_profit": 79780000,
      "operating_income": 50924000,
      "net_income": 36493000,
      "opex": 28856000,
      "cogs": 555938000,
      "rd": null,
      "sga": 28856000,
      "fcf": 109976000,
      "ocf": 109976000,
      "capex": null,
      "gross_margin": 0.12549589597903474,
      "op_margin": 0.08010470051186218,
      "fcf_margin": 0.17299494429920184
    },
    {
      "date": "2024-03-31T00:00:00",
      "quarter_label": "2024-03 (Q1)",
      "revenue": 625689000,
      "gross_profit": 74717000,
      "operating_income": 38884000,
      "net_income": 28214000,
      "opex": 35833000,
      "cogs": 550972000,
      "rd": null,
      "sga": 35833000,
      "fcf": 21856000,
      "ocf": 21856000,
      "capex": null,
      "gross_margin": 0.11941555629074509,
      "op_margin": 0.06214589037045561,
      "fcf_margin": 0.03493109196421865,
      "fcf_margin_change": -0.1380638523349832
    },
    {
      "date": "2024-06-30T00:00:00",
      "quarter_label": "2024-06 (Q2)",
      "revenue": 703373000,
      "gross_profit": 88577000,
      "operating_income": 51309000,
      "net_income": 38972000,
      "opex": 37268000,
      "cogs": 614796000,
      "rd": null,
      "sga": 37268000,
      "fcf": -18105000,
      "ocf": -18105000,
      "capex": null,
      "gross_margin": 0.125931760246697,
      "op_margin": 0.07294707075762077,
      "fcf_margin": -0.025740254459582612,
      "op_leverage_ratio": 3.1003043396179564,
      "fcf_margin_change": -0.06067134642380126
    },
    {
      "date": "2024-09-30T00:00:00",
      "quarter_label": "2024-09 (Q3)",
      "revenue": 760985000,
      "gross_profit": 89900000,
      "operating_income": 53709000,
      "net_income": 41767000,
      "opex": 36191000,
      "cogs": 671085000,
      "rd": null,
      "sga": 36191000,
      "fcf": 78931000,
      "ocf": 78931000,
      "capex": null,
      "gross_margin": 0.11813636274039567,
      "op_margin": 0.07057826369770757,
      "fcf_margin": 0.10372214958244906,
      "incr_op_margin_yoy": 0.083021638862755,
      "rev_growth_yoy": 0.0607452404914372,
      "op_leverage_ratio": Infinity,
      "fcf_margin_change": 0.1294624040420317
    },
    {
      "date": "2024-12-31T00:00:00",
      "quarter_label": "2024-12 (Q4)",
      "revenue": 759638000,
      "gross_profit": 86257000,
      "operating_income": 46005000,
      "net_income": 34468000,
      "opex": 40252000,
      "cogs": 673381000,
      "rd": null,
      "sga": 40252000,
      "fcf": 80695000,
      "ocf": 80695000,
      "capex": null,
      "gross_margin": 0.11355013835537453,
      "op_margin": 0.06056174125043771,
      "fcf_margin": 0.10622822976207089,
      "incr_op_margin_yoy": -0.039694964493221435,
      "rev_growth_yoy": 0.19492919816648263,
      "rev_growth_yoy_accel": 0.13418395767504543,
      "fcf_margin_change": 0.002506080179621825
    },
    {
      "date": "2025-03-31T00:00:00",
      "quarter_label": "2025-03 (Q1)",
      "revenue": 826629000,
      "gross_profit": 92493000,
      "operating_income": 50984000,
      "net_income": 36672000,
      "opex": 41509000,
      "cogs": 734136000,
      "rd": null,
      "sga": 41509000,
      "fcf": 7128000,
      "ocf": 7128000,
      "capex": null,
      "gross_margin": 0.11189179184374126,
      "op_margin": 0.06167700383122295,
      "fcf_margin": 0.008622973546778543,
      "incr_op_margin_yoy": 0.06021698019309246,
      "rev_growth_yoy": 0.3211499642793784,
      "rev_growth_yoy_accel": 0.1262207661128958,
      "op_leverage_ratio": 2.823982267666526,
      "fcf_margin_change": -0.09760525621529234
    },
    {
      "date": "2025-06-30T00:00:00",
      "quarter_label": "2025-06 (Q2)",
      "revenue": 921466000,
      "gross_profit": 119869000,
      "operating_income": 72507000,
      "net_income": 52843000,
      "opex": 47362000,
      "cogs": 801597000,
      "rd": null,
      "sga": 47362000,
      "fcf": 25342000,
      "ocf": 25342000,
      "capex": null,
      "gross_margin": 0.13008510351982602,
      "op_margin": 0.07868657118113961,
      "fcf_margin": 0.027501828607892208,
      "incr_op_margin_yoy": 0.09719706730614922,
      "rev_growth_yoy": 0.31006734691266225,
      "rev_growth_yoy_accel": -0.011082617366716174,
      "op_leverage_ratio": 0.813637425378985,
      "fcf_margin_change": 0.018878855061113663
    },
    {
      "date": "2025-09-30T00:00:00",
      "quarter_label": "2025-09 (Q3)",
      "revenue": 986820000,
      "gross_profit": 124222000,
      "operating_income": 72381000,
      "net_income": 56977000,
      "opex": 51841000,
      "cogs": 862598000,
      "rd": null,
      "sga": 51841000,
      "fcf": 76170000,
      "ocf": 76170000,
      "capex": null,
      "gross_margin": 0.12588111307026612,
      "op_margin": 0.07334772298899496,
      "fcf_margin": 0.07718732899616951,
      "incr_op_margin_yoy": 0.08267983262116146,
      "rev_growth_yoy": 0.2967666905392353,
      "rev_growth_yoy_accel": -0.013300656373426922,
      "op_leverage_ratio": 0.7499664394870531,
      "fcf_margin_change": 0.0496855003882773
    }
  ],
  "signals": [
    {
      "quarter": "2025-03 (Q1)",
      "signal": "OPERATING LEVERAGE",
      "detail": "Rev growth +8.8% vs OpEx growth +3.1% (leverage: 2.8x)",
      "severity": "MEDIUM"
    },
    {
      "quarter": "2025-03 (Q1)",
      "signal": "YoY REVENUE GROWTH ACCELERATION",
      "detail": "YoY growth: +32.1% vs prior quarter YoY: +19.5% (accel: +12.6%)",
      "severity": "MEDIUM"
    },
    {
      "quarter": "2024-12 (Q4)",
      "signal": "YoY REVENUE GROWTH ACCELERATION",
      "detail": "YoY growth: +19.5% vs prior quarter YoY: +6.1% (accel: +13.4%)",
      "severity": "MEDIUM"
    },
    {
      "quarter": "2024-09 (Q3)",
      "signal": "FCF TURNED POSITIVE",
      "detail": "FCF margin: -2.6% -> +10.4%",
      "severity": "HIGH"
    },
    {
      "quarter": "2024-06 (Q2)",
      "signal": "OPERATING LEVERAGE",
      "detail": "Rev growth +12.4% vs OpEx growth +4.0% (leverage: 3.1x)",
      "severity": "MEDIUM"
    }
  ],
  "data_quality": {
    "n_quarters": 9,
    "coverage": {
      "revenue": [
        9,
        9
      ],
      "gross_profit": [
        9,
        9
      ],
      "op_income": [
        9,
        9
      ],
      "fcf": [
        8,
        9
      ]
    },
    "gaps": [],
    "warnings": []
  },
  "market_cap": null,
  "source": "SEC EDGAR",
  "last_updated": "2026-02-02T21:06:19.727198",
  "sector": "Industrials",
  "industry": "Engineering & Construction"
}