{
  "ticker": "ECL",
  "name": "ECOLAB INC.",
  "quarters": [
    {
      "date": "2020-12-31T00:00:00",
      "quarter_label": "2020-12 (Q4)",
      "revenue": 3065300000,
      "gross_profit": 1285000000,
      "operating_income": 416100000,
      "net_income": null,
      "opex": 868900000,
      "cogs": 1780300000,
      "rd": null,
      "sga": 809600000,
      "fcf": 523100000,
      "ocf": 649800000,
      "capex": -126700000,
      "gross_margin": 0.41920856033667175,
      "op_margin": 0.13574527778683979,
      "fcf_margin": 0.17065213845300622
    },
    {
      "date": "2021-03-31T00:00:00",
      "quarter_label": "2021-03 (Q1)",
      "revenue": 2885000000,
      "gross_profit": 1173000000,
      "operating_income": 297300000,
      "net_income": 193600000,
      "opex": 875700000,
      "cogs": 1712000000,
      "rd": null,
      "sga": 862900000,
      "fcf": 193200000,
      "ocf": 295300000,
      "capex": -102100000,
      "gross_margin": 0.4065857885615251,
      "op_margin": 0.10305025996533795,
      "fcf_margin": 0.06696707105719238,
      "fcf_margin_change": -0.10368506739581385
    },
    {
      "date": "2021-06-30T00:00:00",
      "quarter_label": "2021-06 (Q2)",
      "revenue": 3162700000,
      "gross_profit": 1318700000,
      "operating_income": 447800000,
      "net_income": 310800000,
      "opex": 870900000,
      "cogs": 1844000000,
      "rd": null,
      "sga": 853300000,
      "fcf": 359500000,
      "ocf": 503000000,
      "capex": -143500000,
      "gross_margin": 0.41695386853005345,
      "op_margin": 0.14158788377019635,
      "fcf_margin": 0.1136687007936257,
      "op_leverage_ratio": Infinity,
      "fcf_margin_change": 0.046701629736433325
    },
    {
      "date": "2021-09-30T00:00:00",
      "quarter_label": "2021-09 (Q3)",
      "revenue": 3320800000,
      "gross_profit": 1304100000,
      "operating_income": 465800000,
      "net_income": 324500000,
      "opex": 838300000,
      "cogs": 2016700000,
      "rd": null,
      "sga": 832000000,
      "fcf": 444500000,
      "ocf": 622700000,
      "capex": -178200000,
      "gross_margin": 0.3927065767284992,
      "op_margin": 0.14026740544447122,
      "fcf_margin": 0.1338532883642496,
      "op_leverage_ratio": Infinity,
      "fcf_margin_change": 0.020184587570623885
    },
    {
      "date": "2021-12-31T00:00:00",
      "quarter_label": "2021-12 (Q4)",
      "revenue": 3364600000,
      "gross_profit": 1321500000,
      "operating_income": 387700000,
      "net_income": 301000000,
      "opex": 933800000,
      "cogs": 2043100000,
      "rd": null,
      "sga": 867900000,
      "fcf": 421700000,
      "ocf": 640900000,
      "capex": -219200000,
      "gross_margin": 0.39276585626820426,
      "op_margin": 0.1152291505676752,
      "fcf_margin": 0.12533436366878678,
      "incr_op_margin_yoy": -0.09488807216839291,
      "rev_growth_yoy": 0.0976413401624637,
      "op_leverage_ratio": 0.11577838431665365,
      "fcf_margin_change": -0.00851892469546281
    },
    {
      "date": "2022-03-31T00:00:00",
      "quarter_label": "2022-03 (Q1)",
      "revenue": 3266700000,
      "gross_profit": 1193300000,
      "operating_income": 254500000,
      "net_income": 171900000,
      "opex": 938800000,
      "cogs": 2073400000,
      "rd": null,
      "sga": 914700000,
      "fcf": 21400000,
      "ocf": 170100000,
      "capex": -148700000,
      "gross_margin": 0.3652921908960113,
      "op_margin": 0.07790736829216029,
      "fcf_margin": 0.00655095356169835,
      "incr_op_margin_yoy": -0.11212994498297092,
      "rev_growth_yoy": 0.1323050259965338,
      "rev_growth_yoy_accel": 0.03466368583407009,
      "fcf_margin_change": -0.11878341010708843
    },
    {
      "date": "2022-06-30T00:00:00",
      "quarter_label": "2022-06 (Q2)",
      "revenue": 3580600000,
      "gross_profit": 1369500000,
      "operating_income": 425800000,
      "net_income": 308300000,
      "opex": 943700000,
      "cogs": 2211100000,
      "rd": null,
      "sga": 940100000,
      "fcf": 153600000,
      "ocf": 322400000,
      "capex": -168800000,
      "gross_margin": 0.3824777970172597,
      "op_margin": 0.11891861699156565,
      "fcf_margin": 0.04289783835111434,
      "incr_op_margin_yoy": -0.05264417324718832,
      "rev_growth_yoy": 0.1321339361937585,
      "rev_growth_yoy_accel": -0.00017108980277530383,
      "op_leverage_ratio": 18.410223635785474,
      "fcf_margin_change": 0.03634688478941599
    },
    {
      "date": "2022-09-30T00:00:00",
      "quarter_label": "2022-09 (Q3)",
      "revenue": 3669300000,
      "gross_profit": 1377700000,
      "operating_income": 483000000,
      "net_income": 347100000,
      "opex": 894700000,
      "cogs": 2291600000,
      "rd": null,
      "sga": 876900000,
      "fcf": 244200000,
      "ocf": 436700000,
      "capex": -192500000,
      "gross_margin": 0.37546671027171397,
      "op_margin": 0.13163273648924864,
      "fcf_margin": 0.06655220341754559,
      "incr_op_margin_yoy": 0.049354375896700144,
      "rev_growth_yoy": 0.10494459166465912,
      "rev_growth_yoy_accel": -0.027189344529099366,
      "op_leverage_ratio": Infinity,
      "fcf_margin_change": 0.023654365066431246
    },
    {
      "date": "2022-12-31T00:00:00",
      "quarter_label": "2022-12 (Q4)",
      "revenue": 3671200000,
      "gross_profit": 1416300000,
      "operating_income": 399200000,
      "net_income": 264400000,
      "opex": 1017100000,
      "cogs": 2254900000,
      "rd": null,
      "sga": 922100000,
      "fcf": 656400000,
      "ocf": 859200000,
      "capex": -202800000,
      "gross_margin": 0.385786663761168,
      "op_margin": 0.10873828720854217,
      "fcf_margin": 0.17879712355633035,
      "incr_op_margin_yoy": 0.03750815394651011,
      "rev_growth_yoy": 0.09112524520002378,
      "rev_growth_yoy_accel": -0.01381934646463534,
      "fcf_margin_change": 0.11224492013878476
    },
    {
      "date": "2023-03-31T00:00:00",
      "quarter_label": "2023-03 (Q1)",
      "revenue": 3571600000,
      "gross_profit": 1366400000,
      "operating_income": 351600000,
      "net_income": 233400000,
      "opex": 1014800000,
      "cogs": 2205200000,
      "rd": null,
      "sga": 990300000,
      "fcf": 24500000,
      "ocf": 198200000,
      "capex": -173700000,
      "gross_margin": 0.3825736364654497,
      "op_margin": 0.0984432747228133,
      "fcf_margin": 0.006859670735804681,
      "incr_op_margin_yoy": 0.3184650705149229,
      "rev_growth_yoy": 0.09333578228793583,
      "rev_growth_yoy_accel": 0.002210537087912051,
      "fcf_margin_change": -0.17193745282052567
    },
    {
      "date": "2023-06-30T00:00:00",
      "quarter_label": "2023-06 (Q2)",
      "revenue": 3852100000,
      "gross_profit": 1517300000,
      "operating_income": 484700000,
      "net_income": 329700000,
      "opex": 1032600000,
      "cogs": 2334800000,
      "rd": null,
      "sga": 1011600000,
      "fcf": 401400000,
      "ocf": 573400000,
      "capex": -172000000,
      "gross_margin": 0.39388904753251475,
      "op_margin": 0.12582747073025102,
      "fcf_margin": 0.10420290231302407,
      "incr_op_margin_yoy": 0.21694290976058933,
      "rev_growth_yoy": 0.07582528067921578,
      "rev_growth_yoy_accel": -0.017510501608720058,
      "op_leverage_ratio": 4.477447554427499,
      "fcf_margin_change": 0.09734323157721939
    },
    {
      "date": "2023-09-30T00:00:00",
      "quarter_label": "2023-09 (Q3)",
      "revenue": 3958100000,
      "gross_profit": 1627600000,
      "operating_income": 566000000,
      "net_income": 404000000,
      "opex": 1061600000,
      "cogs": 2330500000,
      "rd": null,
      "sga": 1024900000,
      "fcf": 621200000,
      "ocf": 787700000,
      "capex": -166500000,
      "gross_margin": 0.41120739748869406,
      "op_margin": 0.1429979030342841,
      "fcf_margin": 0.1569439882772037,
      "incr_op_margin_yoy": 0.2873961218836565,
      "rev_growth_yoy": 0.07870711034802279,
      "rev_growth_yoy_accel": 0.002881829668807012,
      "op_leverage_ratio": 0.9798112807255157,
      "fcf_margin_change": 0.052741085964179646
    },
    {
      "date": "2023-12-31T00:00:00",
      "quarter_label": "2023-12 (Q4)",
      "revenue": 3938400000,
      "gross_profit": 1654000000,
      "operating_income": 590000000,
      "net_income": 405200000,
      "opex": 1064000000,
      "cogs": 2284400000,
      "rd": null,
      "sga": 1034800000,
      "fcf": 589900000,
      "ocf": 852500000,
      "capex": -262600000,
      "gross_margin": 0.41996749949217954,
      "op_margin": 0.14980702823481618,
      "fcf_margin": 0.14978163721308146,
      "incr_op_margin_yoy": 0.7140718562874252,
      "rev_growth_yoy": 0.07278274133798213,
      "rev_growth_yoy_accel": -0.0059243690100406615,
      "fcf_margin_change": -0.0071623510641222465
    },
    {
      "date": "2024-03-31T00:00:00",
      "quarter_label": "2024-03 (Q1)",
      "revenue": 3751900000,
      "gross_profit": 1623800000,
      "operating_income": 517900000,
      "net_income": 412100000,
      "opex": 1105900000,
      "cogs": 2128100000,
      "rd": null,
      "sga": 1077700000,
      "fcf": 447900000,
      "ocf": 649400000,
      "capex": -201500000,
      "gross_margin": 0.4327940510141528,
      "op_margin": 0.13803672805778405,
      "fcf_margin": 0.11937951437938112,
      "incr_op_margin_yoy": 0.9223516361619523,
      "rev_growth_yoy": 0.050481576884309556,
      "rev_growth_yoy_accel": -0.02230116445367257,
      "fcf_margin_change": -0.03040212283370035
    },
    {
      "date": "2024-06-30T00:00:00",
      "quarter_label": "2024-06 (Q2)",
      "revenue": 3985800000,
      "gross_profit": 1744800000,
      "operating_income": 656900000,
      "net_income": 490900000,
      "opex": 1087900000,
      "cogs": 2241000000,
      "rd": null,
      "sga": 1075700000,
      "fcf": 414200000,
      "ocf": 611100000,
      "capex": -196900000,
      "gross_margin": 0.4377540267951227,
      "op_margin": 0.16481007576897988,
      "fcf_margin": 0.10391891213809022,
      "incr_op_margin_yoy": 1.287958115183246,
      "rev_growth_yoy": 0.03470834090496093,
      "rev_growth_yoy_accel": -0.015773235979348627,
      "op_leverage_ratio": Infinity,
      "fcf_margin_change": -0.015460602241290894
    },
    {
      "date": "2024-09-30T00:00:00",
      "quarter_label": "2024-09 (Q3)",
      "revenue": 3998500000,
      "gross_profit": 1737000000,
      "operating_income": 1044800000,
      "net_income": 736500000,
      "opex": 692200000,
      "cogs": 2261500000,
      "rd": null,
      "sga": 1024800000,
      "fcf": 550300000,
      "ocf": 786700000,
      "capex": -236400000,
      "gross_margin": 0.4344129048393147,
      "op_margin": 0.2612979867450294,
      "fcf_margin": 0.13762660997874201,
      "incr_op_margin_yoy": 11.851485148514852,
      "rev_growth_yoy": 0.010206917460397666,
      "rev_growth_yoy_accel": -0.024501423444563263,
      "fcf_margin_change": 0.03370769784065179
    },
    {
      "date": "2024-12-31T00:00:00",
      "quarter_label": "2024-12 (Q4)",
      "revenue": 4005200000,
      "gross_profit": 1736100000,
      "operating_income": 582800000,
      "net_income": 472900000,
      "opex": 1153300000,
      "cogs": 2269100000,
      "rd": null,
      "sga": 1050000000,
      "fcf": 407000000,
      "ocf": 766700000,
      "capex": -359700000,
      "gross_margin": 0.4334615000499351,
      "op_margin": 0.14551083591331268,
      "fcf_margin": 0.10161789673424548,
      "incr_op_margin_yoy": -0.10778443113772455,
      "rev_growth_yoy": 0.016961202518789357,
      "rev_growth_yoy_accel": 0.006754285058391691,
      "fcf_margin_change": -0.03600871324449653
    },
    {
      "date": "2025-03-31T00:00:00",
      "quarter_label": "2025-03 (Q1)",
      "revenue": 3695000000,
      "gross_profit": 1634800000,
      "operating_income": 555300000,
      "net_income": 402500000,
      "opex": 1079500000,
      "cogs": 2060200000,
      "rd": null,
      "sga": 1050000000,
      "fcf": 131500000,
      "ocf": 369400000,
      "capex": -237900000,
      "gross_margin": 0.4424357239512855,
      "op_margin": 0.15028416779431664,
      "fcf_margin": 0.03558863328822733,
      "incr_op_margin_yoy": -0.6572934973637962,
      "rev_growth_yoy": -0.015165649404301821,
      "rev_growth_yoy_accel": -0.03212685192309118,
      "fcf_margin_change": -0.06602926344601814
    },
    {
      "date": "2025-06-30T00:00:00",
      "quarter_label": "2025-06 (Q2)",
      "revenue": 4025200000,
      "gross_profit": 1802400000,
      "operating_income": 710100000,
      "net_income": 524200000,
      "opex": 1092300000,
      "cogs": 2222800000,
      "rd": null,
      "sga": 1067700000,
      "fcf": 485100000,
      "ocf": 701800000,
      "capex": -216700000,
      "gross_margin": 0.4477789923482063,
      "op_margin": 0.17641359435555998,
      "fcf_margin": 0.12051575077014806,
      "incr_op_margin_yoy": 1.350253807106599,
      "rev_growth_yoy": 0.009885092076872899,
      "rev_growth_yoy_accel": 0.02505074148117472,
      "op_leverage_ratio": 7.536597175236807,
      "fcf_margin_change": 0.08492711748192072
    },
    {
      "date": "2025-09-30T00:00:00",
      "quarter_label": "2025-09 (Q3)",
      "revenue": 4165000000,
      "gross_profit": 1865600000,
      "operating_income": 760200000,
      "net_income": 585000000,
      "opex": 1105400000,
      "cogs": 2299400000,
      "rd": null,
      "sga": 1079200000,
      "fcf": 529700000,
      "ocf": 791300000,
      "capex": -261600000,
      "gross_margin": 0.4479231692677071,
      "op_margin": 0.18252100840336136,
      "fcf_margin": 0.12717887154861945,
      "incr_op_margin_yoy": -1.7093093093093092,
      "rev_growth_yoy": 0.04164061523071152,
      "rev_growth_yoy_accel": 0.031755523153838616,
      "op_leverage_ratio": 2.895945239646714,
      "fcf_margin_change": 0.006663120778471393
    }
  ],
  "signals": [
    {
      "quarter": "2025-09 (Q3)",
      "signal": "OPERATING LEVERAGE",
      "detail": "Rev growth +3.5% vs OpEx growth +1.2% (leverage: 2.9x)",
      "severity": "MEDIUM"
    },
    {
      "quarter": "2025-06 (Q2)",
      "signal": "FCF MARGIN EXPANSION",
      "detail": "FCF margin: +3.6% -> +12.1% (+8.5%)",
      "severity": "MEDIUM"
    },
    {
      "quarter": "2025-06 (Q2)",
      "signal": "OPERATING LEVERAGE",
      "detail": "Rev growth +8.9% vs OpEx growth +1.2% (leverage: 7.5x)",
      "severity": "MEDIUM"
    },
    {
      "quarter": "2025-06 (Q2)",
      "signal": "INCREMENTAL MARGIN (YoY)",
      "detail": "YoY Incr OPM: +135.0% vs year-ago OPM: +16.5%",
      "severity": "HIGH"
    },
    {
      "quarter": "2024-09 (Q3)",
      "signal": "INCREMENTAL MARGIN (YoY)",
      "detail": "YoY Incr OPM: +1185.1% vs year-ago OPM: +14.3%",
      "severity": "HIGH"
    },
    {
      "quarter": "2024-06 (Q2)",
      "signal": "INCREMENTAL MARGIN (YoY)",
      "detail": "YoY Incr OPM: +128.8% vs year-ago OPM: +12.6%",
      "severity": "HIGH"
    },
    {
      "quarter": "2024-03 (Q1)",
      "signal": "INCREMENTAL MARGIN (YoY)",
      "detail": "YoY Incr OPM: +92.2% vs year-ago OPM: +9.8%",
      "severity": "HIGH"
    },
    {
      "quarter": "2023-12 (Q4)",
      "signal": "INCREMENTAL MARGIN (YoY)",
      "detail": "YoY Incr OPM: +71.4% vs year-ago OPM: +10.9%",
      "severity": "HIGH"
    },
    {
      "quarter": "2023-09 (Q3)",
      "signal": "FCF MARGIN EXPANSION",
      "detail": "FCF margin: +10.4% -> +15.7% (+5.3%)",
      "severity": "MEDIUM"
    },
    {
      "quarter": "2023-09 (Q3)",
      "signal": "INCREMENTAL MARGIN (YoY)",
      "detail": "YoY Incr OPM: +28.7% vs year-ago OPM: +13.2%",
      "severity": "MEDIUM"
    },
    {
      "quarter": "2023-06 (Q2)",
      "signal": "FCF MARGIN EXPANSION",
      "detail": "FCF margin: +0.7% -> +10.4% (+9.7%)",
      "severity": "MEDIUM"
    },
    {
      "quarter": "2023-06 (Q2)",
      "signal": "OPERATING LEVERAGE",
      "detail": "Rev growth +7.9% vs OpEx growth +1.8% (leverage: 4.5x)",
      "severity": "MEDIUM"
    },
    {
      "quarter": "2023-03 (Q1)",
      "signal": "INCREMENTAL MARGIN (YoY)",
      "detail": "YoY Incr OPM: +31.8% vs year-ago OPM: +7.8%",
      "severity": "HIGH"
    },
    {
      "quarter": "2022-12 (Q4)",
      "signal": "FCF MARGIN EXPANSION",
      "detail": "FCF margin: +6.7% -> +17.9% (+11.2%)",
      "severity": "MEDIUM"
    },
    {
      "quarter": "2022-06 (Q2)",
      "signal": "OPERATING LEVERAGE",
      "detail": "Rev growth +9.6% vs OpEx growth +0.5% (leverage: 18.4x)",
      "severity": "MEDIUM"
    }
  ],
  "data_quality": {
    "n_quarters": 20,
    "coverage": {
      "revenue": [
        20,
        20
      ],
      "gross_profit": [
        20,
        20
      ],
      "op_income": [
        20,
        20
      ],
      "fcf": [
        20,
        20
      ]
    },
    "gaps": [],
    "warnings": []
  },
  "market_cap": null,
  "source": "SEC EDGAR",
  "last_updated": "2026-02-02T19:53:13.536108",
  "sector": "Basic Materials",
  "industry": "Specialty Chemicals"
}