{
  "ticker": "ECPG",
  "name": "ENCORE CAPITAL GROUP, INC.",
  "quarters": [
    {
      "date": "2020-12-31T00:00:00",
      "quarter_label": "2020-12 (Q4)",
      "revenue": 382610000,
      "gross_profit": null,
      "operating_income": 124213000,
      "net_income": 37320000,
      "opex": 258397000,
      "cogs": null,
      "rd": null,
      "sga": null,
      "fcf": 50940000,
      "ocf": 62882000,
      "capex": -11942000,
      "gross_margin": null,
      "op_margin": 0.3246465068869083,
      "fcf_margin": 0.13313818248346881
    },
    {
      "date": "2021-03-31T00:00:00",
      "quarter_label": "2021-03 (Q1)",
      "revenue": 416837000,
      "gross_profit": null,
      "operating_income": 168314000,
      "net_income": 94630000,
      "opex": 248523000,
      "cogs": null,
      "rd": null,
      "sga": null,
      "fcf": 65327000,
      "ocf": 69119000,
      "capex": -3792000,
      "gross_margin": null,
      "op_margin": 0.4037885312484256,
      "fcf_margin": 0.15672073256452762,
      "op_leverage_ratio": Infinity,
      "fcf_margin_change": 0.023582550081058806
    },
    {
      "date": "2021-06-30T00:00:00",
      "quarter_label": "2021-06 (Q2)",
      "revenue": 427735000,
      "gross_profit": null,
      "operating_income": 174287000,
      "net_income": 96503000,
      "opex": 253448000,
      "cogs": null,
      "rd": null,
      "sga": null,
      "fcf": 73287000,
      "ocf": 79846000,
      "capex": -6559000,
      "gross_margin": null,
      "op_margin": 0.40746490233438926,
      "fcf_margin": 0.1713373934796077,
      "op_leverage_ratio": 1.319291895726834,
      "fcf_margin_change": 0.01461666091508007
    },
    {
      "date": "2021-09-30T00:00:00",
      "quarter_label": "2021-09 (Q3)",
      "revenue": 412624000,
      "gross_profit": null,
      "operating_income": 166647000,
      "net_income": 83566000,
      "opex": 245977000,
      "cogs": null,
      "rd": null,
      "sga": null,
      "fcf": 49213000,
      "ocf": 63025000,
      "capex": -13812000,
      "gross_margin": null,
      "op_margin": 0.40387132110589785,
      "fcf_margin": 0.11926838962348288,
      "fcf_margin_change": -0.05206900385612481
    },
    {
      "date": "2021-12-31T00:00:00",
      "quarter_label": "2021-12 (Q4)",
      "revenue": 357303000,
      "gross_profit": null,
      "operating_income": 124024000,
      "net_income": 76083000,
      "opex": 233279000,
      "cogs": null,
      "rd": null,
      "sga": null,
      "fcf": 81854000,
      "ocf": 91063000,
      "capex": -9209000,
      "gross_margin": null,
      "op_margin": 0.3471115551786579,
      "fcf_margin": 0.22908847672703558,
      "incr_op_margin_yoy": 0.007468289406093176,
      "rev_growth_yoy": -0.06614306996680692,
      "fcf_margin_change": 0.1098200871035527
    },
    {
      "date": "2022-03-31T00:00:00",
      "quarter_label": "2022-03 (Q1)",
      "revenue": 499682000,
      "gross_profit": null,
      "operating_income": 265014000,
      "net_income": 175749000,
      "opex": 234668000,
      "cogs": null,
      "rd": null,
      "sga": null,
      "fcf": 47451000,
      "ocf": 54530000,
      "capex": -7079000,
      "gross_margin": null,
      "op_margin": 0.5303653123386474,
      "fcf_margin": 0.09496239608390937,
      "incr_op_margin_yoy": 1.167240026555616,
      "rev_growth_yoy": 0.19874675232764846,
      "rev_growth_yoy_accel": 0.2648898222944554,
      "op_leverage_ratio": 66.92412086768745,
      "fcf_margin_change": -0.1341260806431262
    },
    {
      "date": "2022-06-30T00:00:00",
      "quarter_label": "2022-06 (Q2)",
      "revenue": 356917000,
      "gross_profit": null,
      "operating_income": 118948000,
      "net_income": 60439000,
      "opex": 237969000,
      "cogs": null,
      "rd": null,
      "sga": null,
      "fcf": 39142000,
      "ocf": 44000000,
      "capex": -4858000,
      "gross_margin": null,
      "op_margin": 0.3332651568852142,
      "fcf_margin": 0.10966695338131835,
      "incr_op_margin_yoy": 0.7814256262532124,
      "rev_growth_yoy": -0.16556512794136558,
      "rev_growth_yoy_accel": -0.36431188026901407,
      "fcf_margin_change": 0.01470455729740898
    },
    {
      "date": "2022-09-30T00:00:00",
      "quarter_label": "2022-09 (Q3)",
      "revenue": 307752000,
      "gross_profit": null,
      "operating_income": 80517000,
      "net_income": 31494000,
      "opex": 227235000,
      "cogs": null,
      "rd": null,
      "sga": null,
      "fcf": 47215000,
      "ocf": 56346000,
      "capex": -9131000,
      "gross_margin": null,
      "op_margin": 0.2616294938781876,
      "fcf_margin": 0.15341898671657697,
      "incr_op_margin_yoy": 0.8212869021283088,
      "rev_growth_yoy": -0.25415874985458914,
      "rev_growth_yoy_accel": -0.08859362191322356,
      "fcf_margin_change": 0.04375203333525862
    },
    {
      "date": "2022-12-31T00:00:00",
      "quarter_label": "2022-12 (Q4)",
      "revenue": 233996000,
      "gross_profit": null,
      "operating_income": -2305000,
      "net_income": -73118000,
      "opex": 236301000,
      "cogs": null,
      "rd": null,
      "sga": null,
      "fcf": 39649000,
      "ocf": 55805000,
      "capex": -16156000,
      "gross_margin": null,
      "op_margin": -0.00985059573667926,
      "fcf_margin": 0.16944306740286158,
      "incr_op_margin_yoy": 1.0245079354781157,
      "rev_growth_yoy": -0.3451048549830256,
      "rev_growth_yoy_accel": -0.09094610512843648,
      "fcf_margin_change": 0.01602408068628461
    },
    {
      "date": "2023-03-31T00:00:00",
      "quarter_label": "2023-03 (Q1)",
      "revenue": 312630000,
      "gross_profit": null,
      "operating_income": 70138000,
      "net_income": 18626000,
      "opex": 242492000,
      "cogs": null,
      "rd": null,
      "sga": null,
      "fcf": 31028000,
      "ocf": 35913000,
      "capex": -4885000,
      "gross_margin": null,
      "op_margin": 0.2243482711192144,
      "fcf_margin": 0.099248312701916,
      "incr_op_margin_yoy": 1.0418279408934414,
      "rev_growth_yoy": -0.3743420815638746,
      "rev_growth_yoy_accel": -0.029237226580848985,
      "op_leverage_ratio": 12.826456427904706,
      "fcf_margin_change": -0.07019475470094558
    },
    {
      "date": "2023-06-30T00:00:00",
      "quarter_label": "2023-06 (Q2)",
      "revenue": 323044000,
      "gross_profit": null,
      "operating_income": 88072000,
      "net_income": 26305000,
      "opex": 234972000,
      "cogs": null,
      "rd": null,
      "sga": null,
      "fcf": 22092000,
      "ocf": 26710000,
      "capex": -4618000,
      "gross_margin": null,
      "op_margin": 0.27263159198127807,
      "fcf_margin": 0.06838696895778903,
      "incr_op_margin_yoy": 0.9115224515100523,
      "rev_growth_yoy": -0.09490441755366094,
      "rev_growth_yoy_accel": 0.27943766401021364,
      "op_leverage_ratio": Infinity,
      "fcf_margin_change": -0.030861343744126968
    },
    {
      "date": "2023-09-30T00:00:00",
      "quarter_label": "2023-09 (Q3)",
      "revenue": 309619000,
      "gross_profit": null,
      "operating_income": 75518000,
      "net_income": 19339000,
      "opex": 234101000,
      "cogs": null,
      "rd": null,
      "sga": null,
      "fcf": 46326000,
      "ocf": 53588000,
      "capex": -7262000,
      "gross_margin": null,
      "op_margin": 0.24390622022550296,
      "fcf_margin": 0.14962260068019081,
      "incr_op_margin_yoy": -2.677557579003749,
      "rev_growth_yoy": 0.006066573084821544,
      "rev_growth_yoy_accel": 0.10097099063848249,
      "fcf_margin_change": 0.08123563172240178
    },
    {
      "date": "2023-12-31T00:00:00",
      "quarter_label": "2023-12 (Q4)",
      "revenue": 277387000,
      "gross_profit": null,
      "operating_income": -217193000,
      "net_income": -270762000,
      "opex": 494580000,
      "cogs": null,
      "rd": null,
      "sga": null,
      "fcf": 28738000,
      "ocf": 36780000,
      "capex": -8042000,
      "gross_margin": null,
      "op_margin": -0.7829963192218813,
      "fcf_margin": 0.1036025480646173,
      "incr_op_margin_yoy": -4.9523633933304145,
      "rev_growth_yoy": 0.18543479375715824,
      "rev_growth_yoy_accel": 0.1793682206723367,
      "fcf_margin_change": -0.046020052615573515
    },
    {
      "date": "2024-03-31T00:00:00",
      "quarter_label": "2024-03 (Q1)",
      "revenue": 328386000,
      "gross_profit": null,
      "operating_income": 83591000,
      "net_income": 23239000,
      "opex": 244795000,
      "cogs": null,
      "rd": null,
      "sga": null,
      "fcf": 44123000,
      "ocf": 50984000,
      "capex": -6861000,
      "gross_margin": null,
      "op_margin": 0.25455104663414396,
      "fcf_margin": 0.13436321889483718,
      "incr_op_margin_yoy": 0.8538334602691038,
      "rev_growth_yoy": 0.05039823433451684,
      "rev_growth_yoy_accel": -0.1350365594226414,
      "op_leverage_ratio": Infinity,
      "fcf_margin_change": 0.030760670830219883
    },
    {
      "date": "2024-06-30T00:00:00",
      "quarter_label": "2024-06 (Q2)",
      "revenue": 355285000,
      "gross_profit": null,
      "operating_income": 101839000,
      "net_income": 32181000,
      "opex": 253446000,
      "cogs": null,
      "rd": null,
      "sga": null,
      "fcf": 28323000,
      "ocf": 35713000,
      "capex": -7390000,
      "gross_margin": null,
      "op_margin": 0.28664030285545405,
      "fcf_margin": 0.07971909875170638,
      "incr_op_margin_yoy": 0.42700288452591423,
      "rev_growth_yoy": 0.09980374190512747,
      "rev_growth_yoy_accel": 0.049405507570610636,
      "op_leverage_ratio": 2.3178628362718947,
      "fcf_margin_change": -0.0546441201431308
    },
    {
      "date": "2024-09-30T00:00:00",
      "quarter_label": "2024-09 (Q3)",
      "revenue": 367071000,
      "gross_profit": null,
      "operating_income": 106090000,
      "net_income": 30643000,
      "opex": 260981000,
      "cogs": null,
      "rd": null,
      "sga": null,
      "fcf": 39727000,
      "ocf": 45927000,
      "capex": -6200000,
      "gross_margin": null,
      "op_margin": 0.2890176559848095,
      "fcf_margin": 0.10822701875114078,
      "incr_op_margin_yoy": 0.5321311703683075,
      "rev_growth_yoy": 0.18555708790481204,
      "rev_growth_yoy_accel": 0.08575334599968457,
      "op_leverage_ratio": 1.1158138540870097,
      "fcf_margin_change": 0.028507919999434403
    },
    {
      "date": "2024-12-31T00:00:00",
      "quarter_label": "2024-12 (Q4)",
      "revenue": 265619000,
      "gross_profit": null,
      "operating_income": -134190000,
      "net_income": -225307000,
      "opex": 399809000,
      "cogs": null,
      "rd": null,
      "sga": null,
      "fcf": 14988000,
      "ocf": 23544000,
      "capex": -8556000,
      "gross_margin": null,
      "op_margin": -0.505197293868285,
      "fcf_margin": 0.05642668634397389,
      "incr_op_margin_yoy": -7.053280081577158,
      "rev_growth_yoy": -0.04242448276235007,
      "rev_growth_yoy_accel": -0.22798157066716213,
      "fcf_margin_change": -0.051800332407166895
    },
    {
      "date": "2025-03-31T00:00:00",
      "quarter_label": "2025-03 (Q1)",
      "revenue": 392775000,
      "gross_profit": null,
      "operating_income": 129343000,
      "net_income": 46796000,
      "opex": 263432000,
      "cogs": null,
      "rd": null,
      "sga": null,
      "fcf": 38293000,
      "ocf": 45283000,
      "capex": -6990000,
      "gross_margin": null,
      "op_margin": 0.3293055820762523,
      "fcf_margin": 0.09749347590859907,
      "incr_op_margin_yoy": 0.7105561508953393,
      "rev_growth_yoy": 0.19607717746797976,
      "rev_growth_yoy_accel": 0.23850166023032981,
      "op_leverage_ratio": Infinity,
      "fcf_margin_change": 0.04106678956462518
    },
    {
      "date": "2025-06-30T00:00:00",
      "quarter_label": "2025-06 (Q2)",
      "revenue": 442122000,
      "gross_profit": null,
      "operating_income": 150733000,
      "net_income": 58721000,
      "opex": 291389000,
      "cogs": null,
      "rd": null,
      "sga": null,
      "fcf": 3194000,
      "ocf": 9524000,
      "capex": -6330000,
      "gross_margin": null,
      "op_margin": 0.34093078381080333,
      "fcf_margin": 0.007224250320047408,
      "incr_op_margin_yoy": 0.5630549189861465,
      "rev_growth_yoy": 0.24441504707488354,
      "rev_growth_yoy_accel": 0.04833786960690378,
      "op_leverage_ratio": 1.1838450993054757,
      "fcf_margin_change": -0.09026922558855166
    },
    {
      "date": "2025-09-30T00:00:00",
      "quarter_label": "2025-09 (Q3)",
      "revenue": 460353000,
      "gross_profit": null,
      "operating_income": 173178000,
      "net_income": 74660000,
      "opex": 287175000,
      "cogs": null,
      "rd": null,
      "sga": null,
      "fcf": 75563000,
      "ocf": 81581000,
      "capex": -6018000,
      "gross_margin": null,
      "op_margin": 0.37618523176779556,
      "fcf_margin": 0.16414143059782385,
      "incr_op_margin_yoy": 0.7191955575566562,
      "rev_growth_yoy": 0.25412522373055896,
      "rev_growth_yoy_accel": 0.009710176655675418,
      "op_leverage_ratio": Infinity,
      "fcf_margin_change": 0.15691718027777643
    }
  ],
  "signals": [
    {
      "quarter": "2025-09 (Q3)",
      "signal": "FCF MARGIN EXPANSION",
      "detail": "FCF margin: +0.7% -> +16.4% (+15.7%)",
      "severity": "MEDIUM"
    },
    {
      "quarter": "2025-09 (Q3)",
      "signal": "INCREMENTAL MARGIN (YoY)",
      "detail": "YoY Incr OPM: +71.9% vs year-ago OPM: +28.9%",
      "severity": "HIGH"
    },
    {
      "quarter": "2025-06 (Q2)",
      "signal": "INCREMENTAL MARGIN (YoY)",
      "detail": "YoY Incr OPM: +56.3% vs year-ago OPM: +28.7%",
      "severity": "HIGH"
    },
    {
      "quarter": "2025-03 (Q1)",
      "signal": "YoY REVENUE GROWTH ACCELERATION",
      "detail": "YoY growth: +19.6% vs prior quarter YoY: -4.2% (accel: +23.9%)",
      "severity": "HIGH"
    },
    {
      "quarter": "2025-03 (Q1)",
      "signal": "INCREMENTAL MARGIN (YoY)",
      "detail": "YoY Incr OPM: +71.1% vs year-ago OPM: +25.5%",
      "severity": "HIGH"
    },
    {
      "quarter": "2025-03 (Q1)",
      "signal": "OP MARGIN TURNED POSITIVE (QoQ)",
      "detail": "Op margin: -50.5% -> +32.9%",
      "severity": "HIGH"
    },
    {
      "quarter": "2024-12 (Q4)",
      "signal": "YoY REVENUE GROWTH DECELERATION",
      "detail": "YoY growth: -4.2% vs prior quarter YoY: +18.6% (decel: -22.8%)",
      "severity": "WARNING"
    },
    {
      "quarter": "2024-09 (Q3)",
      "signal": "YoY REVENUE GROWTH ACCELERATION",
      "detail": "YoY growth: +18.6% vs prior quarter YoY: +10.0% (accel: +8.6%)",
      "severity": "MEDIUM"
    },
    {
      "quarter": "2024-09 (Q3)",
      "signal": "INCREMENTAL MARGIN (YoY)",
      "detail": "YoY Incr OPM: +53.2% vs year-ago OPM: +24.4%",
      "severity": "HIGH"
    },
    {
      "quarter": "2024-06 (Q2)",
      "signal": "OPERATING LEVERAGE",
      "detail": "Rev growth +8.2% vs OpEx growth +3.5% (leverage: 2.3x)",
      "severity": "MEDIUM"
    },
    {
      "quarter": "2024-06 (Q2)",
      "signal": "INCREMENTAL MARGIN (YoY)",
      "detail": "YoY Incr OPM: +42.7% vs year-ago OPM: +27.3%",
      "severity": "MEDIUM"
    },
    {
      "quarter": "2024-03 (Q1)",
      "signal": "YoY REVENUE GROWTH DECELERATION",
      "detail": "YoY growth: +5.0% vs prior quarter YoY: +18.5% (decel: -13.5%)",
      "severity": "WARNING"
    },
    {
      "quarter": "2024-03 (Q1)",
      "signal": "INCREMENTAL MARGIN (YoY)",
      "detail": "YoY Incr OPM: +85.4% vs year-ago OPM: +22.4%",
      "severity": "HIGH"
    },
    {
      "quarter": "2024-03 (Q1)",
      "signal": "OP MARGIN TURNED POSITIVE (QoQ)",
      "detail": "Op margin: -78.3% -> +25.5%",
      "severity": "HIGH"
    },
    {
      "quarter": "2023-12 (Q4)",
      "signal": "YoY REVENUE GROWTH ACCELERATION",
      "detail": "YoY growth: +18.5% vs prior quarter YoY: +0.6% (accel: +17.9%)",
      "severity": "HIGH"
    },
    {
      "quarter": "2023-09 (Q3)",
      "signal": "FCF MARGIN EXPANSION",
      "detail": "FCF margin: +6.8% -> +15.0% (+8.1%)",
      "severity": "MEDIUM"
    },
    {
      "quarter": "2023-09 (Q3)",
      "signal": "YoY REVENUE GROWTH ACCELERATION",
      "detail": "YoY growth: +0.6% vs prior quarter YoY: -9.5% (accel: +10.1%)",
      "severity": "MEDIUM"
    },
    {
      "quarter": "2023-06 (Q2)",
      "signal": "YoY REVENUE GROWTH ACCELERATION",
      "detail": "YoY growth: -9.5% vs prior quarter YoY: -37.4% (accel: +27.9%)",
      "severity": "HIGH"
    },
    {
      "quarter": "2023-06 (Q2)",
      "signal": "INCREMENTAL MARGIN (YoY)",
      "detail": "YoY Incr OPM: +91.2% vs year-ago OPM: +33.3%",
      "severity": "HIGH"
    },
    {
      "quarter": "2023-03 (Q1)",
      "signal": "OPERATING LEVERAGE",
      "detail": "Rev growth +33.6% vs OpEx growth +2.6% (leverage: 12.8x)",
      "severity": "MEDIUM"
    },
    {
      "quarter": "2023-03 (Q1)",
      "signal": "INCREMENTAL MARGIN (YoY)",
      "detail": "YoY Incr OPM: +104.2% vs year-ago OPM: +53.0%",
      "severity": "HIGH"
    },
    {
      "quarter": "2023-03 (Q1)",
      "signal": "OP MARGIN TURNED POSITIVE (QoQ)",
      "detail": "Op margin: -1.0% -> +22.4%",
      "severity": "HIGH"
    },
    {
      "quarter": "2022-12 (Q4)",
      "signal": "YoY REVENUE GROWTH DECELERATION",
      "detail": "YoY growth: -34.5% vs prior quarter YoY: -25.4% (decel: -9.1%)",
      "severity": "WARNING"
    },
    {
      "quarter": "2022-09 (Q3)",
      "signal": "YoY REVENUE GROWTH DECELERATION",
      "detail": "YoY growth: -25.4% vs prior quarter YoY: -16.6% (decel: -8.9%)",
      "severity": "WARNING"
    },
    {
      "quarter": "2022-09 (Q3)",
      "signal": "INCREMENTAL MARGIN (YoY)",
      "detail": "YoY Incr OPM: +82.1% vs year-ago OPM: +40.4%",
      "severity": "HIGH"
    },
    {
      "quarter": "2022-06 (Q2)",
      "signal": "YoY REVENUE GROWTH DECELERATION",
      "detail": "YoY growth: -16.6% vs prior quarter YoY: +19.9% (decel: -36.4%)",
      "severity": "WARNING"
    },
    {
      "quarter": "2022-06 (Q2)",
      "signal": "INCREMENTAL MARGIN (YoY)",
      "detail": "YoY Incr OPM: +78.1% vs year-ago OPM: +40.7%",
      "severity": "HIGH"
    },
    {
      "quarter": "2022-03 (Q1)",
      "signal": "OPERATING LEVERAGE",
      "detail": "Rev growth +39.8% vs OpEx growth +0.6% (leverage: 66.9x)",
      "severity": "MEDIUM"
    },
    {
      "quarter": "2022-03 (Q1)",
      "signal": "YoY REVENUE GROWTH ACCELERATION",
      "detail": "YoY growth: +19.9% vs prior quarter YoY: -6.6% (accel: +26.5%)",
      "severity": "HIGH"
    },
    {
      "quarter": "2022-03 (Q1)",
      "signal": "INCREMENTAL MARGIN (YoY)",
      "detail": "YoY Incr OPM: +116.7% vs year-ago OPM: +40.4%",
      "severity": "HIGH"
    },
    {
      "quarter": "2021-12 (Q4)",
      "signal": "FCF MARGIN EXPANSION",
      "detail": "FCF margin: +11.9% -> +22.9% (+11.0%)",
      "severity": "MEDIUM"
    }
  ],
  "data_quality": {
    "n_quarters": 20,
    "coverage": {
      "revenue": [
        20,
        20
      ],
      "gross_profit": [
        0,
        20
      ],
      "op_income": [
        20,
        20
      ],
      "fcf": [
        20,
        20
      ]
    },
    "gaps": [],
    "warnings": [
      "gross_profit: no data"
    ]
  },
  "market_cap": null,
  "source": "SEC EDGAR",
  "last_updated": "2026-02-02T21:54:07.165577",
  "sector": "Financial Services",
  "industry": "Credit Services"
}