{
  "ticker": "ED",
  "name": "Consolidated Edison, Inc.",
  "sector": "Utilities",
  "industry": "Utilities - Regulated Electric",
  "quarters": [
    {
      "date": "2021-03-31T00:00:00",
      "quarter_label": "2021-03 (Q1)",
      "revenue": 3677000000,
      "gross_profit": null,
      "operating_income": 860000000,
      "net_income": 419000000,
      "opex": 2817000000,
      "cogs": null,
      "rd": null,
      "sga": null,
      "fcf": 289000000,
      "ocf": 289000000,
      "capex": null,
      "gross_margin": null,
      "op_margin": 0.23388632036986673,
      "fcf_margin": 0.0785966820777808
    },
    {
      "date": "2021-06-30T00:00:00",
      "quarter_label": "2021-06 (Q2)",
      "revenue": 2971000000,
      "gross_profit": null,
      "operating_income": 418000000,
      "net_income": 165000000,
      "opex": 2553000000,
      "cogs": null,
      "rd": null,
      "sga": null,
      "fcf": 1104000000,
      "ocf": 1104000000,
      "capex": null,
      "gross_margin": null,
      "op_margin": 0.1406933692359475,
      "fcf_margin": 0.3715920565466173,
      "fcf_margin_change": 0.2929953744688365
    },
    {
      "date": "2021-09-30T00:00:00",
      "quarter_label": "2021-09 (Q3)",
      "revenue": 3613000000,
      "gross_profit": null,
      "operating_income": 850000000,
      "net_income": 538000000,
      "opex": 2763000000,
      "cogs": null,
      "rd": null,
      "sga": null,
      "fcf": 319000000,
      "ocf": 319000000,
      "capex": null,
      "gross_margin": null,
      "op_margin": 0.23526155549404926,
      "fcf_margin": 0.08829227788541379,
      "op_leverage_ratio": 2.627023128335818,
      "fcf_margin_change": -0.28329977866120354
    },
    {
      "date": "2021-12-31T00:00:00",
      "quarter_label": "2021-12 (Q4)",
      "revenue": 3415000000,
      "gross_profit": null,
      "operating_income": 697000000,
      "net_income": 224000000,
      "opex": 2718000000,
      "cogs": null,
      "rd": null,
      "sga": null,
      "fcf": 1021000000,
      "ocf": 1021000000,
      "capex": null,
      "gross_margin": null,
      "op_margin": 0.204099560761347,
      "fcf_margin": 0.29897510980966324,
      "fcf_margin_change": 0.21068283192424947
    },
    {
      "date": "2022-03-31T00:00:00",
      "quarter_label": "2022-03 (Q1)",
      "revenue": 4060000000,
      "gross_profit": null,
      "operating_income": 799000000,
      "net_income": 602000000,
      "opex": 3261000000,
      "cogs": null,
      "rd": null,
      "sga": null,
      "fcf": 473000000,
      "ocf": 473000000,
      "capex": null,
      "gross_margin": null,
      "op_margin": 0.19679802955665024,
      "fcf_margin": 0.1165024630541872,
      "incr_op_margin_yoy": -0.15926892950391644,
      "rev_growth_yoy": 0.10416100081588252,
      "op_leverage_ratio": 0.9454065990956376,
      "fcf_margin_change": -0.18247264675547603
    },
    {
      "date": "2022-06-30T00:00:00",
      "quarter_label": "2022-06 (Q2)",
      "revenue": 3415000000,
      "gross_profit": null,
      "operating_income": 387000000,
      "net_income": 255000000,
      "opex": 3028000000,
      "cogs": null,
      "rd": null,
      "sga": null,
      "fcf": 1484000000,
      "ocf": 1484000000,
      "capex": null,
      "gross_margin": null,
      "op_margin": 0.11332357247437774,
      "fcf_margin": 0.43455344070278185,
      "incr_op_margin_yoy": -0.06981981981981981,
      "rev_growth_yoy": 0.14944463143722653,
      "rev_growth_yoy_accel": 0.04528363062134401,
      "fcf_margin_change": 0.31805097764859463
    },
    {
      "date": "2022-09-30T00:00:00",
      "quarter_label": "2022-09 (Q3)",
      "revenue": 4165000000,
      "gross_profit": null,
      "operating_income": 889000000,
      "net_income": 613000000,
      "opex": 3276000000,
      "cogs": null,
      "rd": null,
      "sga": null,
      "fcf": 661000000,
      "ocf": 661000000,
      "capex": null,
      "gross_margin": null,
      "op_margin": 0.2134453781512605,
      "fcf_margin": 0.15870348139255702,
      "incr_op_margin_yoy": 0.07065217391304347,
      "rev_growth_yoy": 0.1527816219208414,
      "rev_growth_yoy_accel": 0.0033369904836148823,
      "op_leverage_ratio": 2.681481131629906,
      "fcf_margin_change": -0.2758499593102248
    },
    {
      "date": "2022-12-31T00:00:00",
      "quarter_label": "2022-12 (Q4)",
      "revenue": 4031000000,
      "gross_profit": null,
      "operating_income": 550000000,
      "net_income": 190000000,
      "opex": 3481000000,
      "cogs": null,
      "rd": null,
      "sga": null,
      "fcf": 1317000000,
      "ocf": 1317000000,
      "capex": null,
      "gross_margin": null,
      "op_margin": 0.13644257008186556,
      "fcf_margin": 0.3267179359960308,
      "incr_op_margin_yoy": -0.23863636363636365,
      "rev_growth_yoy": 0.18038067349926792,
      "rev_growth_yoy_accel": 0.027599051578426514,
      "fcf_margin_change": 0.16801445460347375
    },
    {
      "date": "2023-03-31T00:00:00",
      "quarter_label": "2023-03 (Q1)",
      "revenue": 4403000000,
      "gross_profit": null,
      "operating_income": 1739000000,
      "net_income": 1433000000,
      "opex": 3519000000,
      "cogs": null,
      "rd": null,
      "sga": null,
      "fcf": 92000000,
      "ocf": 92000000,
      "capex": null,
      "gross_margin": null,
      "op_margin": 0.3949579831932773,
      "fcf_margin": 0.02089484442425619,
      "incr_op_margin_yoy": 2.740524781341108,
      "rev_growth_yoy": 0.08448275862068966,
      "rev_growth_yoy_accel": -0.09589791487857827,
      "op_leverage_ratio": 8.453772734988053,
      "fcf_margin_change": -0.30582309157177456
    },
    {
      "date": "2023-06-30T00:00:00",
      "quarter_label": "2023-06 (Q2)",
      "revenue": 2944000000,
      "gross_profit": null,
      "operating_income": 284000000,
      "net_income": 226000000,
      "opex": 2673000000,
      "cogs": null,
      "rd": null,
      "sga": null,
      "fcf": 1072000000,
      "ocf": 1072000000,
      "capex": null,
      "gross_margin": null,
      "op_margin": 0.09646739130434782,
      "fcf_margin": 0.3641304347826087,
      "incr_op_margin_yoy": 0.21868365180467092,
      "rev_growth_yoy": -0.13792093704245972,
      "rev_growth_yoy_accel": -0.22240369566314938,
      "fcf_margin_change": 0.3432355903583525
    },
    {
      "date": "2023-09-30T00:00:00",
      "quarter_label": "2023-09 (Q3)",
      "revenue": 3872000000,
      "gross_profit": null,
      "operating_income": 722000000,
      "net_income": 526000000,
      "opex": 3149000000,
      "cogs": null,
      "rd": null,
      "sga": null,
      "fcf": 17000000,
      "ocf": 17000000,
      "capex": null,
      "gross_margin": null,
      "op_margin": 0.18646694214876033,
      "fcf_margin": 0.004390495867768595,
      "incr_op_margin_yoy": 0.5699658703071673,
      "rev_growth_yoy": -0.07034813925570228,
      "rev_growth_yoy_accel": 0.06757279778675744,
      "op_leverage_ratio": 1.770117829740592,
      "fcf_margin_change": -0.35973993891484013
    },
    {
      "date": "2023-12-31T00:00:00",
      "quarter_label": "2023-12 (Q4)",
      "revenue": 3444000000,
      "gross_profit": null,
      "operating_income": 451000000,
      "net_income": 334000000,
      "opex": 2992000000,
      "cogs": null,
      "rd": null,
      "sga": null,
      "fcf": 975000000,
      "ocf": 975000000,
      "capex": null,
      "gross_margin": null,
      "op_margin": 0.13095238095238096,
      "fcf_margin": 0.28310104529616725,
      "incr_op_margin_yoy": 0.1686541737649063,
      "rev_growth_yoy": -0.14562143388737286,
      "rev_growth_yoy_accel": -0.07527329463167058,
      "fcf_margin_change": 0.2787105494283987
    },
    {
      "date": "2024-03-31T00:00:00",
      "quarter_label": "2024-03 (Q1)",
      "revenue": 4280000000,
      "gross_profit": null,
      "operating_income": 1011000000,
      "net_income": 720000000,
      "opex": 3239000000,
      "cogs": null,
      "rd": null,
      "sga": null,
      "fcf": 573000000,
      "ocf": 573000000,
      "capex": null,
      "gross_margin": null,
      "op_margin": 0.23621495327102804,
      "fcf_margin": 0.1338785046728972,
      "incr_op_margin_yoy": 5.91869918699187,
      "rev_growth_yoy": -0.027935498523733816,
      "rev_growth_yoy_accel": 0.11768593536363905,
      "op_leverage_ratio": 2.9404091843116236,
      "fcf_margin_change": -0.14922254062327006
    },
    {
      "date": "2024-06-30T00:00:00",
      "quarter_label": "2024-06 (Q2)",
      "revenue": 3220000000,
      "gross_profit": null,
      "operating_income": 320000000,
      "net_income": 202000000,
      "opex": 2900000000,
      "cogs": null,
      "rd": null,
      "sga": null,
      "fcf": 1339000000,
      "ocf": 1339000000,
      "capex": null,
      "gross_margin": null,
      "op_margin": 0.09937888198757763,
      "fcf_margin": 0.4158385093167702,
      "incr_op_margin_yoy": 0.13043478260869565,
      "rev_growth_yoy": 0.09375,
      "rev_growth_yoy_accel": 0.12168549852373381,
      "fcf_margin_change": 0.281960004643873
    },
    {
      "date": "2024-09-30T00:00:00",
      "quarter_label": "2024-09 (Q3)",
      "revenue": 4092000000,
      "gross_profit": null,
      "operating_income": 862000000,
      "net_income": 588000000,
      "opex": 3230000000,
      "cogs": null,
      "rd": null,
      "sga": null,
      "fcf": 392000000,
      "ocf": 392000000,
      "capex": null,
      "gross_margin": null,
      "op_margin": 0.21065493646138808,
      "fcf_margin": 0.09579667644183773,
      "incr_op_margin_yoy": 0.6363636363636364,
      "rev_growth_yoy": 0.056818181818181816,
      "rev_growth_yoy_accel": -0.036931818181818184,
      "op_leverage_ratio": 2.3798230754752496,
      "fcf_margin_change": -0.3200418328749325
    },
    {
      "date": "2024-12-31T00:00:00",
      "quarter_label": "2024-12 (Q4)",
      "revenue": 3669000000,
      "gross_profit": null,
      "operating_income": 477000000,
      "net_income": 310000000,
      "opex": 3160000000,
      "cogs": null,
      "rd": null,
      "sga": null,
      "fcf": 1310000000,
      "ocf": 1310000000,
      "capex": null,
      "gross_margin": null,
      "op_margin": 0.13000817661488143,
      "fcf_margin": 0.35704551648950666,
      "incr_op_margin_yoy": 0.11555555555555555,
      "rev_growth_yoy": 0.06533101045296168,
      "rev_growth_yoy_accel": 0.00851282863477986,
      "fcf_margin_change": 0.2612488400476689
    },
    {
      "date": "2025-03-31T00:00:00",
      "quarter_label": "2025-03 (Q1)",
      "revenue": 4798000000,
      "gross_profit": null,
      "operating_income": 1125000000,
      "net_income": 791000000,
      "opex": 3673000000,
      "cogs": null,
      "rd": null,
      "sga": null,
      "fcf": 837000000,
      "ocf": 837000000,
      "capex": null,
      "gross_margin": null,
      "op_margin": 0.23447269695706544,
      "fcf_margin": 0.1744476865360567,
      "incr_op_margin_yoy": 0.22007722007722008,
      "rev_growth_yoy": 0.12102803738317756,
      "rev_growth_yoy_accel": 0.05569702693021589,
      "op_leverage_ratio": 1.895465777493004,
      "fcf_margin_change": -0.18259782995344997
    },
    {
      "date": "2025-06-30T00:00:00",
      "quarter_label": "2025-06 (Q2)",
      "revenue": 3595000000,
      "gross_profit": null,
      "operating_income": 355000000,
      "net_income": 246000000,
      "opex": 3240000000,
      "cogs": null,
      "rd": null,
      "sga": null,
      "fcf": 1979000000,
      "ocf": 1979000000,
      "capex": null,
      "gross_margin": null,
      "op_margin": 0.09874826147426982,
      "fcf_margin": 0.5504867872044507,
      "incr_op_margin_yoy": 0.09333333333333334,
      "rev_growth_yoy": 0.11645962732919254,
      "rev_growth_yoy_accel": -0.00456841005398502,
      "fcf_margin_change": 0.37603910066839397
    },
    {
      "date": "2025-09-30T00:00:00",
      "quarter_label": "2025-09 (Q3)",
      "revenue": 4530000000,
      "gross_profit": null,
      "operating_income": 968000000,
      "net_income": 688000000,
      "opex": 3562000000,
      "cogs": null,
      "rd": null,
      "sga": null,
      "fcf": 504000000,
      "ocf": 504000000,
      "capex": null,
      "gross_margin": null,
      "op_margin": 0.21368653421633554,
      "fcf_margin": 0.11125827814569536,
      "incr_op_margin_yoy": 0.2420091324200913,
      "rev_growth_yoy": 0.10703812316715543,
      "rev_growth_yoy_accel": -0.009421504162037117,
      "op_leverage_ratio": 2.616988743855769,
      "fcf_margin_change": -0.4392285090587553
    },
    {
      "date": "2025-12-31T00:00:00",
      "quarter_label": "2025-12 (Q4)",
      "revenue": 3994000000,
      "gross_profit": null,
      "operating_income": 487000000,
      "net_income": 297000000,
      "opex": 3511000000,
      "cogs": null,
      "rd": null,
      "sga": null,
      "fcf": 1480000000,
      "ocf": 1480000000,
      "capex": null,
      "gross_margin": null,
      "op_margin": 0.12193289934902353,
      "fcf_margin": 0.37055583375062595,
      "incr_op_margin_yoy": 0.03076923076923077,
      "rev_growth_yoy": 0.08857999454892342,
      "rev_growth_yoy_accel": -0.01845812861823201,
      "fcf_margin_change": 0.2592975556049306
    }
  ],
  "signals": [
    {
      "quarter": "2025-12 (Q4)",
      "signal": "FCF MARGIN EXPANSION",
      "detail": "FCF margin: +11.1% -> +37.1% (+25.9%)",
      "severity": "MEDIUM"
    },
    {
      "quarter": "2025-09 (Q3)",
      "signal": "OPERATING LEVERAGE",
      "detail": "Rev growth +26.0% vs OpEx growth +9.9% (leverage: 2.6x)",
      "severity": "MEDIUM"
    },
    {
      "quarter": "2025-06 (Q2)",
      "signal": "FCF MARGIN EXPANSION",
      "detail": "FCF margin: +17.4% -> +55.0% (+37.6%)",
      "severity": "MEDIUM"
    },
    {
      "quarter": "2025-03 (Q1)",
      "signal": "OPERATING LEVERAGE",
      "detail": "Rev growth +30.8% vs OpEx growth +16.2% (leverage: 1.9x)",
      "severity": "MEDIUM"
    },
    {
      "quarter": "2025-03 (Q1)",
      "signal": "YoY REVENUE GROWTH ACCELERATION",
      "detail": "YoY growth: +12.1% vs prior quarter YoY: +6.5% (accel: +5.6%)",
      "severity": "MEDIUM"
    },
    {
      "quarter": "2024-12 (Q4)",
      "signal": "FCF MARGIN EXPANSION",
      "detail": "FCF margin: +9.6% -> +35.7% (+26.1%)",
      "severity": "MEDIUM"
    },
    {
      "quarter": "2024-09 (Q3)",
      "signal": "OPERATING LEVERAGE",
      "detail": "Rev growth +27.1% vs OpEx growth +11.4% (leverage: 2.4x)",
      "severity": "MEDIUM"
    },
    {
      "quarter": "2024-09 (Q3)",
      "signal": "INCREMENTAL MARGIN (YoY)",
      "detail": "YoY Incr OPM: +63.6% vs year-ago OPM: +18.6%",
      "severity": "HIGH"
    },
    {
      "quarter": "2024-06 (Q2)",
      "signal": "FCF MARGIN EXPANSION",
      "detail": "FCF margin: +13.4% -> +41.6% (+28.2%)",
      "severity": "MEDIUM"
    },
    {
      "quarter": "2024-06 (Q2)",
      "signal": "YoY REVENUE GROWTH ACCELERATION",
      "detail": "YoY growth: +9.4% vs prior quarter YoY: -2.8% (accel: +12.2%)",
      "severity": "MEDIUM"
    },
    {
      "quarter": "2024-03 (Q1)",
      "signal": "OPERATING LEVERAGE",
      "detail": "Rev growth +24.3% vs OpEx growth +8.3% (leverage: 2.9x)",
      "severity": "MEDIUM"
    },
    {
      "quarter": "2024-03 (Q1)",
      "signal": "YoY REVENUE GROWTH ACCELERATION",
      "detail": "YoY growth: -2.8% vs prior quarter YoY: -14.6% (accel: +11.8%)",
      "severity": "MEDIUM"
    },
    {
      "quarter": "2024-03 (Q1)",
      "signal": "INCREMENTAL MARGIN (YoY)",
      "detail": "YoY Incr OPM: +591.9% vs year-ago OPM: +39.5%",
      "severity": "HIGH"
    },
    {
      "quarter": "2023-12 (Q4)",
      "signal": "FCF MARGIN EXPANSION",
      "detail": "FCF margin: +0.4% -> +28.3% (+27.9%)",
      "severity": "MEDIUM"
    },
    {
      "quarter": "2023-12 (Q4)",
      "signal": "YoY REVENUE GROWTH DECELERATION",
      "detail": "YoY growth: -14.6% vs prior quarter YoY: -7.0% (decel: -7.5%)",
      "severity": "WARNING"
    },
    {
      "quarter": "2023-09 (Q3)",
      "signal": "OPERATING LEVERAGE",
      "detail": "Rev growth +31.5% vs OpEx growth +17.8% (leverage: 1.8x)",
      "severity": "MEDIUM"
    },
    {
      "quarter": "2023-09 (Q3)",
      "signal": "YoY REVENUE GROWTH ACCELERATION",
      "detail": "YoY growth: -7.0% vs prior quarter YoY: -13.8% (accel: +6.8%)",
      "severity": "MEDIUM"
    },
    {
      "quarter": "2023-09 (Q3)",
      "signal": "INCREMENTAL MARGIN (YoY)",
      "detail": "YoY Incr OPM: +57.0% vs year-ago OPM: +21.3%",
      "severity": "HIGH"
    },
    {
      "quarter": "2023-06 (Q2)",
      "signal": "FCF MARGIN EXPANSION",
      "detail": "FCF margin: +2.1% -> +36.4% (+34.3%)",
      "severity": "MEDIUM"
    },
    {
      "quarter": "2023-06 (Q2)",
      "signal": "YoY REVENUE GROWTH DECELERATION",
      "detail": "YoY growth: -13.8% vs prior quarter YoY: +8.4% (decel: -22.2%)",
      "severity": "WARNING"
    },
    {
      "quarter": "2023-06 (Q2)",
      "signal": "INCREMENTAL MARGIN (YoY)",
      "detail": "YoY Incr OPM: +21.9% vs year-ago OPM: +11.3%",
      "severity": "MEDIUM"
    },
    {
      "quarter": "2023-03 (Q1)",
      "signal": "OPERATING LEVERAGE",
      "detail": "Rev growth +9.2% vs OpEx growth +1.1% (leverage: 8.5x)",
      "severity": "MEDIUM"
    },
    {
      "quarter": "2023-03 (Q1)",
      "signal": "YoY REVENUE GROWTH DECELERATION",
      "detail": "YoY growth: +8.4% vs prior quarter YoY: +18.0% (decel: -9.6%)",
      "severity": "WARNING"
    },
    {
      "quarter": "2023-03 (Q1)",
      "signal": "INCREMENTAL MARGIN (YoY)",
      "detail": "YoY Incr OPM: +274.1% vs year-ago OPM: +19.7%",
      "severity": "HIGH"
    },
    {
      "quarter": "2022-12 (Q4)",
      "signal": "FCF MARGIN EXPANSION",
      "detail": "FCF margin: +15.9% -> +32.7% (+16.8%)",
      "severity": "MEDIUM"
    },
    {
      "quarter": "2022-09 (Q3)",
      "signal": "OPERATING LEVERAGE",
      "detail": "Rev growth +22.0% vs OpEx growth +8.2% (leverage: 2.7x)",
      "severity": "MEDIUM"
    },
    {
      "quarter": "2022-06 (Q2)",
      "signal": "FCF MARGIN EXPANSION",
      "detail": "FCF margin: +11.7% -> +43.5% (+31.8%)",
      "severity": "MEDIUM"
    },
    {
      "quarter": "2021-12 (Q4)",
      "signal": "FCF MARGIN EXPANSION",
      "detail": "FCF margin: +8.8% -> +29.9% (+21.1%)",
      "severity": "MEDIUM"
    },
    {
      "quarter": "2021-09 (Q3)",
      "signal": "OPERATING LEVERAGE",
      "detail": "Rev growth +21.6% vs OpEx growth +8.2% (leverage: 2.6x)",
      "severity": "MEDIUM"
    },
    {
      "quarter": "2021-06 (Q2)",
      "signal": "FCF MARGIN EXPANSION",
      "detail": "FCF margin: +7.9% -> +37.2% (+29.3%)",
      "severity": "MEDIUM"
    }
  ],
  "data_quality": {
    "n_quarters": 20,
    "coverage": {
      "revenue": [
        20,
        20
      ],
      "gross_profit": [
        0,
        20
      ],
      "op_income": [
        20,
        20
      ],
      "fcf": [
        20,
        20
      ]
    },
    "gaps": [],
    "warnings": [
      "gross_profit: no data"
    ]
  },
  "market_cap": null,
  "source": "SEC EDGAR",
  "last_updated": "2026-02-24T10:19:42.100676"
}