{
  "ticker": "EDIT",
  "name": "EDITAS MEDICINE, INC.",
  "quarters": [
    {
      "date": "2020-12-31T00:00:00",
      "quarter_label": "2020-12 (Q4)",
      "revenue": 11419000,
      "gross_profit": null,
      "operating_income": -65872000,
      "net_income": -62499000,
      "opex": 77293000,
      "cogs": null,
      "rd": 61504000,
      "sga": null,
      "fcf": -41476000,
      "ocf": -40100000,
      "capex": -1376000,
      "gross_margin": null,
      "op_margin": -5.768631228653998,
      "fcf_margin": -3.6321919607671425
    },
    {
      "date": "2021-03-31T00:00:00",
      "quarter_label": "2021-03 (Q1)",
      "revenue": 6499000,
      "gross_profit": null,
      "operating_income": -56883000,
      "net_income": -56728000,
      "opex": 63382000,
      "cogs": null,
      "rd": 41937000,
      "sga": null,
      "fcf": -49563000,
      "ocf": -49479000,
      "capex": -84000,
      "gross_margin": null,
      "op_margin": -8.75257731958763,
      "fcf_margin": -7.626250192337283,
      "fcf_margin_change": -3.9940582315701403
    },
    {
      "date": "2021-06-30T00:00:00",
      "quarter_label": "2021-06 (Q2)",
      "revenue": 379000,
      "gross_profit": null,
      "operating_income": -55401000,
      "net_income": -55256000,
      "opex": 55780000,
      "cogs": null,
      "rd": 33753000,
      "sga": null,
      "fcf": -41661000,
      "ocf": -38957000,
      "capex": -2704000,
      "gross_margin": null,
      "op_margin": -146.17678100263853,
      "fcf_margin": -109.92348284960423,
      "fcf_margin_change": -102.29723265726695
    },
    {
      "date": "2021-09-30T00:00:00",
      "quarter_label": "2021-09 (Q3)",
      "revenue": 6197000,
      "gross_profit": null,
      "operating_income": -39253000,
      "net_income": -39082000,
      "opex": 45450000,
      "cogs": null,
      "rd": 29265000,
      "sga": null,
      "fcf": -43129000,
      "ocf": -40785000,
      "capex": -2344000,
      "gross_margin": null,
      "op_margin": -6.334193964821688,
      "fcf_margin": -6.959657898983379,
      "op_leverage_ratio": Infinity,
      "fcf_margin_change": 102.96382495062085
    },
    {
      "date": "2021-12-31T00:00:00",
      "quarter_label": "2021-12 (Q4)",
      "revenue": 12469000,
      "gross_profit": null,
      "operating_income": -41610000,
      "net_income": -41436000,
      "opex": 54079000,
      "cogs": null,
      "rd": 37553000,
      "sga": null,
      "fcf": -37427000,
      "ocf": -34582000,
      "capex": -2845000,
      "gross_margin": null,
      "op_margin": -3.3370759483519126,
      "fcf_margin": -3.0016039778651056,
      "incr_op_margin_yoy": 23.106666666666666,
      "rev_growth_yoy": 0.09195200980821439,
      "op_leverage_ratio": 5.3308685302308065,
      "fcf_margin_change": 3.9580539211182737
    },
    {
      "date": "2022-03-31T00:00:00",
      "quarter_label": "2022-03 (Q1)",
      "revenue": 6771000,
      "gross_profit": null,
      "operating_income": -50750000,
      "net_income": -50515000,
      "opex": 57521000,
      "cogs": null,
      "rd": 37976000,
      "sga": null,
      "fcf": -51475000,
      "ocf": -49227000,
      "capex": -2248000,
      "gross_margin": null,
      "op_margin": -7.495200118150938,
      "fcf_margin": -7.602274405553094,
      "rev_growth_yoy": 0.04185259270657024,
      "rev_growth_yoy_accel": -0.050099417101644145,
      "fcf_margin_change": -4.600670427687988
    },
    {
      "date": "2022-06-30T00:00:00",
      "quarter_label": "2022-06 (Q2)",
      "revenue": 6362000,
      "gross_profit": null,
      "operating_income": -54234000,
      "net_income": -53453000,
      "opex": 60596000,
      "cogs": null,
      "rd": 43659000,
      "sga": null,
      "fcf": -38477000,
      "ocf": -37845000,
      "capex": -632000,
      "gross_margin": null,
      "op_margin": -8.524677774284816,
      "fcf_margin": -6.047940899088337,
      "incr_op_margin_yoy": 0.19505264917265586,
      "rev_growth_yoy": 15.786279683377309,
      "rev_growth_yoy_accel": 15.744427090670738,
      "fcf_margin_change": 1.554333506464757
    },
    {
      "date": "2022-09-30T00:00:00",
      "quarter_label": "2022-09 (Q3)",
      "revenue": 42000,
      "gross_profit": null,
      "operating_income": -57520000,
      "net_income": -55726000,
      "opex": 57562000,
      "cogs": null,
      "rd": 41326000,
      "sga": null,
      "fcf": -48618000,
      "ocf": -48004000,
      "capex": -614000,
      "gross_margin": null,
      "op_margin": -1369.5238095238096,
      "fcf_margin": -1157.5714285714287,
      "incr_op_margin_yoy": 2.96783103168156,
      "rev_growth_yoy": -0.9932225270292077,
      "rev_growth_yoy_accel": -16.779502210406516,
      "fcf_margin_change": -1151.5234876723403
    },
    {
      "date": "2022-12-31T00:00:00",
      "quarter_label": "2022-12 (Q4)",
      "revenue": 6536000,
      "gross_profit": null,
      "operating_income": -63446000,
      "net_income": -60738000,
      "opex": 69982000,
      "cogs": null,
      "rd": 51998000,
      "sga": null,
      "fcf": -42897000,
      "ocf": -42273000,
      "capex": -624000,
      "gross_margin": null,
      "op_margin": -9.707160342717259,
      "fcf_margin": -6.563188494492044,
      "incr_op_margin_yoy": 3.680431484914883,
      "rev_growth_yoy": -0.47582003368353515,
      "rev_growth_yoy_accel": 0.5174024933456725,
      "op_leverage_ratio": 716.6007744804846,
      "fcf_margin_change": 1151.0082400769365
    },
    {
      "date": "2023-03-31T00:00:00",
      "quarter_label": "2023-03 (Q1)",
      "revenue": 9851000,
      "gross_profit": null,
      "operating_income": -50961000,
      "net_income": -49036000,
      "opex": 60812000,
      "cogs": null,
      "rd": 37804000,
      "sga": null,
      "fcf": -37608000,
      "ocf": -35768000,
      "capex": -1840000,
      "gross_margin": null,
      "op_margin": -5.17318038777789,
      "fcf_margin": -3.817683483910263,
      "incr_op_margin_yoy": -0.0685064935064935,
      "rev_growth_yoy": 0.45488111061881553,
      "rev_growth_yoy_accel": 0.9307011443023507,
      "op_leverage_ratio": Infinity,
      "fcf_margin_change": 2.745505010581781
    },
    {
      "date": "2023-06-30T00:00:00",
      "quarter_label": "2023-06 (Q2)",
      "revenue": 2887000,
      "gross_profit": null,
      "operating_income": -44094000,
      "net_income": -40290000,
      "opex": 46981000,
      "cogs": null,
      "rd": 29779000,
      "sga": null,
      "fcf": -40044000,
      "ocf": -38711000,
      "capex": -1333000,
      "gross_margin": null,
      "op_margin": -15.273294076896432,
      "fcf_margin": -13.870453758226533,
      "incr_op_margin_yoy": -2.917985611510791,
      "rev_growth_yoy": -0.5462118830556428,
      "rev_growth_yoy_accel": -1.0010929936744584,
      "fcf_margin_change": -10.05277027431627
    },
    {
      "date": "2023-09-30T00:00:00",
      "quarter_label": "2023-09 (Q3)",
      "revenue": 5336000,
      "gross_profit": null,
      "operating_income": -50163000,
      "net_income": -45019000,
      "opex": 55499000,
      "cogs": null,
      "rd": 40512000,
      "sga": null,
      "fcf": -35698000,
      "ocf": -35459000,
      "capex": -239000,
      "gross_margin": null,
      "op_margin": -9.400862068965518,
      "fcf_margin": -6.690029985007496,
      "incr_op_margin_yoy": 1.3896864374763884,
      "rev_growth_yoy": 126.04761904761905,
      "rev_growth_yoy_accel": 126.5938309306747,
      "op_leverage_ratio": 4.678715331570716,
      "fcf_margin_change": 7.1804237732190375
    },
    {
      "date": "2023-12-31T00:00:00",
      "quarter_label": "2023-12 (Q4)",
      "revenue": 60049000,
      "gross_profit": null,
      "operating_income": -23962000,
      "net_income": -18874000,
      "opex": 84011000,
      "cogs": null,
      "rd": 69556000,
      "sga": null,
      "fcf": -23547000,
      "ocf": -22240000,
      "capex": -1307000,
      "gross_margin": null,
      "op_margin": -0.3990407833602558,
      "fcf_margin": -0.39212976069543204,
      "incr_op_margin_yoy": 0.7378394035094276,
      "rev_growth_yoy": 8.187423500611995,
      "rev_growth_yoy_accel": -117.86019554700705,
      "op_leverage_ratio": 19.9586969128546,
      "fcf_margin_change": 6.297900224312064
    },
    {
      "date": "2024-03-31T00:00:00",
      "quarter_label": "2024-03 (Q1)",
      "revenue": 1135000,
      "gross_profit": null,
      "operating_income": -66991000,
      "net_income": -61950000,
      "opex": 68126000,
      "cogs": null,
      "rd": 48787000,
      "sga": null,
      "fcf": -51743000,
      "ocf": -49872000,
      "capex": -1871000,
      "gross_margin": null,
      "op_margin": -59.02290748898678,
      "fcf_margin": -45.58854625550661,
      "incr_op_margin_yoy": 1.8391463974300137,
      "rev_growth_yoy": -0.8847832707339356,
      "rev_growth_yoy_accel": -9.07220677134593,
      "fcf_margin_change": -45.196416494811174
    },
    {
      "date": "2024-06-30T00:00:00",
      "quarter_label": "2024-06 (Q2)",
      "revenue": 513000,
      "gross_profit": null,
      "operating_income": -71903000,
      "net_income": -67607000,
      "opex": 72416000,
      "cogs": null,
      "rd": 54210000,
      "sga": null,
      "fcf": -60556000,
      "ocf": -57062000,
      "capex": -3494000,
      "gross_margin": null,
      "op_margin": -140.1617933723197,
      "fcf_margin": -118.04288499025341,
      "incr_op_margin_yoy": 11.713984835720304,
      "rev_growth_yoy": -0.8223068929684794,
      "rev_growth_yoy_accel": 0.062476377765456226,
      "fcf_margin_change": -72.45433873474681
    },
    {
      "date": "2024-09-30T00:00:00",
      "quarter_label": "2024-09 (Q3)",
      "revenue": 61000,
      "gross_profit": null,
      "operating_income": -65666000,
      "net_income": -62141000,
      "opex": 65727000,
      "cogs": null,
      "rd": 47639000,
      "sga": null,
      "fcf": -55509000,
      "ocf": -52588000,
      "capex": -2921000,
      "gross_margin": null,
      "op_margin": -1076.4918032786886,
      "fcf_margin": -909.983606557377,
      "incr_op_margin_yoy": 2.938957345971564,
      "rev_growth_yoy": -0.988568215892054,
      "rev_growth_yoy_accel": -0.16626132292357465,
      "fcf_margin_change": -791.9407215671235
    },
    {
      "date": "2024-12-31T00:00:00",
      "quarter_label": "2024-12 (Q4)",
      "revenue": 30604000,
      "gross_profit": null,
      "operating_income": -46593000,
      "net_income": -45395000,
      "opex": 77197000,
      "cogs": null,
      "rd": 48611000,
      "sga": null,
      "fcf": -51302000,
      "ocf": -50762000,
      "capex": -540000,
      "gross_margin": null,
      "op_margin": -1.522448046007058,
      "fcf_margin": -1.676316821330545,
      "incr_op_margin_yoy": 0.7685854983868229,
      "rev_growth_yoy": -0.4903495478692401,
      "rev_growth_yoy_accel": 0.4982186680228139,
      "op_leverage_ratio": 2869.2094287306877,
      "fcf_margin_change": 908.3072897360464
    },
    {
      "date": "2025-03-31T00:00:00",
      "quarter_label": "2025-03 (Q1)",
      "revenue": 4658000,
      "gross_profit": null,
      "operating_income": -76163000,
      "net_income": -76088000,
      "opex": 80821000,
      "cogs": null,
      "rd": 26593000,
      "sga": null,
      "fcf": -47913000,
      "ocf": -47799000,
      "capex": -114000,
      "gross_margin": null,
      "op_margin": -16.351009016745383,
      "fcf_margin": -10.286174323744095,
      "incr_op_margin_yoy": -2.6034629577065003,
      "rev_growth_yoy": 3.1039647577092513,
      "rev_growth_yoy_accel": 3.594314305578491,
      "fcf_margin_change": -8.60985750241355
    },
    {
      "date": "2025-06-30T00:00:00",
      "quarter_label": "2025-06 (Q2)",
      "revenue": 3578000,
      "gross_profit": null,
      "operating_income": -51544000,
      "net_income": -53235000,
      "opex": 55122000,
      "cogs": null,
      "rd": 16181000,
      "sga": null,
      "fcf": -50212000,
      "ocf": -50212000,
      "capex": null,
      "gross_margin": null,
      "op_margin": -14.405813303521521,
      "fcf_margin": -14.033538289547232,
      "incr_op_margin_yoy": 6.642414355628059,
      "rev_growth_yoy": 5.974658869395712,
      "rev_growth_yoy_accel": 2.8706941116864604,
      "fcf_margin_change": -3.747363965803137
    },
    {
      "date": "2025-09-30T00:00:00",
      "quarter_label": "2025-09 (Q3)",
      "revenue": 7543000,
      "gross_profit": null,
      "operating_income": -24548000,
      "net_income": -25117000,
      "opex": 32091000,
      "cogs": null,
      "rd": 19775000,
      "sga": null,
      "fcf": -31276000,
      "ocf": -30843000,
      "capex": -433000,
      "gross_margin": null,
      "op_margin": -3.2544080604534007,
      "fcf_margin": -4.146360864377568,
      "incr_op_margin_yoy": 5.495589414595028,
      "rev_growth_yoy": 122.65573770491804,
      "rev_growth_yoy_accel": 116.68107883552233,
      "op_leverage_ratio": Infinity,
      "fcf_margin_change": 9.887177425169664
    }
  ],
  "signals": [
    {
      "quarter": "2025-09 (Q3)",
      "signal": "FCF MARGIN EXPANSION",
      "detail": "FCF margin: -1403.4% -> -414.6% (+988.7%)",
      "severity": "MEDIUM"
    },
    {
      "quarter": "2025-09 (Q3)",
      "signal": "YoY REVENUE GROWTH ACCELERATION",
      "detail": "YoY growth: +12265.6% vs prior quarter YoY: +597.5% (accel: +11668.1%)",
      "severity": "HIGH"
    },
    {
      "quarter": "2025-06 (Q2)",
      "signal": "YoY REVENUE GROWTH ACCELERATION",
      "detail": "YoY growth: +597.5% vs prior quarter YoY: +310.4% (accel: +287.1%)",
      "severity": "HIGH"
    },
    {
      "quarter": "2025-03 (Q1)",
      "signal": "YoY REVENUE GROWTH ACCELERATION",
      "detail": "YoY growth: +310.4% vs prior quarter YoY: -49.0% (accel: +359.4%)",
      "severity": "HIGH"
    },
    {
      "quarter": "2024-12 (Q4)",
      "signal": "FCF MARGIN EXPANSION",
      "detail": "FCF margin: -90998.4% -> -167.6% (+90830.7%)",
      "severity": "MEDIUM"
    },
    {
      "quarter": "2024-12 (Q4)",
      "signal": "OPERATING LEVERAGE",
      "detail": "Rev growth +50070.5% vs OpEx growth +17.5% (leverage: 2869.2x)",
      "severity": "MEDIUM"
    },
    {
      "quarter": "2024-12 (Q4)",
      "signal": "YoY REVENUE GROWTH ACCELERATION",
      "detail": "YoY growth: -49.0% vs prior quarter YoY: -98.9% (accel: +49.8%)",
      "severity": "HIGH"
    },
    {
      "quarter": "2024-09 (Q3)",
      "signal": "YoY REVENUE GROWTH DECELERATION",
      "detail": "YoY growth: -98.9% vs prior quarter YoY: -82.2% (decel: -16.6%)",
      "severity": "WARNING"
    },
    {
      "quarter": "2024-06 (Q2)",
      "signal": "YoY REVENUE GROWTH ACCELERATION",
      "detail": "YoY growth: -82.2% vs prior quarter YoY: -88.5% (accel: +6.2%)",
      "severity": "MEDIUM"
    },
    {
      "quarter": "2024-03 (Q1)",
      "signal": "YoY REVENUE GROWTH DECELERATION",
      "detail": "YoY growth: -88.5% vs prior quarter YoY: +818.7% (decel: -907.2%)",
      "severity": "WARNING"
    },
    {
      "quarter": "2023-12 (Q4)",
      "signal": "FCF MARGIN EXPANSION",
      "detail": "FCF margin: -669.0% -> -39.2% (+629.8%)",
      "severity": "MEDIUM"
    },
    {
      "quarter": "2023-12 (Q4)",
      "signal": "OPERATING LEVERAGE",
      "detail": "Rev growth +1025.4% vs OpEx growth +51.4% (leverage: 20.0x)",
      "severity": "MEDIUM"
    },
    {
      "quarter": "2023-12 (Q4)",
      "signal": "YoY REVENUE GROWTH DECELERATION",
      "detail": "YoY growth: +818.7% vs prior quarter YoY: +12604.8% (decel: -11786.0%)",
      "severity": "WARNING"
    },
    {
      "quarter": "2023-09 (Q3)",
      "signal": "FCF MARGIN EXPANSION",
      "detail": "FCF margin: -1387.0% -> -669.0% (+718.0%)",
      "severity": "MEDIUM"
    },
    {
      "quarter": "2023-09 (Q3)",
      "signal": "OPERATING LEVERAGE",
      "detail": "Rev growth +84.8% vs OpEx growth +18.1% (leverage: 4.7x)",
      "severity": "MEDIUM"
    },
    {
      "quarter": "2023-09 (Q3)",
      "signal": "YoY REVENUE GROWTH ACCELERATION",
      "detail": "YoY growth: +12604.8% vs prior quarter YoY: -54.6% (accel: +12659.4%)",
      "severity": "HIGH"
    },
    {
      "quarter": "2023-06 (Q2)",
      "signal": "YoY REVENUE GROWTH DECELERATION",
      "detail": "YoY growth: -54.6% vs prior quarter YoY: +45.5% (decel: -100.1%)",
      "severity": "WARNING"
    },
    {
      "quarter": "2023-03 (Q1)",
      "signal": "FCF MARGIN EXPANSION",
      "detail": "FCF margin: -656.3% -> -381.8% (+274.6%)",
      "severity": "MEDIUM"
    },
    {
      "quarter": "2023-03 (Q1)",
      "signal": "YoY REVENUE GROWTH ACCELERATION",
      "detail": "YoY growth: +45.5% vs prior quarter YoY: -47.6% (accel: +93.1%)",
      "severity": "HIGH"
    },
    {
      "quarter": "2022-12 (Q4)",
      "signal": "FCF MARGIN EXPANSION",
      "detail": "FCF margin: -115757.1% -> -656.3% (+115100.8%)",
      "severity": "MEDIUM"
    },
    {
      "quarter": "2022-12 (Q4)",
      "signal": "OPERATING LEVERAGE",
      "detail": "Rev growth +15461.9% vs OpEx growth +21.6% (leverage: 716.6x)",
      "severity": "MEDIUM"
    },
    {
      "quarter": "2022-12 (Q4)",
      "signal": "YoY REVENUE GROWTH ACCELERATION",
      "detail": "YoY growth: -47.6% vs prior quarter YoY: -99.3% (accel: +51.7%)",
      "severity": "HIGH"
    },
    {
      "quarter": "2022-09 (Q3)",
      "signal": "YoY REVENUE GROWTH DECELERATION",
      "detail": "YoY growth: -99.3% vs prior quarter YoY: +1578.6% (decel: -1678.0%)",
      "severity": "WARNING"
    },
    {
      "quarter": "2022-06 (Q2)",
      "signal": "FCF MARGIN EXPANSION",
      "detail": "FCF margin: -760.2% -> -604.8% (+155.4%)",
      "severity": "MEDIUM"
    },
    {
      "quarter": "2022-06 (Q2)",
      "signal": "YoY REVENUE GROWTH ACCELERATION",
      "detail": "YoY growth: +1578.6% vs prior quarter YoY: +4.2% (accel: +1574.4%)",
      "severity": "HIGH"
    },
    {
      "quarter": "2022-03 (Q1)",
      "signal": "YoY REVENUE GROWTH DECELERATION",
      "detail": "YoY growth: +4.2% vs prior quarter YoY: +9.2% (decel: -5.0%)",
      "severity": "WARNING"
    },
    {
      "quarter": "2021-12 (Q4)",
      "signal": "FCF MARGIN EXPANSION",
      "detail": "FCF margin: -696.0% -> -300.2% (+395.8%)",
      "severity": "MEDIUM"
    },
    {
      "quarter": "2021-12 (Q4)",
      "signal": "OPERATING LEVERAGE",
      "detail": "Rev growth +101.2% vs OpEx growth +19.0% (leverage: 5.3x)",
      "severity": "MEDIUM"
    },
    {
      "quarter": "2021-09 (Q3)",
      "signal": "FCF MARGIN EXPANSION",
      "detail": "FCF margin: -10992.3% -> -696.0% (+10296.4%)",
      "severity": "MEDIUM"
    }
  ],
  "data_quality": {
    "n_quarters": 20,
    "coverage": {
      "revenue": [
        20,
        20
      ],
      "gross_profit": [
        0,
        20
      ],
      "op_income": [
        20,
        20
      ],
      "fcf": [
        20,
        20
      ]
    },
    "gaps": [],
    "warnings": [
      "gross_profit: no data"
    ]
  },
  "market_cap": null,
  "source": "SEC EDGAR",
  "last_updated": "2026-02-02T23:00:07.523716"
}