{
  "ticker": "EDUC",
  "name": "EDUCATIONAL DEVELOPMENT CORPORATION",
  "quarters": [
    {
      "date": "2021-02-28T00:00:00",
      "quarter_label": "2021-02 (Q1)",
      "revenue": 40343000,
      "gross_profit": 28608800,
      "operating_income": null,
      "net_income": 2168300,
      "opex": 26006700,
      "cogs": 11734200,
      "rd": null,
      "sga": 7635400,
      "fcf": -33905400,
      "ocf": -31800100,
      "capex": -2105300,
      "gross_margin": 0.7091391319435838,
      "op_margin": null,
      "fcf_margin": -0.840428327095159
    },
    {
      "date": "2021-05-31T00:00:00",
      "quarter_label": "2021-05 (Q2)",
      "revenue": 40807900,
      "gross_profit": 28778000,
      "operating_income": null,
      "net_income": 3438100,
      "opex": 24548300,
      "cogs": 12029900,
      "rd": null,
      "sga": 6442600,
      "fcf": -6493600,
      "ocf": -4876400,
      "capex": -1617200,
      "gross_margin": 0.7052065899004849,
      "op_margin": null,
      "fcf_margin": -0.1591260515733473,
      "op_leverage_ratio": Infinity,
      "fcf_margin_change": 0.6813022755218117
    },
    {
      "date": "2021-08-31T00:00:00",
      "quarter_label": "2021-08 (Q3)",
      "revenue": 32994400,
      "gross_profit": 22495500,
      "operating_income": null,
      "net_income": 1898200,
      "opex": 20139000,
      "cogs": 10498900,
      "rd": null,
      "sga": 5239900,
      "fcf": -9138700,
      "ocf": -7545700,
      "capex": -1593000,
      "gross_margin": 0.6817975171544262,
      "op_margin": null,
      "fcf_margin": -0.27697730523967706,
      "fcf_margin_change": -0.11785125366632976
    },
    {
      "date": "2021-11-30T00:00:00",
      "quarter_label": "2021-11 (Q4)",
      "revenue": 45112300,
      "gross_profit": 31215000,
      "operating_income": null,
      "net_income": 2646600,
      "opex": 27785000,
      "cogs": 13897300,
      "rd": null,
      "sga": 7354500,
      "fcf": 4868500,
      "ocf": 5045400,
      "capex": -176900,
      "gross_margin": 0.6919398922245152,
      "op_margin": null,
      "fcf_margin": 0.10791956960740197,
      "op_leverage_ratio": 0.9673658176691105,
      "fcf_margin_change": 0.384896874847079
    },
    {
      "date": "2022-02-28T00:00:00",
      "quarter_label": "2022-02 (Q1)",
      "revenue": 23314200,
      "gross_profit": 15442800,
      "operating_income": null,
      "net_income": 323900,
      "opex": 15217800,
      "cogs": 7871500,
      "rd": null,
      "sga": 3973400,
      "fcf": -14096700,
      "ocf": -13766600,
      "capex": -330100,
      "gross_margin": 0.6623774352111589,
      "op_margin": null,
      "fcf_margin": -0.6046400905885684,
      "rev_growth_yoy": -0.42210048831271846,
      "fcf_margin_change": -0.7125596601959704
    },
    {
      "date": "2022-05-31T00:00:00",
      "quarter_label": "2022-05 (Q2)",
      "revenue": 23160900,
      "gross_profit": 15309400,
      "operating_income": null,
      "net_income": 215800,
      "opex": 15026700,
      "cogs": 7851500,
      "rd": null,
      "sga": 3770600,
      "fcf": -2305800,
      "ocf": -2197000,
      "capex": -108800,
      "gross_margin": 0.6610019472473004,
      "op_margin": null,
      "fcf_margin": -0.09955571674675855,
      "rev_growth_yoy": -0.4324407773984939,
      "rev_growth_yoy_accel": -0.010340289085775445,
      "fcf_margin_change": 0.5050843738418098
    },
    {
      "date": "2022-08-31T00:00:00",
      "quarter_label": "2022-08 (Q3)",
      "revenue": 19418300,
      "gross_profit": 12478600,
      "operating_income": null,
      "net_income": -801900,
      "opex": 13452100,
      "cogs": 6939700,
      "rd": null,
      "sga": 3798800,
      "fcf": -1544100,
      "ocf": -1431900,
      "capex": -112200,
      "gross_margin": 0.642620620754649,
      "op_margin": null,
      "fcf_margin": -0.07951777447047373,
      "rev_growth_yoy": -0.41146679436510436,
      "rev_growth_yoy_accel": 0.020973983033389543,
      "fcf_margin_change": 0.020037942276284817
    },
    {
      "date": "2022-11-30T00:00:00",
      "quarter_label": "2022-11 (Q4)",
      "revenue": 30269400,
      "gross_profit": 19228000,
      "operating_income": null,
      "net_income": 900,
      "opex": 19015300,
      "cogs": 11041400,
      "rd": null,
      "sga": 5397300,
      "fcf": 3565600,
      "ocf": 4332600,
      "capex": -767000,
      "gross_margin": 0.6352289771188064,
      "op_margin": null,
      "fcf_margin": 0.11779552947861537,
      "rev_growth_yoy": -0.3290211317090904,
      "rev_growth_yoy_accel": 0.08244566265601394,
      "op_leverage_ratio": 1.3512259376557036,
      "fcf_margin_change": 0.19731330394908908
    },
    {
      "date": "2023-02-28T00:00:00",
      "quarter_label": "2023-02 (Q1)",
      "revenue": 14980400,
      "gross_profit": 9053800,
      "operating_income": null,
      "net_income": -1919700,
      "opex": 11157800,
      "cogs": 5926600,
      "rd": null,
      "sga": 2813900,
      "fcf": -1236000,
      "ocf": -645200,
      "capex": -590800,
      "gross_margin": 0.6043763851432539,
      "op_margin": null,
      "fcf_margin": -0.08250781020533497,
      "rev_growth_yoy": -0.3574559710391092,
      "rev_growth_yoy_accel": -0.02843483933001878,
      "fcf_margin_change": -0.20030333968395034
    },
    {
      "date": "2023-05-31T00:00:00",
      "quarter_label": "2023-05 (Q2)",
      "revenue": 14524000,
      "gross_profit": 9373600,
      "operating_income": null,
      "net_income": -872800,
      "opex": 10232200,
      "cogs": 5150400,
      "rd": null,
      "sga": 2397900,
      "fcf": 876200,
      "ocf": 1177100,
      "capex": -300900,
      "gross_margin": 0.6453869457449738,
      "op_margin": null,
      "fcf_margin": 0.06032773340677499,
      "rev_growth_yoy": -0.37290865208174123,
      "rev_growth_yoy_accel": -0.015452681042632033,
      "fcf_margin_change": 0.14283554361210996
    },
    {
      "date": "2023-08-31T00:00:00",
      "quarter_label": "2023-08 (Q3)",
      "revenue": 10593100,
      "gross_profit": 6908800,
      "operating_income": null,
      "net_income": 1061700,
      "opex": 8965400,
      "cogs": 3684300,
      "rd": null,
      "sga": 1916000,
      "fcf": 3293000,
      "ocf": 3538300,
      "capex": -245300,
      "gross_margin": 0.6521981289707451,
      "op_margin": null,
      "fcf_margin": 0.3108627314006287,
      "rev_growth_yoy": -0.4544785073873614,
      "rev_growth_yoy_accel": -0.08156985530562016,
      "fcf_margin_change": 0.2505349979938537
    },
    {
      "date": "2023-11-30T00:00:00",
      "quarter_label": "2023-11 (Q4)",
      "revenue": 16944800,
      "gross_profit": 11142400,
      "operating_income": null,
      "net_income": 1972100,
      "opex": 12083500,
      "cogs": 5802400,
      "rd": null,
      "sga": 2978200,
      "fcf": 6774400,
      "ocf": 6903400,
      "capex": -129000,
      "gross_margin": 0.6575704640951796,
      "op_margin": null,
      "fcf_margin": 0.39979226665407674,
      "rev_growth_yoy": -0.4402003343310406,
      "rev_growth_yoy_accel": 0.014278173056320786,
      "op_leverage_ratio": 1.7240368210006873,
      "fcf_margin_change": 0.08892953525344804
    },
    {
      "date": "2024-02-29T00:00:00",
      "quarter_label": "2024-02 (Q1)",
      "revenue": 8968400,
      "gross_profit": 5560100,
      "operating_income": null,
      "net_income": -1614600,
      "opex": 7604700,
      "cogs": 3408300,
      "rd": null,
      "sga": 1497100,
      "fcf": -3014800,
      "ocf": -2868200,
      "capex": -146600,
      "gross_margin": 0.6199656571963784,
      "op_margin": null,
      "fcf_margin": -0.3361580660987467,
      "rev_growth_yoy": -0.40132439721235746,
      "rev_growth_yoy_accel": 0.038875937118683146,
      "fcf_margin_change": -0.7359503327528234
    },
    {
      "date": "2024-05-31T00:00:00",
      "quarter_label": "2024-05 (Q2)",
      "revenue": 9993400,
      "gross_profit": 6459500,
      "operating_income": null,
      "net_income": -1279000,
      "opex": 8138500,
      "cogs": 3533900,
      "rd": null,
      "sga": 1880100,
      "fcf": 1089400,
      "ocf": 1201600,
      "capex": -112200,
      "gross_margin": 0.6463766085616507,
      "op_margin": null,
      "fcf_margin": 0.1090119478856045,
      "rev_growth_yoy": -0.3119388598182319,
      "rev_growth_yoy_accel": 0.08938553739412558,
      "op_leverage_ratio": 1.6282174769281508,
      "fcf_margin_change": 0.4451700139843512
    },
    {
      "date": "2024-08-31T00:00:00",
      "quarter_label": "2024-08 (Q3)",
      "revenue": 6509200,
      "gross_profit": 3646700,
      "operating_income": null,
      "net_income": -1803400,
      "opex": 6142200,
      "cogs": 2862500,
      "rd": null,
      "sga": 1385800,
      "fcf": -953900,
      "ocf": -866100,
      "capex": -87800,
      "gross_margin": 0.5602378172432865,
      "op_margin": null,
      "fcf_margin": -0.1465464265962023,
      "rev_growth_yoy": -0.38552453955876936,
      "rev_growth_yoy_accel": -0.07358567974053748,
      "fcf_margin_change": -0.2555583744818068
    },
    {
      "date": "2024-11-30T00:00:00",
      "quarter_label": "2024-11 (Q4)",
      "revenue": 11052100,
      "gross_profit": 6903800,
      "operating_income": null,
      "net_income": -835700,
      "opex": 8102400,
      "cogs": 4148300,
      "rd": null,
      "sga": 1744100,
      "fcf": 4334500,
      "ocf": 4442800,
      "capex": -108300,
      "gross_margin": 0.6246595669601253,
      "op_margin": null,
      "fcf_margin": 0.3921879099899567,
      "rev_growth_yoy": -0.34775860440961237,
      "rev_growth_yoy_accel": 0.03776593514915699,
      "op_leverage_ratio": 2.1869010349524642,
      "fcf_margin_change": 0.538734336586159
    },
    {
      "date": "2025-02-28T00:00:00",
      "quarter_label": "2025-02 (Q1)",
      "revenue": 6636300,
      "gross_profit": 4017700,
      "operating_income": null,
      "net_income": -1345500,
      "opex": 5420200,
      "cogs": 2618600,
      "rd": null,
      "sga": 741600,
      "fcf": -1697700,
      "ocf": -1566600,
      "capex": -131100,
      "gross_margin": 0.6054126546418939,
      "op_margin": null,
      "fcf_margin": -0.25582026129017676,
      "rev_growth_yoy": -0.2600352348244949,
      "rev_growth_yoy_accel": 0.08772336958511745,
      "fcf_margin_change": -0.6480081712801334
    },
    {
      "date": "2025-05-31T00:00:00",
      "quarter_label": "2025-05 (Q2)",
      "revenue": 7106400,
      "gross_profit": 4137100,
      "operating_income": null,
      "net_income": -1075200,
      "opex": 5701600,
      "cogs": 2969300,
      "rd": null,
      "sga": 994600,
      "fcf": 1189100,
      "ocf": 1396500,
      "capex": -207400,
      "gross_margin": 0.5821653720589891,
      "op_margin": null,
      "fcf_margin": 0.16732804232804233,
      "rev_growth_yoy": -0.2888906678407749,
      "rev_growth_yoy_accel": -0.028855433016279963,
      "op_leverage_ratio": 1.3644431944008155,
      "fcf_margin_change": 0.4231483036182191
    },
    {
      "date": "2025-08-31T00:00:00",
      "quarter_label": "2025-08 (Q3)",
      "revenue": 4621100,
      "gross_profit": 2688100,
      "operating_income": null,
      "net_income": -1294700,
      "opex": 4511600,
      "cogs": 1933000,
      "rd": null,
      "sga": 739500,
      "fcf": -38300,
      "ocf": 63200,
      "capex": -101500,
      "gross_margin": 0.5817013265239878,
      "op_margin": null,
      "fcf_margin": -0.008288069940057562,
      "rev_growth_yoy": -0.2900663676027776,
      "rev_growth_yoy_accel": -0.0011756997620027132,
      "fcf_margin_change": -0.1756161122680999
    },
    {
      "date": "2025-11-30T00:00:00",
      "quarter_label": "2025-11 (Q4)",
      "revenue": 7007800,
      "gross_profit": 4309700,
      "operating_income": null,
      "net_income": 7802100,
      "opex": 5813500,
      "cogs": 2698100,
      "rd": null,
      "sga": 1184700,
      "fcf": 2406700,
      "ocf": 2544900,
      "capex": -138200,
      "gross_margin": 0.6149861582807729,
      "op_margin": null,
      "fcf_margin": 0.34343160478324153,
      "rev_growth_yoy": -0.3659304566552963,
      "rev_growth_yoy_accel": -0.07586408905251868,
      "op_leverage_ratio": 1.7898038065356192,
      "fcf_margin_change": 0.35171967472329907
    }
  ],
  "signals": [
    {
      "quarter": "2025-11 (Q4)",
      "signal": "FCF TURNED POSITIVE",
      "detail": "FCF margin: -0.8% -> +34.3%",
      "severity": "HIGH"
    },
    {
      "quarter": "2025-11 (Q4)",
      "signal": "OPERATING LEVERAGE",
      "detail": "Rev growth +51.6% vs OpEx growth +28.9% (leverage: 1.8x)",
      "severity": "MEDIUM"
    },
    {
      "quarter": "2025-11 (Q4)",
      "signal": "GROSS MARGIN INFLECTION",
      "detail": "GM: +58.2% -> +58.2% -> +61.5% (reversal +3.3%)",
      "severity": "MEDIUM"
    },
    {
      "quarter": "2025-11 (Q4)",
      "signal": "YoY REVENUE GROWTH DECELERATION",
      "detail": "YoY growth: -36.6% vs prior quarter YoY: -29.0% (decel: -7.6%)",
      "severity": "WARNING"
    },
    {
      "quarter": "2025-05 (Q2)",
      "signal": "FCF TURNED POSITIVE",
      "detail": "FCF margin: -25.6% -> +16.7%",
      "severity": "HIGH"
    },
    {
      "quarter": "2025-02 (Q1)",
      "signal": "YoY REVENUE GROWTH ACCELERATION",
      "detail": "YoY growth: -26.0% vs prior quarter YoY: -34.8% (accel: +8.8%)",
      "severity": "MEDIUM"
    },
    {
      "quarter": "2024-11 (Q4)",
      "signal": "FCF TURNED POSITIVE",
      "detail": "FCF margin: -14.7% -> +39.2%",
      "severity": "HIGH"
    },
    {
      "quarter": "2024-11 (Q4)",
      "signal": "OPERATING LEVERAGE",
      "detail": "Rev growth +69.8% vs OpEx growth +31.9% (leverage: 2.2x)",
      "severity": "MEDIUM"
    },
    {
      "quarter": "2024-11 (Q4)",
      "signal": "GROSS MARGIN INFLECTION",
      "detail": "GM: +64.6% -> +56.0% -> +62.5% (reversal +6.4%)",
      "severity": "HIGH"
    },
    {
      "quarter": "2024-08 (Q3)",
      "signal": "YoY REVENUE GROWTH DECELERATION",
      "detail": "YoY growth: -38.6% vs prior quarter YoY: -31.2% (decel: -7.4%)",
      "severity": "WARNING"
    },
    {
      "quarter": "2024-05 (Q2)",
      "signal": "FCF TURNED POSITIVE",
      "detail": "FCF margin: -33.6% -> +10.9%",
      "severity": "HIGH"
    },
    {
      "quarter": "2024-05 (Q2)",
      "signal": "OPERATING LEVERAGE",
      "detail": "Rev growth +11.4% vs OpEx growth +7.0% (leverage: 1.6x)",
      "severity": "MEDIUM"
    },
    {
      "quarter": "2024-05 (Q2)",
      "signal": "GROSS MARGIN INFLECTION",
      "detail": "GM: +65.8% -> +62.0% -> +64.6% (reversal +2.6%)",
      "severity": "MEDIUM"
    },
    {
      "quarter": "2024-05 (Q2)",
      "signal": "YoY REVENUE GROWTH ACCELERATION",
      "detail": "YoY growth: -31.2% vs prior quarter YoY: -40.1% (accel: +8.9%)",
      "severity": "MEDIUM"
    },
    {
      "quarter": "2023-11 (Q4)",
      "signal": "FCF MARGIN EXPANSION",
      "detail": "FCF margin: +31.1% -> +40.0% (+8.9%)",
      "severity": "MEDIUM"
    },
    {
      "quarter": "2023-11 (Q4)",
      "signal": "OPERATING LEVERAGE",
      "detail": "Rev growth +60.0% vs OpEx growth +34.8% (leverage: 1.7x)",
      "severity": "MEDIUM"
    },
    {
      "quarter": "2023-08 (Q3)",
      "signal": "FCF MARGIN EXPANSION",
      "detail": "FCF margin: +6.0% -> +31.1% (+25.1%)",
      "severity": "MEDIUM"
    },
    {
      "quarter": "2023-08 (Q3)",
      "signal": "YoY REVENUE GROWTH DECELERATION",
      "detail": "YoY growth: -45.4% vs prior quarter YoY: -37.3% (decel: -8.2%)",
      "severity": "WARNING"
    },
    {
      "quarter": "2023-05 (Q2)",
      "signal": "FCF TURNED POSITIVE",
      "detail": "FCF margin: -8.3% -> +6.0%",
      "severity": "HIGH"
    },
    {
      "quarter": "2023-05 (Q2)",
      "signal": "GROSS MARGIN INFLECTION",
      "detail": "GM: +63.5% -> +60.4% -> +64.5% (reversal +4.1%)",
      "severity": "MEDIUM"
    },
    {
      "quarter": "2022-11 (Q4)",
      "signal": "FCF TURNED POSITIVE",
      "detail": "FCF margin: -8.0% -> +11.8%",
      "severity": "HIGH"
    },
    {
      "quarter": "2022-11 (Q4)",
      "signal": "YoY REVENUE GROWTH ACCELERATION",
      "detail": "YoY growth: -32.9% vs prior quarter YoY: -41.1% (accel: +8.2%)",
      "severity": "MEDIUM"
    },
    {
      "quarter": "2022-05 (Q2)",
      "signal": "FCF MARGIN EXPANSION",
      "detail": "FCF margin: -60.5% -> -10.0% (+50.5%)",
      "severity": "MEDIUM"
    },
    {
      "quarter": "2021-11 (Q4)",
      "signal": "FCF TURNED POSITIVE",
      "detail": "FCF margin: -27.7% -> +10.8%",
      "severity": "HIGH"
    },
    {
      "quarter": "2021-05 (Q2)",
      "signal": "FCF MARGIN EXPANSION",
      "detail": "FCF margin: -84.0% -> -15.9% (+68.1%)",
      "severity": "MEDIUM"
    }
  ],
  "data_quality": {
    "n_quarters": 20,
    "coverage": {
      "revenue": [
        20,
        20
      ],
      "gross_profit": [
        20,
        20
      ],
      "op_income": [
        0,
        20
      ],
      "fcf": [
        20,
        20
      ]
    },
    "gaps": [],
    "warnings": [
      "op_income: no data"
    ]
  },
  "market_cap": null,
  "source": "SEC EDGAR",
  "last_updated": "2026-02-03T00:07:07.577105"
}