{
  "ticker": "EE",
  "name": "Excelerate Energy, Inc",
  "quarters": [
    {
      "date": "2021-03-31T00:00:00",
      "quarter_label": "2021-03 (Q1)",
      "revenue": 164813000,
      "gross_profit": null,
      "operating_income": 62816000,
      "net_income": 39259000,
      "opex": 101997000,
      "cogs": null,
      "rd": null,
      "sga": null,
      "fcf": 47277000,
      "ocf": 47277000,
      "capex": null,
      "gross_margin": null,
      "op_margin": 0.3811349832840856,
      "fcf_margin": 0.28685237208229936
    },
    {
      "date": "2021-06-30T00:00:00",
      "quarter_label": "2021-06 (Q2)",
      "revenue": 192798000,
      "gross_profit": null,
      "operating_income": 27845000,
      "net_income": null,
      "opex": 164953000,
      "cogs": null,
      "rd": null,
      "sga": null,
      "fcf": 30851000,
      "ocf": 30851000,
      "capex": null,
      "gross_margin": null,
      "op_margin": 0.1444257720515773,
      "fcf_margin": 0.16001722009564415,
      "op_leverage_ratio": 0.2750959001968814,
      "fcf_margin_change": -0.1268351519866552
    },
    {
      "date": "2021-09-30T00:00:00",
      "quarter_label": "2021-09 (Q3)",
      "revenue": 192141000,
      "gross_profit": null,
      "operating_income": 25680000,
      "net_income": null,
      "opex": 166461000,
      "cogs": null,
      "rd": null,
      "sga": null,
      "fcf": 52448000,
      "ocf": 52448000,
      "capex": null,
      "gross_margin": null,
      "op_margin": 0.13365184942307992,
      "fcf_margin": 0.2729662071083215,
      "fcf_margin_change": 0.11294898701267733
    },
    {
      "date": "2021-12-31T00:00:00",
      "quarter_label": "2021-12 (Q4)",
      "revenue": 338803000,
      "gross_profit": null,
      "operating_income": 23003000,
      "net_income": null,
      "opex": 315800000,
      "cogs": null,
      "rd": null,
      "sga": null,
      "fcf": 11037000,
      "ocf": 11037000,
      "capex": null,
      "gross_margin": null,
      "op_margin": 0.06789491238271207,
      "fcf_margin": 0.03257645298300192,
      "op_leverage_ratio": 0.8508182889929105,
      "fcf_margin_change": -0.24038975412531954
    },
    {
      "date": "2022-03-31T00:00:00",
      "quarter_label": "2022-03 (Q1)",
      "revenue": 591673000,
      "gross_profit": null,
      "operating_income": 39128000,
      "net_income": 13897000,
      "opex": 552545000,
      "cogs": null,
      "rd": null,
      "sga": null,
      "fcf": -31353000,
      "ocf": -31353000,
      "capex": null,
      "gross_margin": null,
      "op_margin": 0.06613112310347101,
      "fcf_margin": -0.05299041869410975,
      "incr_op_margin_yoy": -0.055493604460478844,
      "rev_growth_yoy": 2.5899655973739937,
      "op_leverage_ratio": 0.9955919386081379,
      "fcf_margin_change": -0.08556687167711167
    },
    {
      "date": "2022-06-30T00:00:00",
      "quarter_label": "2022-06 (Q2)",
      "revenue": 622929000,
      "gross_profit": null,
      "operating_income": 39291000,
      "net_income": null,
      "opex": 583638000,
      "cogs": null,
      "rd": null,
      "sga": null,
      "fcf": 21854000,
      "ocf": 21854000,
      "capex": null,
      "gross_margin": null,
      "op_margin": 0.06307460400784037,
      "fcf_margin": 0.035082649868604605,
      "incr_op_margin_yoy": 0.02661049773208627,
      "rev_growth_yoy": 2.2309930600939842,
      "rev_growth_yoy_accel": -0.35897253728000944,
      "op_leverage_ratio": 0.9387645327333454,
      "fcf_margin_change": 0.08807306856271435
    },
    {
      "date": "2022-09-30T00:00:00",
      "quarter_label": "2022-09 (Q3)",
      "revenue": 803261000,
      "gross_profit": null,
      "operating_income": 49912000,
      "net_income": null,
      "opex": 753349000,
      "cogs": null,
      "rd": null,
      "sga": null,
      "fcf": -6277000,
      "ocf": -6277000,
      "capex": null,
      "gross_margin": null,
      "op_margin": 0.06213671521460646,
      "fcf_margin": -0.00781439656599785,
      "incr_op_margin_yoy": 0.03965178688309988,
      "rev_growth_yoy": 3.180580927547999,
      "rev_growth_yoy_accel": 0.9495878674540146,
      "op_leverage_ratio": 0.9955608682410577,
      "fcf_margin_change": -0.04289704643460246
    },
    {
      "date": "2022-12-31T00:00:00",
      "quarter_label": "2022-12 (Q4)",
      "revenue": 455110000,
      "gross_profit": null,
      "operating_income": 58354000,
      "net_income": null,
      "opex": 396756000,
      "cogs": null,
      "rd": null,
      "sga": null,
      "fcf": 240866000,
      "ocf": 240866000,
      "capex": null,
      "gross_margin": null,
      "op_margin": 0.12821955131726395,
      "fcf_margin": 0.5292478741403177,
      "incr_op_margin_yoy": 0.3039455922687371,
      "rev_growth_yoy": 0.3432879874145152,
      "rev_growth_yoy_accel": -2.8372929401334837,
      "fcf_margin_change": 0.5370622707063155
    },
    {
      "date": "2023-03-31T00:00:00",
      "quarter_label": "2023-03 (Q1)",
      "revenue": 211056000,
      "gross_profit": null,
      "operating_income": 49569000,
      "net_income": null,
      "opex": 161487000,
      "cogs": null,
      "rd": null,
      "sga": null,
      "fcf": 46797000,
      "ocf": 46797000,
      "capex": null,
      "gross_margin": null,
      "op_margin": 0.23486183761655674,
      "fcf_margin": 0.22172788264725948,
      "incr_op_margin_yoy": -0.027431775249134958,
      "rev_growth_yoy": -0.643289452112907,
      "rev_growth_yoy_accel": -0.9865774395274223,
      "fcf_margin_change": -0.3075199914930582
    },
    {
      "date": "2023-06-30T00:00:00",
      "quarter_label": "2023-06 (Q2)",
      "revenue": 432372000,
      "gross_profit": null,
      "operating_income": 53680000,
      "net_income": null,
      "opex": 378692000,
      "cogs": null,
      "rd": null,
      "sga": null,
      "fcf": -22318000,
      "ocf": -22318000,
      "capex": null,
      "gross_margin": null,
      "op_margin": 0.12415235029095316,
      "fcf_margin": -0.05161758855800098,
      "incr_op_margin_yoy": -0.07551021479137476,
      "rev_growth_yoy": -0.30590484629869535,
      "rev_growth_yoy_accel": 0.33738460581421165,
      "op_leverage_ratio": 0.7796197948760578,
      "fcf_margin_change": -0.2733454712052605
    },
    {
      "date": "2023-09-30T00:00:00",
      "quarter_label": "2023-09 (Q3)",
      "revenue": 275471000,
      "gross_profit": null,
      "operating_income": 67498000,
      "net_income": null,
      "opex": 207973000,
      "cogs": null,
      "rd": null,
      "sga": null,
      "fcf": 170795000,
      "ocf": 170795000,
      "capex": null,
      "gross_margin": null,
      "op_margin": 0.24502760726174444,
      "fcf_margin": 0.6200108178356343,
      "incr_op_margin_yoy": -0.0333200704825783,
      "rev_growth_yoy": -0.6570591625884986,
      "rev_growth_yoy_accel": -0.35115431628980326,
      "fcf_margin_change": 0.6716284063936353
    },
    {
      "date": "2023-12-31T00:00:00",
      "quarter_label": "2023-12 (Q4)",
      "revenue": 240064000,
      "gross_profit": null,
      "operating_income": 39858000,
      "net_income": null,
      "opex": 200206000,
      "cogs": null,
      "rd": null,
      "sga": null,
      "fcf": 36611000,
      "ocf": 36611000,
      "capex": null,
      "gross_margin": null,
      "op_margin": 0.16603072513996267,
      "fcf_margin": 0.1525051652892562,
      "incr_op_margin_yoy": 0.08600950494312845,
      "rev_growth_yoy": -0.472514337193206,
      "rev_growth_yoy_accel": 0.1845448253952926,
      "fcf_margin_change": -0.4675056525463781
    },
    {
      "date": "2024-03-31T00:00:00",
      "quarter_label": "2024-03 (Q1)",
      "revenue": 200113000,
      "gross_profit": null,
      "operating_income": 45159000,
      "net_income": null,
      "opex": 154954000,
      "cogs": null,
      "rd": null,
      "sga": null,
      "fcf": 64661000,
      "ocf": 64661000,
      "capex": null,
      "gross_margin": null,
      "op_margin": 0.22566749786370702,
      "fcf_margin": 0.3231224358237596,
      "incr_op_margin_yoy": 0.40299734990404823,
      "rev_growth_yoy": -0.05184879842316731,
      "rev_growth_yoy_accel": 0.4206655387700387,
      "fcf_margin_change": 0.1706172705345034
    },
    {
      "date": "2024-06-30T00:00:00",
      "quarter_label": "2024-06 (Q2)",
      "revenue": 183333000,
      "gross_profit": null,
      "operating_income": 49881000,
      "net_income": null,
      "opex": 133452000,
      "cogs": null,
      "rd": null,
      "sga": null,
      "fcf": 90379000,
      "ocf": 90379000,
      "capex": null,
      "gross_margin": null,
      "op_margin": 0.27207867650668455,
      "fcf_margin": 0.4929772599586545,
      "incr_op_margin_yoy": 0.015254638831668936,
      "rev_growth_yoy": -0.5759831811495657,
      "rev_growth_yoy_accel": -0.5241343827263985,
      "fcf_margin_change": 0.1698548241348949
    },
    {
      "date": "2024-09-30T00:00:00",
      "quarter_label": "2024-09 (Q3)",
      "revenue": 193419000,
      "gross_profit": null,
      "operating_income": 59739000,
      "net_income": null,
      "opex": 133680000,
      "cogs": null,
      "rd": null,
      "sga": null,
      "fcf": 39778000,
      "ocf": 39778000,
      "capex": null,
      "gross_margin": null,
      "op_margin": 0.3088579715539838,
      "fcf_margin": 0.20565714847041913,
      "incr_op_margin_yoy": 0.09456198508263053,
      "rev_growth_yoy": -0.2978607548525979,
      "rev_growth_yoy_accel": 0.2781224262969678,
      "op_leverage_ratio": 32.20094065242798,
      "fcf_margin_change": -0.28732011148823533
    },
    {
      "date": "2024-12-31T00:00:00",
      "quarter_label": "2024-12 (Q4)",
      "revenue": 274572000,
      "gross_profit": null,
      "operating_income": 60216000,
      "net_income": null,
      "opex": 214356000,
      "cogs": null,
      "rd": null,
      "sga": null,
      "fcf": 49619000,
      "ocf": 49619000,
      "capex": null,
      "gross_margin": null,
      "op_margin": 0.21930859665224423,
      "fcf_margin": 0.1807139839459231,
      "incr_op_margin_yoy": 0.5899501564854527,
      "rev_growth_yoy": 0.14374500133297788,
      "rev_growth_yoy_accel": 0.44160575618557574,
      "op_leverage_ratio": 0.6952284326748915,
      "fcf_margin_change": -0.02494316452449602
    },
    {
      "date": "2025-03-31T00:00:00",
      "quarter_label": "2025-03 (Q1)",
      "revenue": 315090000,
      "gross_profit": null,
      "operating_income": 65716000,
      "net_income": null,
      "opex": 249374000,
      "cogs": null,
      "rd": null,
      "sga": null,
      "fcf": 154809000,
      "ocf": 154809000,
      "capex": null,
      "gross_margin": null,
      "op_margin": 0.20856263289853694,
      "fcf_margin": 0.4913167666381034,
      "incr_op_margin_yoy": 0.17879228019516946,
      "rev_growth_yoy": 0.5745603733890352,
      "rev_growth_yoy_accel": 0.43081537205605736,
      "op_leverage_ratio": 0.9033084208362662,
      "fcf_margin_change": 0.31060278269218033
    },
    {
      "date": "2025-06-30T00:00:00",
      "quarter_label": "2025-06 (Q2)",
      "revenue": 204556000,
      "gross_profit": null,
      "operating_income": 43386000,
      "net_income": null,
      "opex": 161170000,
      "cogs": null,
      "rd": null,
      "sga": null,
      "fcf": 87140000,
      "ocf": 87140000,
      "capex": null,
      "gross_margin": null,
      "op_margin": 0.21209839848256712,
      "fcf_margin": 0.42599581532685427,
      "incr_op_margin_yoy": -0.30603590444329265,
      "rev_growth_yoy": 0.11576202865823393,
      "rev_growth_yoy_accel": -0.4587983447308013,
      "fcf_margin_change": -0.06532095131124915
    },
    {
      "date": "2025-09-30T00:00:00",
      "quarter_label": "2025-09 (Q3)",
      "revenue": 391044000,
      "gross_profit": null,
      "operating_income": 87221000,
      "net_income": null,
      "opex": 303823000,
      "cogs": null,
      "rd": null,
      "sga": null,
      "fcf": 114872000,
      "ocf": 114872000,
      "capex": null,
      "gross_margin": null,
      "op_margin": 0.2230465113900226,
      "fcf_margin": 0.29375722425097944,
      "incr_op_margin_yoy": 0.13906135357368754,
      "rev_growth_yoy": 1.021745536891412,
      "rev_growth_yoy_accel": 0.905983508233178,
      "op_leverage_ratio": 1.0300112431128894,
      "fcf_margin_change": -0.13223859107587482
    }
  ],
  "signals": [
    {
      "quarter": "2025-09 (Q3)",
      "signal": "YoY REVENUE GROWTH ACCELERATION",
      "detail": "YoY growth: +102.2% vs prior quarter YoY: +11.6% (accel: +90.6%)",
      "severity": "HIGH"
    },
    {
      "quarter": "2025-06 (Q2)",
      "signal": "YoY REVENUE GROWTH DECELERATION",
      "detail": "YoY growth: +11.6% vs prior quarter YoY: +57.5% (decel: -45.9%)",
      "severity": "WARNING"
    },
    {
      "quarter": "2025-03 (Q1)",
      "signal": "FCF MARGIN EXPANSION",
      "detail": "FCF margin: +18.1% -> +49.1% (+31.1%)",
      "severity": "MEDIUM"
    },
    {
      "quarter": "2025-03 (Q1)",
      "signal": "YoY REVENUE GROWTH ACCELERATION",
      "detail": "YoY growth: +57.5% vs prior quarter YoY: +14.4% (accel: +43.1%)",
      "severity": "HIGH"
    },
    {
      "quarter": "2024-12 (Q4)",
      "signal": "YoY REVENUE GROWTH ACCELERATION",
      "detail": "YoY growth: +14.4% vs prior quarter YoY: -29.8% (accel: +44.2%)",
      "severity": "HIGH"
    },
    {
      "quarter": "2024-12 (Q4)",
      "signal": "INCREMENTAL MARGIN (YoY)",
      "detail": "YoY Incr OPM: +59.0% vs year-ago OPM: +16.6%",
      "severity": "HIGH"
    },
    {
      "quarter": "2024-09 (Q3)",
      "signal": "OPERATING LEVERAGE",
      "detail": "Rev growth +5.5% vs OpEx growth +0.2% (leverage: 32.2x)",
      "severity": "MEDIUM"
    },
    {
      "quarter": "2024-09 (Q3)",
      "signal": "YoY REVENUE GROWTH ACCELERATION",
      "detail": "YoY growth: -29.8% vs prior quarter YoY: -57.6% (accel: +27.8%)",
      "severity": "HIGH"
    },
    {
      "quarter": "2024-06 (Q2)",
      "signal": "FCF MARGIN EXPANSION",
      "detail": "FCF margin: +32.3% -> +49.3% (+17.0%)",
      "severity": "MEDIUM"
    },
    {
      "quarter": "2024-06 (Q2)",
      "signal": "YoY REVENUE GROWTH DECELERATION",
      "detail": "YoY growth: -57.6% vs prior quarter YoY: -5.2% (decel: -52.4%)",
      "severity": "WARNING"
    },
    {
      "quarter": "2024-03 (Q1)",
      "signal": "FCF MARGIN EXPANSION",
      "detail": "FCF margin: +15.3% -> +32.3% (+17.1%)",
      "severity": "MEDIUM"
    },
    {
      "quarter": "2024-03 (Q1)",
      "signal": "YoY REVENUE GROWTH ACCELERATION",
      "detail": "YoY growth: -5.2% vs prior quarter YoY: -47.3% (accel: +42.1%)",
      "severity": "HIGH"
    },
    {
      "quarter": "2024-03 (Q1)",
      "signal": "INCREMENTAL MARGIN (YoY)",
      "detail": "YoY Incr OPM: +40.3% vs year-ago OPM: +23.5%",
      "severity": "MEDIUM"
    },
    {
      "quarter": "2023-12 (Q4)",
      "signal": "YoY REVENUE GROWTH ACCELERATION",
      "detail": "YoY growth: -47.3% vs prior quarter YoY: -65.7% (accel: +18.5%)",
      "severity": "HIGH"
    },
    {
      "quarter": "2023-09 (Q3)",
      "signal": "FCF TURNED POSITIVE",
      "detail": "FCF margin: -5.2% -> +62.0%",
      "severity": "HIGH"
    },
    {
      "quarter": "2023-09 (Q3)",
      "signal": "YoY REVENUE GROWTH DECELERATION",
      "detail": "YoY growth: -65.7% vs prior quarter YoY: -30.6% (decel: -35.1%)",
      "severity": "WARNING"
    },
    {
      "quarter": "2023-06 (Q2)",
      "signal": "YoY REVENUE GROWTH ACCELERATION",
      "detail": "YoY growth: -30.6% vs prior quarter YoY: -64.3% (accel: +33.7%)",
      "severity": "HIGH"
    },
    {
      "quarter": "2023-03 (Q1)",
      "signal": "YoY REVENUE GROWTH DECELERATION",
      "detail": "YoY growth: -64.3% vs prior quarter YoY: +34.3% (decel: -98.7%)",
      "severity": "WARNING"
    },
    {
      "quarter": "2022-12 (Q4)",
      "signal": "FCF TURNED POSITIVE",
      "detail": "FCF margin: -0.8% -> +52.9%",
      "severity": "HIGH"
    },
    {
      "quarter": "2022-12 (Q4)",
      "signal": "YoY REVENUE GROWTH DECELERATION",
      "detail": "YoY growth: +34.3% vs prior quarter YoY: +318.1% (decel: -283.7%)",
      "severity": "WARNING"
    },
    {
      "quarter": "2022-12 (Q4)",
      "signal": "INCREMENTAL MARGIN (YoY)",
      "detail": "YoY Incr OPM: +30.4% vs year-ago OPM: +6.8%",
      "severity": "HIGH"
    },
    {
      "quarter": "2022-09 (Q3)",
      "signal": "YoY REVENUE GROWTH ACCELERATION",
      "detail": "YoY growth: +318.1% vs prior quarter YoY: +223.1% (accel: +95.0%)",
      "severity": "HIGH"
    },
    {
      "quarter": "2022-06 (Q2)",
      "signal": "FCF TURNED POSITIVE",
      "detail": "FCF margin: -5.3% -> +3.5%",
      "severity": "HIGH"
    },
    {
      "quarter": "2022-06 (Q2)",
      "signal": "YoY REVENUE GROWTH DECELERATION",
      "detail": "YoY growth: +223.1% vs prior quarter YoY: +259.0% (decel: -35.9%)",
      "severity": "WARNING"
    },
    {
      "quarter": "2021-09 (Q3)",
      "signal": "FCF MARGIN EXPANSION",
      "detail": "FCF margin: +16.0% -> +27.3% (+11.3%)",
      "severity": "MEDIUM"
    }
  ],
  "data_quality": {
    "n_quarters": 19,
    "coverage": {
      "revenue": [
        19,
        19
      ],
      "gross_profit": [
        0,
        19
      ],
      "op_income": [
        19,
        19
      ],
      "fcf": [
        19,
        19
      ]
    },
    "gaps": [],
    "warnings": [
      "gross_profit: no data"
    ]
  },
  "market_cap": null,
  "source": "SEC EDGAR",
  "last_updated": "2026-02-02T21:12:24.427004"
}