{
  "ticker": "EEFT",
  "name": "EURONET WORLDWIDE, INC.",
  "quarters": [
    {
      "date": "2020-12-31T00:00:00",
      "quarter_label": "2020-12 (Q4)",
      "revenue": 706639000,
      "gross_profit": null,
      "operating_income": 50219000,
      "net_income": 70235000,
      "opex": 656420000,
      "cogs": null,
      "rd": null,
      "sga": 52281000,
      "fcf": 6857000,
      "ocf": 33089000,
      "capex": -26232000,
      "gross_margin": null,
      "op_margin": 0.07106740499745981,
      "fcf_margin": 0.009703681795089148
    },
    {
      "date": "2021-03-31T00:00:00",
      "quarter_label": "2021-03 (Q1)",
      "revenue": 652670000,
      "gross_profit": null,
      "operating_income": 10449000,
      "net_income": -8665000,
      "opex": 642221000,
      "cogs": null,
      "rd": null,
      "sga": 58776000,
      "fcf": -19038000,
      "ocf": -2645000,
      "capex": -16393000,
      "gross_margin": null,
      "op_margin": 0.016009622014187874,
      "fcf_margin": -0.02916941180075689,
      "fcf_margin_change": -0.03887309359584604
    },
    {
      "date": "2021-06-30T00:00:00",
      "quarter_label": "2021-06 (Q2)",
      "revenue": 714686000,
      "gross_profit": null,
      "operating_income": 30121000,
      "net_income": 8635000,
      "opex": 684565000,
      "cogs": null,
      "rd": null,
      "sga": 59119000,
      "fcf": 147269000,
      "ocf": 175952000,
      "capex": -28683000,
      "gross_margin": null,
      "op_margin": 0.04214578150404513,
      "fcf_margin": 0.20606112334647664,
      "op_leverage_ratio": 1.4411285490546033,
      "fcf_margin_change": 0.23523053514723352
    },
    {
      "date": "2021-09-30T00:00:00",
      "quarter_label": "2021-09 (Q3)",
      "revenue": 816560000,
      "gross_profit": null,
      "operating_income": 114494000,
      "net_income": 73882000,
      "opex": 702066000,
      "cogs": null,
      "rd": null,
      "sga": 64298000,
      "fcf": 110051000,
      "ocf": 131033000,
      "capex": -20982000,
      "gross_margin": null,
      "op_margin": 0.14021504849613012,
      "fcf_margin": 0.13477392965611834,
      "op_leverage_ratio": 5.575706568485053,
      "fcf_margin_change": -0.0712871936903583
    },
    {
      "date": "2021-12-31T00:00:00",
      "quarter_label": "2021-12 (Q4)",
      "revenue": 811527000,
      "gross_profit": null,
      "operating_income": 28952000,
      "net_income": -3125000,
      "opex": 782575000,
      "cogs": null,
      "rd": null,
      "sga": 69740000,
      "fcf": 75818000,
      "ocf": 101960000,
      "capex": -26142000,
      "gross_margin": null,
      "op_margin": 0.035675954096413304,
      "fcf_margin": 0.09342634317773776,
      "incr_op_margin_yoy": -0.20275913355197925,
      "rev_growth_yoy": 0.14843222635603187,
      "fcf_margin_change": -0.04134758647838058
    },
    {
      "date": "2022-03-31T00:00:00",
      "quarter_label": "2022-03 (Q1)",
      "revenue": 718467000,
      "gross_profit": null,
      "operating_income": 36703000,
      "net_income": 8297000,
      "opex": 681764000,
      "cogs": null,
      "rd": null,
      "sga": 63856000,
      "fcf": -18100000,
      "ocf": 5700000,
      "capex": -23800000,
      "gross_margin": null,
      "op_margin": 0.0510851577038333,
      "fcf_margin": -0.02519252797971236,
      "incr_op_margin_yoy": 0.3990151526665349,
      "rev_growth_yoy": 0.10081204896808495,
      "rev_growth_yoy_accel": -0.047620177387946924,
      "fcf_margin_change": -0.11861887115745012
    },
    {
      "date": "2022-06-30T00:00:00",
      "quarter_label": "2022-06 (Q2)",
      "revenue": 843309000,
      "gross_profit": null,
      "operating_income": 101077000,
      "net_income": 57218000,
      "opex": 742232000,
      "cogs": null,
      "rd": null,
      "sga": 74249000,
      "fcf": 145700000,
      "ocf": 175000000,
      "capex": -29300000,
      "gross_margin": null,
      "op_margin": 0.11985760853969304,
      "fcf_margin": 0.1727717835336751,
      "incr_op_margin_yoy": 0.5516587235564402,
      "rev_growth_yoy": 0.17997134405878945,
      "rev_growth_yoy_accel": 0.0791592950907045,
      "op_leverage_ratio": 1.95912593011077,
      "fcf_margin_change": 0.19796431151338745
    },
    {
      "date": "2022-09-30T00:00:00",
      "quarter_label": "2022-09 (Q3)",
      "revenue": 931266000,
      "gross_profit": null,
      "operating_income": 168458000,
      "net_income": 97722000,
      "opex": 762808000,
      "cogs": null,
      "rd": null,
      "sga": 69508000,
      "fcf": 241700000,
      "ocf": 268000000,
      "capex": -26300000,
      "gross_margin": null,
      "op_margin": 0.18089138871171073,
      "fcf_margin": 0.2595391649646825,
      "incr_op_margin_yoy": 0.4704549020975363,
      "rev_growth_yoy": 0.14047467424316645,
      "rev_growth_yoy_accel": -0.039496669815623,
      "op_leverage_ratio": 3.762377737445287,
      "fcf_margin_change": 0.0867673814310074
    },
    {
      "date": "2022-12-31T00:00:00",
      "quarter_label": "2022-12 (Q4)",
      "revenue": 865699000,
      "gross_profit": null,
      "operating_income": 79101000,
      "net_income": 67757000,
      "opex": 786598000,
      "cogs": null,
      "rd": null,
      "sga": 77560000,
      "fcf": 274700000,
      "ocf": 299600000,
      "capex": -24900000,
      "gross_margin": null,
      "op_margin": 0.09137240542035974,
      "fcf_margin": 0.3173158337944251,
      "incr_op_margin_yoy": 0.925736542863472,
      "rev_growth_yoy": 0.0667531702580444,
      "rev_growth_yoy_accel": -0.07372150398512205,
      "fcf_margin_change": 0.05777666882974258
    },
    {
      "date": "2023-03-31T00:00:00",
      "quarter_label": "2023-03 (Q1)",
      "revenue": 787200000,
      "gross_profit": null,
      "operating_income": 45600000,
      "net_income": 20100000,
      "opex": 741600000,
      "cogs": null,
      "rd": null,
      "sga": 75200000,
      "fcf": -15300000,
      "ocf": 3300000,
      "capex": -18600000,
      "gross_margin": null,
      "op_margin": 0.057926829268292686,
      "fcf_margin": -0.019435975609756097,
      "incr_op_margin_yoy": 0.12944291679397088,
      "rev_growth_yoy": 0.09566618926130219,
      "rev_growth_yoy_accel": 0.02891301900325778,
      "fcf_margin_change": -0.33675180940418115
    },
    {
      "date": "2023-06-30T00:00:00",
      "quarter_label": "2023-06 (Q2)",
      "revenue": 939100000,
      "gross_profit": null,
      "operating_income": 122600000,
      "net_income": 86100000,
      "opex": 816500000,
      "cogs": null,
      "rd": null,
      "sga": 75300000,
      "fcf": 193600000,
      "ocf": 216900000,
      "capex": -23300000,
      "gross_margin": null,
      "op_margin": 0.1305505271004153,
      "fcf_margin": 0.20615482909168353,
      "incr_op_margin_yoy": 0.22468707916192543,
      "rev_growth_yoy": 0.11358944348987145,
      "rev_growth_yoy_accel": 0.01792325422856926,
      "op_leverage_ratio": 1.9105596079325278,
      "fcf_margin_change": 0.22559080470143963
    },
    {
      "date": "2023-09-30T00:00:00",
      "quarter_label": "2023-09 (Q3)",
      "revenue": 1004000000,
      "gross_profit": null,
      "operating_income": 167000000,
      "net_income": 104200000,
      "opex": 837000000,
      "cogs": null,
      "rd": null,
      "sga": 73900000,
      "fcf": 260000000,
      "ocf": 287200000,
      "capex": -27200000,
      "gross_margin": null,
      "op_margin": 0.16633466135458166,
      "fcf_margin": 0.2589641434262948,
      "incr_op_margin_yoy": -0.020045645777765558,
      "rev_growth_yoy": 0.07810228226951269,
      "rev_growth_yoy_accel": -0.03548716122035876,
      "op_leverage_ratio": 2.7525497946918556,
      "fcf_margin_change": 0.05280931433461128
    },
    {
      "date": "2023-12-31T00:00:00",
      "quarter_label": "2023-12 (Q4)",
      "revenue": 957700000,
      "gross_profit": null,
      "operating_income": 97400000,
      "net_income": 69300000,
      "opex": 860300000,
      "cogs": null,
      "rd": null,
      "sga": 72400000,
      "fcf": 110400000,
      "ocf": 135700000,
      "capex": -25300000,
      "gross_margin": null,
      "op_margin": 0.10170199436149108,
      "fcf_margin": 0.11527618252062233,
      "incr_op_margin_yoy": 0.1989000119563918,
      "rev_growth_yoy": 0.1062736586273058,
      "rev_growth_yoy_accel": 0.028171376357793113,
      "fcf_margin_change": -0.14368796090567248
    },
    {
      "date": "2024-03-31T00:00:00",
      "quarter_label": "2024-03 (Q1)",
      "revenue": 857000000,
      "gross_profit": null,
      "operating_income": 64000000,
      "net_income": 26200000,
      "opex": 793000000,
      "cogs": null,
      "rd": null,
      "sga": 71900000,
      "fcf": 6200000,
      "ocf": 30000000,
      "capex": -23800000,
      "gross_margin": null,
      "op_margin": 0.07467911318553092,
      "fcf_margin": 0.007234539089848308,
      "incr_op_margin_yoy": 0.2636103151862464,
      "rev_growth_yoy": 0.08866869918699187,
      "rev_growth_yoy_accel": -0.017604959440313928,
      "fcf_margin_change": -0.10804164343077402
    },
    {
      "date": "2024-06-30T00:00:00",
      "quarter_label": "2024-06 (Q2)",
      "revenue": 986200000,
      "gross_profit": null,
      "operating_income": 134300000,
      "net_income": 83100000,
      "opex": 851900000,
      "cogs": null,
      "rd": null,
      "sga": 79400000,
      "fcf": 148800000,
      "ocf": 182200000,
      "capex": -33400000,
      "gross_margin": null,
      "op_margin": 0.13617927398093693,
      "fcf_margin": 0.15088217400121678,
      "incr_op_margin_yoy": 0.2484076433121019,
      "rev_growth_yoy": 0.050154403151954,
      "rev_growth_yoy_accel": -0.03851429603503787,
      "op_leverage_ratio": 2.0297361388188357,
      "fcf_margin_change": 0.14364763491136848
    },
    {
      "date": "2024-09-30T00:00:00",
      "quarter_label": "2024-09 (Q3)",
      "revenue": 1099300000,
      "gross_profit": null,
      "operating_income": 182200000,
      "net_income": 151500000,
      "opex": 917100000,
      "cogs": null,
      "rd": null,
      "sga": 80600000,
      "fcf": 414500000,
      "ocf": 440300000,
      "capex": -25800000,
      "gross_margin": null,
      "op_margin": 0.16574183571363596,
      "fcf_margin": 0.37705812789957244,
      "incr_op_margin_yoy": 0.15949632738719832,
      "rev_growth_yoy": 0.0949203187250996,
      "rev_growth_yoy_accel": 0.0447659155731456,
      "op_leverage_ratio": 1.4984374863919638,
      "fcf_margin_change": 0.22617595389835565
    },
    {
      "date": "2024-12-31T00:00:00",
      "quarter_label": "2024-12 (Q4)",
      "revenue": 1047300000,
      "gross_profit": null,
      "operating_income": 122700000,
      "net_income": 45200000,
      "opex": 924600000,
      "cogs": null,
      "rd": null,
      "sga": 83400000,
      "fcf": 46100000,
      "ocf": 80300000,
      "capex": -34200000,
      "gross_margin": null,
      "op_margin": 0.11715840733314237,
      "fcf_margin": 0.04401795092141698,
      "incr_op_margin_yoy": 0.28236607142857145,
      "rev_growth_yoy": 0.09355748146601232,
      "rev_growth_yoy_accel": -0.0013628372590872712,
      "fcf_margin_change": -0.33304017697815547
    },
    {
      "date": "2025-03-31T00:00:00",
      "quarter_label": "2025-03 (Q1)",
      "revenue": 915500000,
      "gross_profit": null,
      "operating_income": 75200000,
      "net_income": 38400000,
      "opex": 840300000,
      "cogs": null,
      "rd": null,
      "sga": 83000000,
      "fcf": -21500000,
      "ocf": 1700000,
      "capex": -23200000,
      "gross_margin": null,
      "op_margin": 0.08214090660841071,
      "fcf_margin": -0.023484434735117424,
      "incr_op_margin_yoy": 0.19145299145299147,
      "rev_growth_yoy": 0.06826137689614936,
      "rev_growth_yoy_accel": -0.025296104569862962,
      "fcf_margin_change": -0.06750238565653441
    },
    {
      "date": "2025-06-30T00:00:00",
      "quarter_label": "2025-06 (Q2)",
      "revenue": 1074300000,
      "gross_profit": null,
      "operating_income": 158600000,
      "net_income": 97600000,
      "opex": 915700000,
      "cogs": null,
      "rd": null,
      "sga": 87800000,
      "fcf": 148300000,
      "ocf": 182900000,
      "capex": -34600000,
      "gross_margin": null,
      "op_margin": 0.14763101554500604,
      "fcf_margin": 0.13804337708275155,
      "incr_op_margin_yoy": 0.2758229284903519,
      "rev_growth_yoy": 0.08933279253701075,
      "rev_growth_yoy_accel": 0.021071415640861388,
      "op_leverage_ratio": 1.9331037669838778,
      "fcf_margin_change": 0.16152781181786896
    },
    {
      "date": "2025-09-30T00:00:00",
      "quarter_label": "2025-09 (Q3)",
      "revenue": 1145700000,
      "gross_profit": null,
      "operating_income": 195000000,
      "net_income": 122000000,
      "opex": 950700000,
      "cogs": null,
      "rd": null,
      "sga": 84600000,
      "fcf": 161200000,
      "ocf": 197300000,
      "capex": -36100000,
      "gross_margin": null,
      "op_margin": 0.17020162346163917,
      "fcf_margin": 0.1407000087282884,
      "incr_op_margin_yoy": 0.27586206896551724,
      "rev_growth_yoy": 0.04220867824979532,
      "rev_growth_yoy_accel": -0.04712411428721543,
      "op_leverage_ratio": 1.7388327282881877,
      "fcf_margin_change": 0.002656631645536839
    }
  ],
  "signals": [
    {
      "quarter": "2025-09 (Q3)",
      "signal": "OPERATING LEVERAGE",
      "detail": "Rev growth +6.6% vs OpEx growth +3.8% (leverage: 1.7x)",
      "severity": "MEDIUM"
    },
    {
      "quarter": "2025-09 (Q3)",
      "signal": "INCREMENTAL MARGIN (YoY)",
      "detail": "YoY Incr OPM: +27.6% vs year-ago OPM: +16.6%",
      "severity": "MEDIUM"
    },
    {
      "quarter": "2025-06 (Q2)",
      "signal": "FCF TURNED POSITIVE",
      "detail": "FCF margin: -2.3% -> +13.8%",
      "severity": "HIGH"
    },
    {
      "quarter": "2025-06 (Q2)",
      "signal": "OPERATING LEVERAGE",
      "detail": "Rev growth +17.3% vs OpEx growth +9.0% (leverage: 1.9x)",
      "severity": "MEDIUM"
    },
    {
      "quarter": "2025-06 (Q2)",
      "signal": "INCREMENTAL MARGIN (YoY)",
      "detail": "YoY Incr OPM: +27.6% vs year-ago OPM: +13.6%",
      "severity": "MEDIUM"
    },
    {
      "quarter": "2025-03 (Q1)",
      "signal": "INCREMENTAL MARGIN (YoY)",
      "detail": "YoY Incr OPM: +19.1% vs year-ago OPM: +7.5%",
      "severity": "MEDIUM"
    },
    {
      "quarter": "2024-12 (Q4)",
      "signal": "INCREMENTAL MARGIN (YoY)",
      "detail": "YoY Incr OPM: +28.2% vs year-ago OPM: +10.2%",
      "severity": "MEDIUM"
    },
    {
      "quarter": "2024-09 (Q3)",
      "signal": "FCF MARGIN EXPANSION",
      "detail": "FCF margin: +15.1% -> +37.7% (+22.6%)",
      "severity": "MEDIUM"
    },
    {
      "quarter": "2024-06 (Q2)",
      "signal": "FCF MARGIN EXPANSION",
      "detail": "FCF margin: +0.7% -> +15.1% (+14.4%)",
      "severity": "MEDIUM"
    },
    {
      "quarter": "2024-06 (Q2)",
      "signal": "OPERATING LEVERAGE",
      "detail": "Rev growth +15.1% vs OpEx growth +7.4% (leverage: 2.0x)",
      "severity": "MEDIUM"
    },
    {
      "quarter": "2024-06 (Q2)",
      "signal": "INCREMENTAL MARGIN (YoY)",
      "detail": "YoY Incr OPM: +24.8% vs year-ago OPM: +13.1%",
      "severity": "MEDIUM"
    },
    {
      "quarter": "2024-03 (Q1)",
      "signal": "INCREMENTAL MARGIN (YoY)",
      "detail": "YoY Incr OPM: +26.4% vs year-ago OPM: +5.8%",
      "severity": "HIGH"
    },
    {
      "quarter": "2023-12 (Q4)",
      "signal": "INCREMENTAL MARGIN (YoY)",
      "detail": "YoY Incr OPM: +19.9% vs year-ago OPM: +9.1%",
      "severity": "MEDIUM"
    },
    {
      "quarter": "2023-09 (Q3)",
      "signal": "FCF MARGIN EXPANSION",
      "detail": "FCF margin: +20.6% -> +25.9% (+5.3%)",
      "severity": "MEDIUM"
    },
    {
      "quarter": "2023-09 (Q3)",
      "signal": "OPERATING LEVERAGE",
      "detail": "Rev growth +6.9% vs OpEx growth +2.5% (leverage: 2.8x)",
      "severity": "MEDIUM"
    },
    {
      "quarter": "2023-06 (Q2)",
      "signal": "FCF TURNED POSITIVE",
      "detail": "FCF margin: -1.9% -> +20.6%",
      "severity": "HIGH"
    },
    {
      "quarter": "2023-06 (Q2)",
      "signal": "OPERATING LEVERAGE",
      "detail": "Rev growth +19.3% vs OpEx growth +10.1% (leverage: 1.9x)",
      "severity": "MEDIUM"
    },
    {
      "quarter": "2023-06 (Q2)",
      "signal": "INCREMENTAL MARGIN (YoY)",
      "detail": "YoY Incr OPM: +22.5% vs year-ago OPM: +12.0%",
      "severity": "MEDIUM"
    },
    {
      "quarter": "2022-12 (Q4)",
      "signal": "FCF MARGIN EXPANSION",
      "detail": "FCF margin: +26.0% -> +31.7% (+5.8%)",
      "severity": "MEDIUM"
    },
    {
      "quarter": "2022-12 (Q4)",
      "signal": "YoY REVENUE GROWTH DECELERATION",
      "detail": "YoY growth: +6.7% vs prior quarter YoY: +14.0% (decel: -7.4%)",
      "severity": "WARNING"
    },
    {
      "quarter": "2022-12 (Q4)",
      "signal": "INCREMENTAL MARGIN (YoY)",
      "detail": "YoY Incr OPM: +92.6% vs year-ago OPM: +3.6%",
      "severity": "HIGH"
    },
    {
      "quarter": "2022-09 (Q3)",
      "signal": "FCF MARGIN EXPANSION",
      "detail": "FCF margin: +17.3% -> +26.0% (+8.7%)",
      "severity": "MEDIUM"
    },
    {
      "quarter": "2022-09 (Q3)",
      "signal": "OPERATING LEVERAGE",
      "detail": "Rev growth +10.4% vs OpEx growth +2.8% (leverage: 3.8x)",
      "severity": "MEDIUM"
    },
    {
      "quarter": "2022-09 (Q3)",
      "signal": "INCREMENTAL MARGIN (YoY)",
      "detail": "YoY Incr OPM: +47.0% vs year-ago OPM: +14.0%",
      "severity": "HIGH"
    },
    {
      "quarter": "2022-06 (Q2)",
      "signal": "FCF TURNED POSITIVE",
      "detail": "FCF margin: -2.5% -> +17.3%",
      "severity": "HIGH"
    },
    {
      "quarter": "2022-06 (Q2)",
      "signal": "OPERATING LEVERAGE",
      "detail": "Rev growth +17.4% vs OpEx growth +8.9% (leverage: 2.0x)",
      "severity": "MEDIUM"
    },
    {
      "quarter": "2022-06 (Q2)",
      "signal": "YoY REVENUE GROWTH ACCELERATION",
      "detail": "YoY growth: +18.0% vs prior quarter YoY: +10.1% (accel: +7.9%)",
      "severity": "MEDIUM"
    },
    {
      "quarter": "2022-06 (Q2)",
      "signal": "INCREMENTAL MARGIN (YoY)",
      "detail": "YoY Incr OPM: +55.2% vs year-ago OPM: +4.2%",
      "severity": "HIGH"
    },
    {
      "quarter": "2022-03 (Q1)",
      "signal": "INCREMENTAL MARGIN (YoY)",
      "detail": "YoY Incr OPM: +39.9% vs year-ago OPM: +1.6%",
      "severity": "HIGH"
    },
    {
      "quarter": "2021-09 (Q3)",
      "signal": "OPERATING LEVERAGE",
      "detail": "Rev growth +14.3% vs OpEx growth +2.6% (leverage: 5.6x)",
      "severity": "MEDIUM"
    },
    {
      "quarter": "2021-06 (Q2)",
      "signal": "FCF TURNED POSITIVE",
      "detail": "FCF margin: -2.9% -> +20.6%",
      "severity": "HIGH"
    }
  ],
  "data_quality": {
    "n_quarters": 20,
    "coverage": {
      "revenue": [
        20,
        20
      ],
      "gross_profit": [
        0,
        20
      ],
      "op_income": [
        20,
        20
      ],
      "fcf": [
        20,
        20
      ]
    },
    "gaps": [],
    "warnings": [
      "gross_profit: no data"
    ]
  },
  "market_cap": null,
  "source": "SEC EDGAR",
  "last_updated": "2026-02-02T21:21:47.672473",
  "sector": "Technology",
  "industry": "Software - Infrastructure"
}