{
  "ticker": "EEX",
  "name": "Emerald Holding, Inc.",
  "quarters": [
    {
      "date": "2020-12-31T00:00:00",
      "quarter_label": "2020-12 (Q4)",
      "revenue": 12200000,
      "gross_profit": null,
      "operating_income": -29400000,
      "net_income": null,
      "opex": null,
      "cogs": null,
      "rd": null,
      "sga": 29800000,
      "fcf": 5600000,
      "ocf": 5600000,
      "capex": null,
      "gross_margin": null,
      "op_margin": -2.4098360655737703,
      "fcf_margin": 0.45901639344262296
    },
    {
      "date": "2021-03-31T00:00:00",
      "quarter_label": "2021-03 (Q1)",
      "revenue": 12900000,
      "gross_profit": null,
      "operating_income": -19600000,
      "net_income": null,
      "opex": null,
      "cogs": null,
      "rd": null,
      "sga": 30800000,
      "fcf": 1200000,
      "ocf": 1600000,
      "capex": -400000,
      "gross_margin": null,
      "op_margin": -1.5193798449612403,
      "fcf_margin": 0.09302325581395349,
      "fcf_margin_change": -0.3659931376286695
    },
    {
      "date": "2021-06-30T00:00:00",
      "quarter_label": "2021-06 (Q2)",
      "revenue": 15000000,
      "gross_profit": null,
      "operating_income": -31500000,
      "net_income": null,
      "opex": null,
      "cogs": null,
      "rd": null,
      "sga": 33100000,
      "fcf": 24900000,
      "ocf": 25100000,
      "capex": -200000,
      "gross_margin": null,
      "op_margin": -2.1,
      "fcf_margin": 1.66,
      "fcf_margin_change": 1.5669767441860465
    },
    {
      "date": "2021-09-30T00:00:00",
      "quarter_label": "2021-09 (Q3)",
      "revenue": 76500000,
      "gross_profit": null,
      "operating_income": -7100000,
      "net_income": null,
      "opex": null,
      "cogs": null,
      "rd": null,
      "sga": 38800000,
      "fcf": 9200000,
      "ocf": 9600000,
      "capex": -400000,
      "gross_margin": null,
      "op_margin": -0.09281045751633987,
      "fcf_margin": 0.12026143790849673,
      "fcf_margin_change": -1.5397385620915032
    },
    {
      "date": "2021-12-31T00:00:00",
      "quarter_label": "2021-12 (Q4)",
      "revenue": 41100000,
      "gross_profit": null,
      "operating_income": -4900000,
      "net_income": null,
      "opex": null,
      "cogs": null,
      "rd": null,
      "sga": 40300000,
      "fcf": 53200000,
      "ocf": 53700000,
      "capex": -500000,
      "gross_margin": null,
      "op_margin": -0.1192214111922141,
      "fcf_margin": 1.294403892944039,
      "incr_op_margin_yoy": 0.8477508650519031,
      "rev_growth_yoy": 2.3688524590163933,
      "fcf_margin_change": 1.1741424550355422
    },
    {
      "date": "2022-03-31T00:00:00",
      "quarter_label": "2022-03 (Q1)",
      "revenue": 98500000,
      "gross_profit": null,
      "operating_income": 24300000,
      "net_income": null,
      "opex": null,
      "cogs": null,
      "rd": null,
      "sga": 46600000,
      "fcf": 32000000,
      "ocf": 33000000,
      "capex": -1000000,
      "gross_margin": null,
      "op_margin": 0.2467005076142132,
      "fcf_margin": 0.3248730964467005,
      "incr_op_margin_yoy": 0.5128504672897196,
      "rev_growth_yoy": 6.635658914728682,
      "rev_growth_yoy_accel": 4.266806455712289,
      "fcf_margin_change": -0.9695307964973384
    },
    {
      "date": "2022-06-30T00:00:00",
      "quarter_label": "2022-06 (Q2)",
      "revenue": 71400000,
      "gross_profit": null,
      "operating_income": 6800000,
      "net_income": null,
      "opex": null,
      "cogs": null,
      "rd": null,
      "sga": 32300000,
      "fcf": 12100000,
      "ocf": 12200000,
      "capex": -100000,
      "gross_margin": null,
      "op_margin": 0.09523809523809523,
      "fcf_margin": 0.16946778711484595,
      "incr_op_margin_yoy": 0.6790780141843972,
      "rev_growth_yoy": 3.76,
      "rev_growth_yoy_accel": -2.8756589147286826,
      "fcf_margin_change": -0.15540530933185454
    },
    {
      "date": "2022-09-30T00:00:00",
      "quarter_label": "2022-09 (Q3)",
      "revenue": 62400000,
      "gross_profit": null,
      "operating_income": 127300000,
      "net_income": null,
      "opex": null,
      "cogs": null,
      "rd": null,
      "sga": 48700000,
      "fcf": 153100000,
      "ocf": 153500000,
      "capex": -400000,
      "gross_margin": null,
      "op_margin": 2.0400641025641026,
      "fcf_margin": 2.453525641025641,
      "incr_op_margin_yoy": -9.53191489361702,
      "rev_growth_yoy": -0.1843137254901961,
      "rev_growth_yoy_accel": -3.944313725490196,
      "fcf_margin_change": 2.284057853910795
    },
    {
      "date": "2022-12-31T00:00:00",
      "quarter_label": "2022-12 (Q4)",
      "revenue": 93600000,
      "gross_profit": null,
      "operating_income": 26500000,
      "net_income": null,
      "opex": null,
      "cogs": null,
      "rd": null,
      "sga": 17400000,
      "fcf": -23900000,
      "ocf": -23600000,
      "capex": -300000,
      "gross_margin": null,
      "op_margin": 0.2831196581196581,
      "fcf_margin": -0.2553418803418803,
      "incr_op_margin_yoy": 0.5980952380952381,
      "rev_growth_yoy": 1.2773722627737227,
      "rev_growth_yoy_accel": 1.4616859882639188,
      "fcf_margin_change": -2.7088675213675213
    },
    {
      "date": "2023-03-31T00:00:00",
      "quarter_label": "2023-03 (Q1)",
      "revenue": 122300000,
      "gross_profit": null,
      "operating_income": 16800000,
      "net_income": null,
      "opex": null,
      "cogs": null,
      "rd": null,
      "sga": 48800000,
      "fcf": 8600000,
      "ocf": 8900000,
      "capex": -300000,
      "gross_margin": null,
      "op_margin": 0.1373671300081766,
      "fcf_margin": 0.07031888798037612,
      "incr_op_margin_yoy": -0.31512605042016806,
      "rev_growth_yoy": 0.2416243654822335,
      "rev_growth_yoy_accel": -1.0357478972914893,
      "fcf_margin_change": 0.32566076832225643
    },
    {
      "date": "2023-06-30T00:00:00",
      "quarter_label": "2023-06 (Q2)",
      "revenue": 86500000,
      "gross_profit": null,
      "operating_income": -1000000,
      "net_income": null,
      "opex": null,
      "cogs": null,
      "rd": null,
      "sga": 41800000,
      "fcf": 7100000,
      "ocf": 7300000,
      "capex": -200000,
      "gross_margin": null,
      "op_margin": -0.011560693641618497,
      "fcf_margin": 0.08208092485549133,
      "incr_op_margin_yoy": -0.5165562913907285,
      "rev_growth_yoy": 0.211484593837535,
      "rev_growth_yoy_accel": -0.0301397716446985,
      "fcf_margin_change": 0.011762036875115206
    },
    {
      "date": "2023-09-30T00:00:00",
      "quarter_label": "2023-09 (Q3)",
      "revenue": 72500000,
      "gross_profit": null,
      "operating_income": -1000000,
      "net_income": null,
      "opex": null,
      "cogs": null,
      "rd": null,
      "sga": 41600000,
      "fcf": 8500000,
      "ocf": 8500000,
      "capex": null,
      "gross_margin": null,
      "op_margin": -0.013793103448275862,
      "fcf_margin": 0.11724137931034483,
      "incr_op_margin_yoy": -12.702970297029703,
      "rev_growth_yoy": 0.16185897435897437,
      "rev_growth_yoy_accel": -0.049625619478560645,
      "fcf_margin_change": 0.035160454454853496
    },
    {
      "date": "2023-12-31T00:00:00",
      "quarter_label": "2023-12 (Q4)",
      "revenue": 101500000,
      "gross_profit": null,
      "operating_income": 19900000,
      "net_income": null,
      "opex": null,
      "cogs": null,
      "rd": null,
      "sga": 36100000,
      "fcf": 15500000,
      "ocf": 15600000,
      "capex": -100000,
      "gross_margin": null,
      "op_margin": 0.1960591133004926,
      "fcf_margin": 0.15270935960591134,
      "incr_op_margin_yoy": -0.8354430379746836,
      "rev_growth_yoy": 0.08440170940170941,
      "rev_growth_yoy_accel": -0.07745726495726496,
      "fcf_margin_change": 0.03546798029556651
    },
    {
      "date": "2024-03-31T00:00:00",
      "quarter_label": "2024-03 (Q1)",
      "revenue": 133400000,
      "gross_profit": null,
      "operating_income": 24300000,
      "net_income": null,
      "opex": null,
      "cogs": null,
      "rd": null,
      "sga": 55500000,
      "fcf": 7000000,
      "ocf": 7300000,
      "capex": -300000,
      "gross_margin": null,
      "op_margin": 0.18215892053973012,
      "fcf_margin": 0.05247376311844078,
      "incr_op_margin_yoy": 0.6756756756756757,
      "rev_growth_yoy": 0.09076042518397383,
      "rev_growth_yoy_accel": 0.006358715782264421,
      "fcf_margin_change": -0.10023559648747056
    },
    {
      "date": "2024-06-30T00:00:00",
      "quarter_label": "2024-06 (Q2)",
      "revenue": 86000000,
      "gross_profit": null,
      "operating_income": 6400000,
      "net_income": -2800000,
      "opex": null,
      "cogs": null,
      "rd": null,
      "sga": 39500000,
      "fcf": 9600000,
      "ocf": 9800000,
      "capex": -200000,
      "gross_margin": null,
      "op_margin": 0.07441860465116279,
      "fcf_margin": 0.11162790697674418,
      "rev_growth_yoy": -0.005780346820809248,
      "rev_growth_yoy_accel": -0.09654077200478307,
      "fcf_margin_change": 0.05915414385830341
    },
    {
      "date": "2024-09-30T00:00:00",
      "quarter_label": "2024-09 (Q3)",
      "revenue": 72600000,
      "gross_profit": null,
      "operating_income": -4700000,
      "net_income": -11100000,
      "opex": null,
      "cogs": null,
      "rd": null,
      "sga": 40800000,
      "fcf": 9000000,
      "ocf": 9100000,
      "capex": -100000,
      "gross_margin": null,
      "op_margin": -0.06473829201101929,
      "fcf_margin": 0.12396694214876033,
      "rev_growth_yoy": 0.001379310344827586,
      "rev_growth_yoy_accel": 0.007159657165636834,
      "fcf_margin_change": 0.01233903517201615
    },
    {
      "date": "2024-12-31T00:00:00",
      "quarter_label": "2024-12 (Q4)",
      "revenue": 106800000,
      "gross_profit": null,
      "operating_income": 20800000,
      "net_income": null,
      "opex": null,
      "cogs": null,
      "rd": null,
      "sga": 34600000,
      "fcf": 19900000,
      "ocf": 20600000,
      "capex": -700000,
      "gross_margin": null,
      "op_margin": 0.1947565543071161,
      "fcf_margin": 0.18632958801498128,
      "incr_op_margin_yoy": 0.16981132075471697,
      "rev_growth_yoy": 0.052216748768472904,
      "rev_growth_yoy_accel": 0.05083743842364532,
      "fcf_margin_change": 0.06236264586622095
    },
    {
      "date": "2025-03-31T00:00:00",
      "quarter_label": "2025-03 (Q1)",
      "revenue": 147700000,
      "gross_profit": null,
      "operating_income": 35800000,
      "net_income": null,
      "opex": null,
      "cogs": null,
      "rd": null,
      "sga": 54100000,
      "fcf": 12400000,
      "ocf": 12600000,
      "capex": -200000,
      "gross_margin": null,
      "op_margin": 0.24238320920785375,
      "fcf_margin": 0.08395396073121192,
      "incr_op_margin_yoy": 0.8041958041958042,
      "rev_growth_yoy": 0.10719640179910045,
      "rev_growth_yoy_accel": 0.054979653030627545,
      "fcf_margin_change": -0.10237562728376937
    },
    {
      "date": "2025-06-30T00:00:00",
      "quarter_label": "2025-06 (Q2)",
      "revenue": 105500000,
      "gross_profit": null,
      "operating_income": 10200000,
      "net_income": -1400000,
      "opex": null,
      "cogs": null,
      "rd": null,
      "sga": 47100000,
      "fcf": 15800000,
      "ocf": 15900000,
      "capex": -100000,
      "gross_margin": null,
      "op_margin": 0.0966824644549763,
      "fcf_margin": 0.14976303317535544,
      "incr_op_margin_yoy": 0.19487179487179487,
      "rev_growth_yoy": 0.22674418604651161,
      "rev_growth_yoy_accel": 0.11954778424741117,
      "fcf_margin_change": 0.06580907244414352
    },
    {
      "date": "2025-09-30T00:00:00",
      "quarter_label": "2025-09 (Q3)",
      "revenue": 77500000,
      "gross_profit": null,
      "operating_income": -7800000,
      "net_income": -14400000,
      "opex": null,
      "cogs": null,
      "rd": null,
      "sga": 51300000,
      "fcf": 1500000,
      "ocf": 1800000,
      "capex": -300000,
      "gross_margin": null,
      "op_margin": -0.10064516129032258,
      "fcf_margin": 0.01935483870967742,
      "incr_op_margin_yoy": -0.6326530612244898,
      "rev_growth_yoy": 0.0674931129476584,
      "rev_growth_yoy_accel": -0.15925107309885322,
      "fcf_margin_change": -0.13040819446567803
    }
  ],
  "signals": [
    {
      "quarter": "2025-09 (Q3)",
      "signal": "YoY REVENUE GROWTH DECELERATION",
      "detail": "YoY growth: +6.7% vs prior quarter YoY: +22.7% (decel: -15.9%)",
      "severity": "WARNING"
    },
    {
      "quarter": "2025-06 (Q2)",
      "signal": "FCF MARGIN EXPANSION",
      "detail": "FCF margin: +8.4% -> +15.0% (+6.6%)",
      "severity": "MEDIUM"
    },
    {
      "quarter": "2025-06 (Q2)",
      "signal": "YoY REVENUE GROWTH ACCELERATION",
      "detail": "YoY growth: +22.7% vs prior quarter YoY: +10.7% (accel: +12.0%)",
      "severity": "MEDIUM"
    },
    {
      "quarter": "2025-06 (Q2)",
      "signal": "INCREMENTAL MARGIN (YoY)",
      "detail": "YoY Incr OPM: +19.5% vs year-ago OPM: +7.4%",
      "severity": "MEDIUM"
    },
    {
      "quarter": "2025-03 (Q1)",
      "signal": "YoY REVENUE GROWTH ACCELERATION",
      "detail": "YoY growth: +10.7% vs prior quarter YoY: +5.2% (accel: +5.5%)",
      "severity": "MEDIUM"
    },
    {
      "quarter": "2025-03 (Q1)",
      "signal": "INCREMENTAL MARGIN (YoY)",
      "detail": "YoY Incr OPM: +80.4% vs year-ago OPM: +18.2%",
      "severity": "HIGH"
    },
    {
      "quarter": "2024-12 (Q4)",
      "signal": "FCF MARGIN EXPANSION",
      "detail": "FCF margin: +12.4% -> +18.6% (+6.2%)",
      "severity": "MEDIUM"
    },
    {
      "quarter": "2024-12 (Q4)",
      "signal": "YoY REVENUE GROWTH ACCELERATION",
      "detail": "YoY growth: +5.2% vs prior quarter YoY: +0.1% (accel: +5.1%)",
      "severity": "MEDIUM"
    },
    {
      "quarter": "2024-12 (Q4)",
      "signal": "OP MARGIN TURNED POSITIVE (QoQ)",
      "detail": "Op margin: -6.5% -> +19.5%",
      "severity": "HIGH"
    },
    {
      "quarter": "2024-06 (Q2)",
      "signal": "FCF MARGIN EXPANSION",
      "detail": "FCF margin: +5.2% -> +11.2% (+5.9%)",
      "severity": "MEDIUM"
    },
    {
      "quarter": "2024-06 (Q2)",
      "signal": "YoY REVENUE GROWTH DECELERATION",
      "detail": "YoY growth: -0.6% vs prior quarter YoY: +9.1% (decel: -9.7%)",
      "severity": "WARNING"
    },
    {
      "quarter": "2024-06 (Q2)",
      "signal": "OP MARGIN TURNED POSITIVE (YoY)",
      "detail": "Op margin: -1.2% (year-ago) -> +7.4%",
      "severity": "HIGH"
    },
    {
      "quarter": "2024-03 (Q1)",
      "signal": "INCREMENTAL MARGIN (YoY)",
      "detail": "YoY Incr OPM: +67.6% vs year-ago OPM: +13.7%",
      "severity": "HIGH"
    },
    {
      "quarter": "2023-12 (Q4)",
      "signal": "YoY REVENUE GROWTH DECELERATION",
      "detail": "YoY growth: +8.4% vs prior quarter YoY: +16.2% (decel: -7.7%)",
      "severity": "WARNING"
    },
    {
      "quarter": "2023-12 (Q4)",
      "signal": "OP MARGIN TURNED POSITIVE (QoQ)",
      "detail": "Op margin: -1.4% -> +19.6%",
      "severity": "HIGH"
    },
    {
      "quarter": "2023-03 (Q1)",
      "signal": "FCF TURNED POSITIVE",
      "detail": "FCF margin: -25.5% -> +7.0%",
      "severity": "HIGH"
    },
    {
      "quarter": "2023-03 (Q1)",
      "signal": "YoY REVENUE GROWTH DECELERATION",
      "detail": "YoY growth: +24.2% vs prior quarter YoY: +127.7% (decel: -103.6%)",
      "severity": "WARNING"
    },
    {
      "quarter": "2022-12 (Q4)",
      "signal": "YoY REVENUE GROWTH ACCELERATION",
      "detail": "YoY growth: +127.7% vs prior quarter YoY: -18.4% (accel: +146.2%)",
      "severity": "HIGH"
    },
    {
      "quarter": "2022-12 (Q4)",
      "signal": "OP MARGIN TURNED POSITIVE (YoY)",
      "detail": "Op margin: -11.9% (year-ago) -> +28.3%",
      "severity": "HIGH"
    },
    {
      "quarter": "2022-09 (Q3)",
      "signal": "FCF MARGIN EXPANSION",
      "detail": "FCF margin: +16.9% -> +245.4% (+228.4%)",
      "severity": "MEDIUM"
    },
    {
      "quarter": "2022-09 (Q3)",
      "signal": "YoY REVENUE GROWTH DECELERATION",
      "detail": "YoY growth: -18.4% vs prior quarter YoY: +376.0% (decel: -394.4%)",
      "severity": "WARNING"
    },
    {
      "quarter": "2022-09 (Q3)",
      "signal": "OP MARGIN TURNED POSITIVE (YoY)",
      "detail": "Op margin: -9.3% (year-ago) -> +204.0%",
      "severity": "HIGH"
    },
    {
      "quarter": "2022-06 (Q2)",
      "signal": "YoY REVENUE GROWTH DECELERATION",
      "detail": "YoY growth: +376.0% vs prior quarter YoY: +663.6% (decel: -287.6%)",
      "severity": "WARNING"
    },
    {
      "quarter": "2022-06 (Q2)",
      "signal": "OP MARGIN TURNED POSITIVE (YoY)",
      "detail": "Op margin: -210.0% (year-ago) -> +9.5%",
      "severity": "HIGH"
    },
    {
      "quarter": "2022-03 (Q1)",
      "signal": "YoY REVENUE GROWTH ACCELERATION",
      "detail": "YoY growth: +663.6% vs prior quarter YoY: +236.9% (accel: +426.7%)",
      "severity": "HIGH"
    },
    {
      "quarter": "2022-03 (Q1)",
      "signal": "OP MARGIN TURNED POSITIVE (YoY)",
      "detail": "Op margin: -151.9% (year-ago) -> +24.7%",
      "severity": "HIGH"
    },
    {
      "quarter": "2022-03 (Q1)",
      "signal": "OP MARGIN TURNED POSITIVE (QoQ)",
      "detail": "Op margin: -11.9% -> +24.7%",
      "severity": "HIGH"
    },
    {
      "quarter": "2021-12 (Q4)",
      "signal": "FCF MARGIN EXPANSION",
      "detail": "FCF margin: +12.0% -> +129.4% (+117.4%)",
      "severity": "MEDIUM"
    },
    {
      "quarter": "2021-06 (Q2)",
      "signal": "FCF MARGIN EXPANSION",
      "detail": "FCF margin: +9.3% -> +166.0% (+156.7%)",
      "severity": "MEDIUM"
    }
  ],
  "data_quality": {
    "n_quarters": 20,
    "coverage": {
      "revenue": [
        20,
        20
      ],
      "gross_profit": [
        0,
        20
      ],
      "op_income": [
        20,
        20
      ],
      "fcf": [
        20,
        20
      ]
    },
    "gaps": [],
    "warnings": [
      "gross_profit: no data"
    ]
  },
  "market_cap": null,
  "source": "SEC EDGAR",
  "last_updated": "2026-02-02T22:03:22.345007",
  "sector": "Communication Services",
  "industry": "Advertising Agencies"
}