{
  "ticker": "EFX",
  "name": "EQUIFAX\u00a0INC.",
  "sector": "Industrials",
  "industry": "Consulting Services",
  "quarters": [
    {
      "date": "2021-03-31T00:00:00",
      "quarter_label": "2021-03 (Q1)",
      "revenue": 1213000000,
      "gross_profit": 729700000,
      "operating_income": 306600000,
      "net_income": 201600000,
      "opex": 906400000,
      "cogs": 483300000,
      "rd": null,
      "sga": 308800000,
      "fcf": 143400000,
      "ocf": 143400000,
      "capex": null,
      "gross_margin": 0.6015663643858202,
      "op_margin": 0.25276174773289367,
      "fcf_margin": 0.11821929101401484
    },
    {
      "date": "2021-06-30T00:00:00",
      "quarter_label": "2021-06 (Q2)",
      "revenue": 1234800000,
      "gross_profit": 751800000,
      "operating_income": 306000000,
      "net_income": 215100000,
      "opex": 928800000,
      "cogs": 483000000,
      "rd": null,
      "sga": 328400000,
      "fcf": 407700000,
      "ocf": 407700000,
      "capex": null,
      "gross_margin": 0.608843537414966,
      "op_margin": 0.2478134110787172,
      "fcf_margin": 0.3301749271137026,
      "op_leverage_ratio": 0.7272229419385231,
      "fcf_margin_change": 0.21195563609968776
    },
    {
      "date": "2021-09-30T00:00:00",
      "quarter_label": "2021-09 (Q3)",
      "revenue": 1222900000,
      "gross_profit": 733900000,
      "operating_income": 273200000,
      "net_income": 205400000,
      "opex": 949700000,
      "cogs": 489000000,
      "rd": null,
      "sga": 344200000,
      "fcf": 398400000,
      "ocf": 398400000,
      "capex": null,
      "gross_margin": 0.6001308365361027,
      "op_margin": 0.22340338539537166,
      "fcf_margin": 0.32578297489573965,
      "fcf_margin_change": -0.004391952217962958
    },
    {
      "date": "2021-12-31T00:00:00",
      "quarter_label": "2021-12 (Q4)",
      "revenue": 1253200000,
      "gross_profit": 727600000,
      "operating_income": 252200000,
      "net_income": 122100000,
      "opex": 1001000000,
      "cogs": 525600000,
      "rd": null,
      "sga": 343200000,
      "fcf": 385300000,
      "ocf": 385300000,
      "capex": null,
      "gross_margin": 0.5805936801787425,
      "op_margin": 0.2012448132780083,
      "fcf_margin": 0.30745292052345996,
      "op_leverage_ratio": 0.45869156769045305,
      "fcf_margin_change": -0.01833005437227969
    },
    {
      "date": "2022-03-31T00:00:00",
      "quarter_label": "2022-03 (Q1)",
      "revenue": 1363200000,
      "gross_profit": 809800000,
      "operating_income": 332400000,
      "net_income": 221800000,
      "opex": 1030800000,
      "cogs": 553400000,
      "rd": null,
      "sga": 340300000,
      "fcf": -198500000,
      "ocf": -198500000,
      "capex": null,
      "gross_margin": 0.594043427230047,
      "op_margin": 0.2438380281690141,
      "fcf_margin": -0.14561326291079812,
      "incr_op_margin_yoy": 0.17177097203728361,
      "rev_growth_yoy": 0.12382522671063478,
      "op_leverage_ratio": 2.9484251858865465,
      "fcf_margin_change": -0.4530661834342581
    },
    {
      "date": "2022-06-30T00:00:00",
      "quarter_label": "2022-06 (Q2)",
      "revenue": 1316700000,
      "gross_profit": 774600000,
      "operating_income": 304600000,
      "net_income": 200600000,
      "opex": 1012100000,
      "cogs": 542100000,
      "rd": null,
      "sga": 330200000,
      "fcf": 275300000,
      "ocf": 275300000,
      "capex": null,
      "gross_margin": 0.5882889040783778,
      "op_margin": 0.23133591554644187,
      "fcf_margin": 0.20908331434647223,
      "incr_op_margin_yoy": -0.017094017094017096,
      "rev_growth_yoy": 0.0663265306122449,
      "rev_growth_yoy_accel": -0.05749869609838988,
      "fcf_margin_change": 0.35469657725727033
    },
    {
      "date": "2022-09-30T00:00:00",
      "quarter_label": "2022-09 (Q3)",
      "revenue": 1244300000,
      "gross_profit": 701800000,
      "operating_income": 242900000,
      "net_income": 165700000,
      "opex": 1001400000,
      "cogs": 542500000,
      "rd": null,
      "sga": 318000000,
      "fcf": 354900000,
      "ocf": 354900000,
      "capex": null,
      "gross_margin": 0.564011894237724,
      "op_margin": 0.19521015832194807,
      "fcf_margin": 0.28522060596319215,
      "incr_op_margin_yoy": -1.4158878504672898,
      "rev_growth_yoy": 0.01749938670373702,
      "rev_growth_yoy_accel": -0.04882714390850788,
      "fcf_margin_change": 0.07613729161671992
    },
    {
      "date": "2022-12-31T00:00:00",
      "quarter_label": "2022-12 (Q4)",
      "revenue": 1197900000,
      "gross_profit": 658700000,
      "operating_income": 176000000,
      "net_income": 108200000,
      "opex": 1021900000,
      "cogs": 539200000,
      "rd": null,
      "sga": 340400000,
      "fcf": 325400000,
      "ocf": 325400000,
      "capex": null,
      "gross_margin": 0.5498789548376325,
      "op_margin": 0.14692378328741965,
      "fcf_margin": 0.27164204023708155,
      "incr_op_margin_yoy": 1.3779385171790235,
      "rev_growth_yoy": -0.04412703479093521,
      "rev_growth_yoy_accel": -0.06162642149467223,
      "fcf_margin_change": -0.013578565726110603
    },
    {
      "date": "2023-03-31T00:00:00",
      "quarter_label": "2023-03 (Q1)",
      "revenue": 1302000000,
      "gross_profit": 721600000,
      "operating_income": 205400000,
      "net_income": 112400000,
      "opex": 1096600000,
      "cogs": 580400000,
      "rd": null,
      "sga": 366100000,
      "fcf": 150900000,
      "ocf": 150900000,
      "capex": null,
      "gross_margin": 0.5542242703533026,
      "op_margin": 0.1577572964669739,
      "fcf_margin": 0.11589861751152074,
      "incr_op_margin_yoy": 2.0751633986928106,
      "rev_growth_yoy": -0.0448943661971831,
      "rev_growth_yoy_accel": -0.0007673314062478925,
      "op_leverage_ratio": 1.1888250891536762,
      "fcf_margin_change": -0.1557434227255608
    },
    {
      "date": "2023-06-30T00:00:00",
      "quarter_label": "2023-06 (Q2)",
      "revenue": 1317600000,
      "gross_profit": 729600000,
      "operating_income": 236900000,
      "net_income": 138300000,
      "opex": 1080700000,
      "cogs": 588000000,
      "rd": null,
      "sga": 343100000,
      "fcf": 262100000,
      "ocf": 262100000,
      "capex": null,
      "gross_margin": 0.5537340619307832,
      "op_margin": 0.17979659987856708,
      "fcf_margin": 0.1989222829386764,
      "rev_growth_yoy": 0.000683526999316473,
      "rev_growth_yoy_accel": 0.045577893196499575,
      "op_leverage_ratio": null,
      "fcf_margin_change": 0.08302366542715565
    },
    {
      "date": "2023-09-30T00:00:00",
      "quarter_label": "2023-09 (Q3)",
      "revenue": 1319100000,
      "gross_profit": 733900000,
      "operating_income": 246400000,
      "net_income": 162200000,
      "opex": 1072700000,
      "cogs": 585200000,
      "rd": null,
      "sga": 333100000,
      "fcf": 381700000,
      "ocf": 381700000,
      "capex": null,
      "gross_margin": 0.5563641877037374,
      "op_margin": 0.1867940262300053,
      "fcf_margin": 0.28936396027594574,
      "incr_op_margin_yoy": 0.04679144385026738,
      "rev_growth_yoy": 0.06011412038897372,
      "rev_growth_yoy_accel": 0.05943059338965725,
      "fcf_margin_change": 0.09044167733726935
    },
    {
      "date": "2023-12-31T00:00:00",
      "quarter_label": "2023-12 (Q4)",
      "revenue": 1326500000,
      "gross_profit": 744900000,
      "operating_income": 245100000,
      "net_income": 132400000,
      "opex": 1081400000,
      "cogs": 581600000,
      "rd": null,
      "sga": 343400000,
      "fcf": 322100000,
      "ocf": 322100000,
      "capex": null,
      "gross_margin": 0.5615529589144365,
      "op_margin": 0.18477195627591406,
      "fcf_margin": 0.242819449679608,
      "incr_op_margin_yoy": 0.5373250388802489,
      "rev_growth_yoy": 0.10735453710660323,
      "rev_growth_yoy_accel": 0.047240416717629505,
      "fcf_margin_change": -0.04654451059633774
    },
    {
      "date": "2024-03-31T00:00:00",
      "quarter_label": "2024-03 (Q1)",
      "revenue": 1389400000,
      "gross_profit": 761700000,
      "operating_income": 224700000,
      "net_income": 124900000,
      "opex": 1164700000,
      "cogs": 627700000,
      "rd": null,
      "sga": 372600000,
      "fcf": 252700000,
      "ocf": 252700000,
      "capex": null,
      "gross_margin": 0.5482222542104506,
      "op_margin": 0.1617244853893767,
      "fcf_margin": 0.18187706923852023,
      "incr_op_margin_yoy": 0.2208237986270023,
      "rev_growth_yoy": 0.06712749615975422,
      "rev_growth_yoy_accel": -0.04022704094684901,
      "op_leverage_ratio": 0.6155803595467588,
      "fcf_margin_change": -0.06094238044108777
    },
    {
      "date": "2024-06-30T00:00:00",
      "quarter_label": "2024-06 (Q2)",
      "revenue": 1430500000,
      "gross_profit": 799600000,
      "operating_income": 282200000,
      "net_income": 163900000,
      "opex": 1148300000,
      "cogs": 630900000,
      "rd": null,
      "sga": 352600000,
      "fcf": 267500000,
      "ocf": 267500000,
      "capex": null,
      "gross_margin": 0.5589653967144355,
      "op_margin": 0.19727368053128277,
      "fcf_margin": 0.18699755330304088,
      "incr_op_margin_yoy": 0.4012400354295837,
      "rev_growth_yoy": 0.08568609593199757,
      "rev_growth_yoy_accel": 0.018558599772243348,
      "op_leverage_ratio": null,
      "fcf_margin_change": 0.005120484064520647
    },
    {
      "date": "2024-09-30T00:00:00",
      "quarter_label": "2024-09 (Q3)",
      "revenue": 1441800000,
      "gross_profit": 796600000,
      "operating_income": 247100000,
      "net_income": 141300000,
      "opex": 1194700000,
      "cogs": 645200000,
      "rd": null,
      "sga": 380400000,
      "fcf": 479500000,
      "ocf": 479500000,
      "capex": null,
      "gross_margin": 0.5525038146760993,
      "op_margin": 0.17138299348037175,
      "fcf_margin": 0.3325703981134693,
      "incr_op_margin_yoy": 0.0057049714751426246,
      "rev_growth_yoy": 0.09301796679554242,
      "rev_growth_yoy_accel": 0.007331870863544851,
      "fcf_margin_change": 0.1455728448104284
    },
    {
      "date": "2024-12-31T00:00:00",
      "quarter_label": "2024-12 (Q4)",
      "revenue": 1419400000,
      "gross_profit": 804400000,
      "operating_income": 288100000,
      "net_income": 174000000,
      "opex": 1131300000,
      "cogs": 615000000,
      "rd": null,
      "sga": 344800000,
      "fcf": 324800000,
      "ocf": 324800000,
      "capex": null,
      "gross_margin": 0.5667183316894463,
      "op_margin": 0.20297308721995208,
      "fcf_margin": 0.22882908271100466,
      "incr_op_margin_yoy": 0.4628632938643703,
      "rev_growth_yoy": 0.07003392385978138,
      "rev_growth_yoy_accel": -0.022984042935761034,
      "fcf_margin_change": -0.10374131540246462
    },
    {
      "date": "2025-03-31T00:00:00",
      "quarter_label": "2025-03 (Q1)",
      "revenue": 1442000000,
      "gross_profit": 785300000,
      "operating_income": 235800000,
      "net_income": 133100000,
      "opex": 1206200000,
      "cogs": 656700000,
      "rd": null,
      "sga": 374900000,
      "fcf": 223900000,
      "ocf": 223900000,
      "capex": null,
      "gross_margin": 0.5445908460471567,
      "op_margin": 0.16352288488210817,
      "fcf_margin": 0.15527045769764217,
      "incr_op_margin_yoy": 0.21102661596958175,
      "rev_growth_yoy": 0.03785806823089103,
      "rev_growth_yoy_accel": -0.03217585562889035,
      "op_leverage_ratio": 0.2404914316265565,
      "fcf_margin_change": -0.0735586250133625
    },
    {
      "date": "2025-06-30T00:00:00",
      "quarter_label": "2025-06 (Q2)",
      "revenue": 1537000000,
      "gross_profit": 872400000,
      "operating_income": 310800000,
      "net_income": 191300000,
      "opex": 1226200000,
      "cogs": 664600000,
      "rd": null,
      "sga": 384200000,
      "fcf": 361100000,
      "ocf": 361100000,
      "capex": null,
      "gross_margin": 0.5675992192582954,
      "op_margin": 0.2022121014964216,
      "fcf_margin": 0.23493819128171764,
      "incr_op_margin_yoy": 0.26854460093896715,
      "rev_growth_yoy": 0.07444949318420133,
      "rev_growth_yoy_accel": 0.036591424953310296,
      "op_leverage_ratio": 3.973266296809986,
      "fcf_margin_change": 0.07966773358407547
    },
    {
      "date": "2025-09-30T00:00:00",
      "quarter_label": "2025-09 (Q3)",
      "revenue": 1544900000,
      "gross_profit": 881700000,
      "operating_income": 264300000,
      "net_income": 160200000,
      "opex": 1280600000,
      "cogs": 663200000,
      "rd": null,
      "sga": 434100000,
      "fcf": 559900000,
      "ocf": 559900000,
      "capex": null,
      "gross_margin": 0.5707165512330895,
      "op_margin": 0.17107903424169849,
      "fcf_margin": 0.36241827950029126,
      "incr_op_margin_yoy": 0.16682832201745879,
      "rev_growth_yoy": 0.07150783742544042,
      "rev_growth_yoy_accel": -0.0029416557587609027,
      "fcf_margin_change": 0.12748008821857362
    },
    {
      "date": "2025-12-31T00:00:00",
      "quarter_label": "2025-12 (Q4)",
      "revenue": 1550600000,
      "gross_profit": 889400000,
      "operating_income": 284200000,
      "net_income": 175800000,
      "opex": 1266400000,
      "cogs": 661200000,
      "rd": null,
      "sga": 421000000,
      "fcf": 470800000,
      "ocf": 470800000,
      "capex": null,
      "gross_margin": 0.573584418934606,
      "op_margin": 0.18328389010705534,
      "fcf_margin": 0.3036244034567264,
      "incr_op_margin_yoy": -0.02972560975609756,
      "rev_growth_yoy": 0.09243342257291813,
      "rev_growth_yoy_accel": 0.020925585147477707,
      "fcf_margin_change": -0.05879387604356484
    }
  ],
  "signals": [
    {
      "quarter": "2025-09 (Q3)",
      "signal": "FCF MARGIN EXPANSION",
      "detail": "FCF margin: +23.5% -> +36.2% (+12.7%)",
      "severity": "MEDIUM"
    },
    {
      "quarter": "2025-06 (Q2)",
      "signal": "FCF MARGIN EXPANSION",
      "detail": "FCF margin: +15.5% -> +23.5% (+8.0%)",
      "severity": "MEDIUM"
    },
    {
      "quarter": "2025-06 (Q2)",
      "signal": "OPERATING LEVERAGE",
      "detail": "Rev growth +6.6% vs OpEx growth +1.7% (leverage: 4.0x)",
      "severity": "MEDIUM"
    },
    {
      "quarter": "2025-06 (Q2)",
      "signal": "GROSS MARGIN INFLECTION",
      "detail": "GM: +56.7% -> +54.5% -> +56.8% (reversal +2.3%)",
      "severity": "MEDIUM"
    },
    {
      "quarter": "2024-12 (Q4)",
      "signal": "INCREMENTAL MARGIN (YoY)",
      "detail": "YoY Incr OPM: +46.3% vs year-ago OPM: +18.5%",
      "severity": "HIGH"
    },
    {
      "quarter": "2024-09 (Q3)",
      "signal": "FCF MARGIN EXPANSION",
      "detail": "FCF margin: +18.7% -> +33.3% (+14.6%)",
      "severity": "MEDIUM"
    },
    {
      "quarter": "2024-06 (Q2)",
      "signal": "INCREMENTAL MARGIN (YoY)",
      "detail": "YoY Incr OPM: +40.1% vs year-ago OPM: +18.0%",
      "severity": "HIGH"
    },
    {
      "quarter": "2023-12 (Q4)",
      "signal": "INCREMENTAL MARGIN (YoY)",
      "detail": "YoY Incr OPM: +53.7% vs year-ago OPM: +14.7%",
      "severity": "HIGH"
    },
    {
      "quarter": "2023-09 (Q3)",
      "signal": "FCF MARGIN EXPANSION",
      "detail": "FCF margin: +19.9% -> +28.9% (+9.0%)",
      "severity": "MEDIUM"
    },
    {
      "quarter": "2023-09 (Q3)",
      "signal": "YoY REVENUE GROWTH ACCELERATION",
      "detail": "YoY growth: +6.0% vs prior quarter YoY: +0.1% (accel: +5.9%)",
      "severity": "MEDIUM"
    },
    {
      "quarter": "2023-06 (Q2)",
      "signal": "FCF MARGIN EXPANSION",
      "detail": "FCF margin: +11.6% -> +19.9% (+8.3%)",
      "severity": "MEDIUM"
    },
    {
      "quarter": "2023-03 (Q1)",
      "signal": "INCREMENTAL MARGIN (YoY)",
      "detail": "YoY Incr OPM: +207.5% vs year-ago OPM: +24.4%",
      "severity": "HIGH"
    },
    {
      "quarter": "2022-12 (Q4)",
      "signal": "YoY REVENUE GROWTH DECELERATION",
      "detail": "YoY growth: -4.4% vs prior quarter YoY: +1.7% (decel: -6.2%)",
      "severity": "WARNING"
    },
    {
      "quarter": "2022-12 (Q4)",
      "signal": "INCREMENTAL MARGIN (YoY)",
      "detail": "YoY Incr OPM: +137.8% vs year-ago OPM: +20.1%",
      "severity": "HIGH"
    },
    {
      "quarter": "2022-09 (Q3)",
      "signal": "FCF MARGIN EXPANSION",
      "detail": "FCF margin: +20.9% -> +28.5% (+7.6%)",
      "severity": "MEDIUM"
    },
    {
      "quarter": "2022-06 (Q2)",
      "signal": "FCF TURNED POSITIVE",
      "detail": "FCF margin: -14.6% -> +20.9%",
      "severity": "HIGH"
    },
    {
      "quarter": "2022-06 (Q2)",
      "signal": "YoY REVENUE GROWTH DECELERATION",
      "detail": "YoY growth: +6.6% vs prior quarter YoY: +12.4% (decel: -5.7%)",
      "severity": "WARNING"
    },
    {
      "quarter": "2022-03 (Q1)",
      "signal": "OPERATING LEVERAGE",
      "detail": "Rev growth +8.8% vs OpEx growth +3.0% (leverage: 2.9x)",
      "severity": "MEDIUM"
    },
    {
      "quarter": "2021-06 (Q2)",
      "signal": "FCF MARGIN EXPANSION",
      "detail": "FCF margin: +11.8% -> +33.0% (+21.2%)",
      "severity": "MEDIUM"
    }
  ],
  "data_quality": {
    "n_quarters": 20,
    "coverage": {
      "revenue": [
        20,
        20
      ],
      "gross_profit": [
        20,
        20
      ],
      "op_income": [
        20,
        20
      ],
      "fcf": [
        20,
        20
      ]
    },
    "gaps": [],
    "warnings": []
  },
  "market_cap": null,
  "source": "SEC EDGAR",
  "last_updated": "2026-02-24T10:21:48.126553"
}