{
  "ticker": "EG",
  "name": "EVEREST GROUP, LTD.",
  "quarters": [
    {
      "date": "2020-12-31T00:00:00",
      "quarter_label": "2020-12 (Q4)",
      "revenue": 2761399000,
      "gross_profit": null,
      "operating_income": null,
      "net_income": null,
      "opex": null,
      "cogs": null,
      "rd": null,
      "sga": null,
      "fcf": 683392000,
      "ocf": 683392000,
      "capex": null,
      "gross_margin": null,
      "op_margin": null,
      "fcf_margin": 0.2474803532557229
    },
    {
      "date": "2021-03-31T00:00:00",
      "quarter_label": "2021-03 (Q1)",
      "revenue": 2743773000,
      "gross_profit": null,
      "operating_income": null,
      "net_income": null,
      "opex": null,
      "cogs": null,
      "rd": null,
      "sga": null,
      "fcf": 904366000,
      "ocf": 904366000,
      "capex": null,
      "gross_margin": null,
      "op_margin": null,
      "fcf_margin": 0.32960671309179,
      "fcf_margin_change": 0.08212635983606711
    },
    {
      "date": "2021-06-30T00:00:00",
      "quarter_label": "2021-06 (Q2)",
      "revenue": 3076690000,
      "gross_profit": null,
      "operating_income": null,
      "net_income": null,
      "opex": null,
      "cogs": null,
      "rd": null,
      "sga": null,
      "fcf": 723596000,
      "ocf": 723596000,
      "capex": null,
      "gross_margin": null,
      "op_margin": null,
      "fcf_margin": 0.23518651537853993,
      "fcf_margin_change": -0.09442019771325008
    },
    {
      "date": "2021-09-30T00:00:00",
      "quarter_label": "2021-09 (Q3)",
      "revenue": 2925423000,
      "gross_profit": null,
      "operating_income": null,
      "net_income": null,
      "opex": null,
      "cogs": null,
      "rd": null,
      "sga": null,
      "fcf": 1163038000,
      "ocf": 1163038000,
      "capex": null,
      "gross_margin": null,
      "op_margin": null,
      "fcf_margin": 0.3975623354297823,
      "fcf_margin_change": 0.16237582005124238
    },
    {
      "date": "2021-12-31T00:00:00",
      "quarter_label": "2021-12 (Q4)",
      "revenue": 3120377000,
      "gross_profit": null,
      "operating_income": null,
      "net_income": null,
      "opex": null,
      "cogs": null,
      "rd": null,
      "sga": null,
      "fcf": 1042000000,
      "ocf": 1042000000,
      "capex": null,
      "gross_margin": null,
      "op_margin": null,
      "fcf_margin": 0.3339340086149847,
      "rev_growth_yoy": 0.12999859853646648,
      "fcf_margin_change": -0.06362832681479763
    },
    {
      "date": "2022-03-31T00:00:00",
      "quarter_label": "2022-03 (Q1)",
      "revenue": 2896331000,
      "gross_profit": null,
      "operating_income": null,
      "net_income": 298000000,
      "opex": null,
      "cogs": null,
      "rd": null,
      "sga": null,
      "fcf": 846000000,
      "ocf": 846000000,
      "capex": null,
      "gross_margin": null,
      "op_margin": null,
      "fcf_margin": 0.2920936868058243,
      "rev_growth_yoy": 0.05560153846546343,
      "rev_growth_yoy_accel": -0.07439706007100305,
      "fcf_margin_change": -0.041840321809160363
    },
    {
      "date": "2022-06-30T00:00:00",
      "quarter_label": "2022-06 (Q2)",
      "revenue": 2834613000,
      "gross_profit": null,
      "operating_income": null,
      "net_income": 123000000,
      "opex": null,
      "cogs": null,
      "rd": null,
      "sga": null,
      "fcf": 716000000,
      "ocf": 716000000,
      "capex": null,
      "gross_margin": null,
      "op_margin": null,
      "fcf_margin": 0.25259180000938397,
      "rev_growth_yoy": -0.07868098508462015,
      "rev_growth_yoy_accel": -0.13428252355008358,
      "fcf_margin_change": -0.039501886796440344
    },
    {
      "date": "2022-09-30T00:00:00",
      "quarter_label": "2022-09 (Q3)",
      "revenue": 3073000000,
      "gross_profit": null,
      "operating_income": null,
      "net_income": -319000000,
      "opex": null,
      "cogs": null,
      "rd": null,
      "sga": null,
      "fcf": 1118000000,
      "ocf": 1118000000,
      "capex": null,
      "gross_margin": null,
      "op_margin": null,
      "fcf_margin": 0.3638138626749105,
      "rev_growth_yoy": 0.050446379891044814,
      "rev_growth_yoy_accel": 0.12912736497566496,
      "fcf_margin_change": 0.11122206266552653
    },
    {
      "date": "2022-12-31T00:00:00",
      "quarter_label": "2022-12 (Q4)",
      "revenue": 3255000000,
      "gross_profit": null,
      "operating_income": null,
      "net_income": 496000000,
      "opex": null,
      "cogs": null,
      "rd": null,
      "sga": null,
      "fcf": 1015000000,
      "ocf": 1015000000,
      "capex": null,
      "gross_margin": null,
      "op_margin": null,
      "fcf_margin": 0.3118279569892473,
      "rev_growth_yoy": 0.043143184301127714,
      "rev_growth_yoy_accel": -0.0073031955899171,
      "fcf_margin_change": -0.05198590568566319
    },
    {
      "date": "2023-03-31T00:00:00",
      "quarter_label": "2023-03 (Q1)",
      "revenue": 3286000000,
      "gross_profit": null,
      "operating_income": null,
      "net_income": 365000000,
      "opex": null,
      "cogs": null,
      "rd": null,
      "sga": null,
      "fcf": 1064000000,
      "ocf": 1064000000,
      "capex": null,
      "gross_margin": null,
      "op_margin": null,
      "fcf_margin": 0.32379793061472917,
      "rev_growth_yoy": 0.13453883551292997,
      "rev_growth_yoy_accel": 0.09139565121180226,
      "fcf_margin_change": 0.011969973625481856
    },
    {
      "date": "2023-06-30T00:00:00",
      "quarter_label": "2023-06 (Q2)",
      "revenue": 3650000000,
      "gross_profit": null,
      "operating_income": null,
      "net_income": 670000000,
      "opex": null,
      "cogs": null,
      "rd": null,
      "sga": null,
      "fcf": 1094000000,
      "ocf": 1094000000,
      "capex": null,
      "gross_margin": null,
      "op_margin": null,
      "fcf_margin": 0.2997260273972603,
      "rev_growth_yoy": 0.28765372909811676,
      "rev_growth_yoy_accel": 0.1531148935851868,
      "fcf_margin_change": -0.024071903217468882
    },
    {
      "date": "2023-09-30T00:00:00",
      "quarter_label": "2023-09 (Q3)",
      "revenue": 3991000000,
      "gross_profit": null,
      "operating_income": null,
      "net_income": 678000000,
      "opex": null,
      "cogs": null,
      "rd": null,
      "sga": null,
      "fcf": 1378000000,
      "ocf": 1378000000,
      "capex": null,
      "gross_margin": null,
      "op_margin": null,
      "fcf_margin": 0.34527687296416937,
      "rev_growth_yoy": 0.29873088187438984,
      "rev_growth_yoy_accel": 0.01107715277627308,
      "fcf_margin_change": 0.04555084556690908
    },
    {
      "date": "2023-12-31T00:00:00",
      "quarter_label": "2023-12 (Q4)",
      "revenue": 3660000000,
      "gross_profit": null,
      "operating_income": null,
      "net_income": 804000000,
      "opex": null,
      "cogs": null,
      "rd": null,
      "sga": null,
      "fcf": 1017000000,
      "ocf": 1017000000,
      "capex": null,
      "gross_margin": null,
      "op_margin": null,
      "fcf_margin": 0.2778688524590164,
      "rev_growth_yoy": 0.12442396313364056,
      "rev_growth_yoy_accel": -0.17430691874074927,
      "fcf_margin_change": -0.06740802050515299
    },
    {
      "date": "2024-03-31T00:00:00",
      "quarter_label": "2024-03 (Q1)",
      "revenue": 4133000000,
      "gross_profit": null,
      "operating_income": null,
      "net_income": 733000000,
      "opex": null,
      "cogs": null,
      "rd": null,
      "sga": null,
      "fcf": 1102000000,
      "ocf": 1102000000,
      "capex": null,
      "gross_margin": null,
      "op_margin": null,
      "fcf_margin": 0.26663440600048394,
      "rev_growth_yoy": 0.2577601947656725,
      "rev_growth_yoy_accel": 0.13333623163203195,
      "fcf_margin_change": -0.011234446458532443
    },
    {
      "date": "2024-06-30T00:00:00",
      "quarter_label": "2024-06 (Q2)",
      "revenue": 4227000000,
      "gross_profit": null,
      "operating_income": null,
      "net_income": 724000000,
      "opex": null,
      "cogs": null,
      "rd": null,
      "sga": null,
      "fcf": 1337000000,
      "ocf": 1337000000,
      "capex": null,
      "gross_margin": null,
      "op_margin": null,
      "fcf_margin": 0.31629997634255974,
      "rev_growth_yoy": 0.15808219178082192,
      "rev_growth_yoy_accel": -0.0996780029848506,
      "fcf_margin_change": 0.049665570342075804
    },
    {
      "date": "2024-09-30T00:00:00",
      "quarter_label": "2024-09 (Q3)",
      "revenue": 4285000000,
      "gross_profit": null,
      "operating_income": null,
      "net_income": 509000000,
      "opex": null,
      "cogs": null,
      "rd": null,
      "sga": null,
      "fcf": 1738000000,
      "ocf": 1738000000,
      "capex": null,
      "gross_margin": null,
      "op_margin": null,
      "fcf_margin": 0.4056009334889148,
      "rev_growth_yoy": 0.07366574793284891,
      "rev_growth_yoy_accel": -0.084416443847973,
      "fcf_margin_change": 0.08930095714635505
    },
    {
      "date": "2024-12-31T00:00:00",
      "quarter_label": "2024-12 (Q4)",
      "revenue": 4636000000,
      "gross_profit": null,
      "operating_income": null,
      "net_income": -593000000,
      "opex": null,
      "cogs": null,
      "rd": null,
      "sga": null,
      "fcf": 780000000,
      "ocf": 780000000,
      "capex": null,
      "gross_margin": null,
      "op_margin": null,
      "fcf_margin": 0.16824849007765316,
      "rev_growth_yoy": 0.26666666666666666,
      "rev_growth_yoy_accel": 0.19300091873381775,
      "fcf_margin_change": -0.23735244341126163
    },
    {
      "date": "2025-03-31T00:00:00",
      "quarter_label": "2025-03 (Q1)",
      "revenue": 4263000000,
      "gross_profit": null,
      "operating_income": null,
      "net_income": 210000000,
      "opex": null,
      "cogs": null,
      "rd": null,
      "sga": null,
      "fcf": 928000000,
      "ocf": 928000000,
      "capex": null,
      "gross_margin": null,
      "op_margin": null,
      "fcf_margin": 0.21768707482993196,
      "rev_growth_yoy": 0.03145414952818776,
      "rev_growth_yoy_accel": -0.2352125171384789,
      "fcf_margin_change": 0.0494385847522788
    },
    {
      "date": "2025-06-30T00:00:00",
      "quarter_label": "2025-06 (Q2)",
      "revenue": 4491000000,
      "gross_profit": null,
      "operating_income": null,
      "net_income": 680000000,
      "opex": null,
      "cogs": null,
      "rd": null,
      "sga": null,
      "fcf": 1079000000,
      "ocf": 1079000000,
      "capex": null,
      "gross_margin": null,
      "op_margin": null,
      "fcf_margin": 0.2402582943665108,
      "rev_growth_yoy": 0.06245564229950319,
      "rev_growth_yoy_accel": 0.031001492771315434,
      "fcf_margin_change": 0.02257121953657884
    },
    {
      "date": "2025-09-30T00:00:00",
      "quarter_label": "2025-09 (Q3)",
      "revenue": 4319000000,
      "gross_profit": null,
      "operating_income": null,
      "net_income": 255000000,
      "opex": null,
      "cogs": null,
      "rd": null,
      "sga": null,
      "fcf": 1459000000,
      "ocf": 1459000000,
      "capex": null,
      "gross_margin": null,
      "op_margin": null,
      "fcf_margin": 0.3378096781662422,
      "rev_growth_yoy": 0.007934655775962661,
      "rev_growth_yoy_accel": -0.05452098652354053,
      "fcf_margin_change": 0.09755138379973138
    }
  ],
  "signals": [
    {
      "quarter": "2025-09 (Q3)",
      "signal": "FCF MARGIN EXPANSION",
      "detail": "FCF margin: +24.0% -> +33.8% (+9.8%)",
      "severity": "MEDIUM"
    },
    {
      "quarter": "2025-09 (Q3)",
      "signal": "YoY REVENUE GROWTH DECELERATION",
      "detail": "YoY growth: +0.8% vs prior quarter YoY: +6.2% (decel: -5.5%)",
      "severity": "WARNING"
    },
    {
      "quarter": "2025-03 (Q1)",
      "signal": "YoY REVENUE GROWTH DECELERATION",
      "detail": "YoY growth: +3.1% vs prior quarter YoY: +26.7% (decel: -23.5%)",
      "severity": "WARNING"
    },
    {
      "quarter": "2024-12 (Q4)",
      "signal": "YoY REVENUE GROWTH ACCELERATION",
      "detail": "YoY growth: +26.7% vs prior quarter YoY: +7.4% (accel: +19.3%)",
      "severity": "HIGH"
    },
    {
      "quarter": "2024-09 (Q3)",
      "signal": "FCF MARGIN EXPANSION",
      "detail": "FCF margin: +31.6% -> +40.6% (+8.9%)",
      "severity": "MEDIUM"
    },
    {
      "quarter": "2024-09 (Q3)",
      "signal": "YoY REVENUE GROWTH DECELERATION",
      "detail": "YoY growth: +7.4% vs prior quarter YoY: +15.8% (decel: -8.4%)",
      "severity": "WARNING"
    },
    {
      "quarter": "2024-06 (Q2)",
      "signal": "YoY REVENUE GROWTH DECELERATION",
      "detail": "YoY growth: +15.8% vs prior quarter YoY: +25.8% (decel: -10.0%)",
      "severity": "WARNING"
    },
    {
      "quarter": "2024-03 (Q1)",
      "signal": "YoY REVENUE GROWTH ACCELERATION",
      "detail": "YoY growth: +25.8% vs prior quarter YoY: +12.4% (accel: +13.3%)",
      "severity": "MEDIUM"
    },
    {
      "quarter": "2023-12 (Q4)",
      "signal": "YoY REVENUE GROWTH DECELERATION",
      "detail": "YoY growth: +12.4% vs prior quarter YoY: +29.9% (decel: -17.4%)",
      "severity": "WARNING"
    },
    {
      "quarter": "2023-06 (Q2)",
      "signal": "YoY REVENUE GROWTH ACCELERATION",
      "detail": "YoY growth: +28.8% vs prior quarter YoY: +13.5% (accel: +15.3%)",
      "severity": "HIGH"
    },
    {
      "quarter": "2023-03 (Q1)",
      "signal": "YoY REVENUE GROWTH ACCELERATION",
      "detail": "YoY growth: +13.5% vs prior quarter YoY: +4.3% (accel: +9.1%)",
      "severity": "MEDIUM"
    },
    {
      "quarter": "2022-09 (Q3)",
      "signal": "FCF MARGIN EXPANSION",
      "detail": "FCF margin: +25.3% -> +36.4% (+11.1%)",
      "severity": "MEDIUM"
    },
    {
      "quarter": "2022-09 (Q3)",
      "signal": "YoY REVENUE GROWTH ACCELERATION",
      "detail": "YoY growth: +5.0% vs prior quarter YoY: -7.9% (accel: +12.9%)",
      "severity": "MEDIUM"
    },
    {
      "quarter": "2022-06 (Q2)",
      "signal": "YoY REVENUE GROWTH DECELERATION",
      "detail": "YoY growth: -7.9% vs prior quarter YoY: +5.6% (decel: -13.4%)",
      "severity": "WARNING"
    },
    {
      "quarter": "2022-03 (Q1)",
      "signal": "YoY REVENUE GROWTH DECELERATION",
      "detail": "YoY growth: +5.6% vs prior quarter YoY: +13.0% (decel: -7.4%)",
      "severity": "WARNING"
    },
    {
      "quarter": "2021-09 (Q3)",
      "signal": "FCF MARGIN EXPANSION",
      "detail": "FCF margin: +23.5% -> +39.8% (+16.2%)",
      "severity": "MEDIUM"
    },
    {
      "quarter": "2021-03 (Q1)",
      "signal": "FCF MARGIN EXPANSION",
      "detail": "FCF margin: +24.7% -> +33.0% (+8.2%)",
      "severity": "MEDIUM"
    }
  ],
  "data_quality": {
    "n_quarters": 20,
    "coverage": {
      "revenue": [
        20,
        20
      ],
      "gross_profit": [
        0,
        20
      ],
      "op_income": [
        0,
        20
      ],
      "fcf": [
        20,
        20
      ]
    },
    "gaps": [],
    "warnings": [
      "gross_profit: no data",
      "op_income: no data"
    ]
  },
  "market_cap": null,
  "source": "SEC EDGAR",
  "last_updated": "2026-02-02T20:29:16.790076"
}