{
  "ticker": "EGHT",
  "name": "8x8, INC.",
  "quarters": [
    {
      "date": "2020-12-31T00:00:00",
      "quarter_label": "2020-12 (Q4)",
      "revenue": 136685000,
      "gross_profit": 76277000,
      "operating_income": -35255000,
      "net_income": -40225000,
      "opex": 171940000,
      "cogs": null,
      "rd": 23702000,
      "sga": null,
      "fcf": -2601000,
      "ocf": -1797000,
      "capex": -804000,
      "gross_margin": 0.5580495299411055,
      "op_margin": -0.2579288144273329,
      "fcf_margin": -0.019029154625599006
    },
    {
      "date": "2021-03-31T00:00:00",
      "quarter_label": "2021-03 (Q1)",
      "revenue": 144719000,
      "gross_profit": 83606000,
      "operating_income": -40036000,
      "net_income": -45034000,
      "opex": 184755000,
      "cogs": null,
      "rd": 25271000,
      "sga": null,
      "fcf": -656000,
      "ocf": 799000,
      "capex": -1455000,
      "gross_margin": 0.5777126707619594,
      "op_margin": -0.2766464666007919,
      "fcf_margin": -0.004532922422073121,
      "op_leverage_ratio": 0.788622715186047,
      "fcf_margin_change": 0.014496232203525885
    },
    {
      "date": "2021-06-30T00:00:00",
      "quarter_label": "2021-06 (Q2)",
      "revenue": 148327000,
      "gross_profit": 88571000,
      "operating_income": -38827000,
      "net_income": -43906000,
      "opex": 187154000,
      "cogs": null,
      "rd": 25392000,
      "sga": null,
      "fcf": 3154000,
      "ocf": 4032000,
      "capex": -878000,
      "gross_margin": 0.5971333607502343,
      "op_margin": -0.26176623271555416,
      "fcf_margin": 0.021263829242147418,
      "op_leverage_ratio": 1.9200251986226167,
      "fcf_margin_change": 0.02579675166422054
    },
    {
      "date": "2021-09-30T00:00:00",
      "quarter_label": "2021-09 (Q3)",
      "revenue": 151557000,
      "gross_profit": 92090000,
      "operating_income": -37157000,
      "net_income": -42324000,
      "opex": 188714000,
      "cogs": null,
      "rd": 28498000,
      "sga": null,
      "fcf": 3619000,
      "ocf": 5099000,
      "capex": -1480000,
      "gross_margin": 0.6076261736508376,
      "op_margin": -0.24516848446459089,
      "fcf_margin": 0.023878804674149,
      "op_leverage_ratio": 2.6125031613277176,
      "fcf_margin_change": 0.0026149754320015824
    },
    {
      "date": "2021-12-31T00:00:00",
      "quarter_label": "2021-12 (Q4)",
      "revenue": 156874000,
      "gross_profit": 97040000,
      "operating_income": -37618000,
      "net_income": -43571000,
      "opex": 194492000,
      "cogs": null,
      "rd": 27911000,
      "sga": null,
      "fcf": 8466000,
      "ocf": 9023000,
      "capex": -557000,
      "gross_margin": 0.6185856164820174,
      "op_margin": -0.23979754452618024,
      "fcf_margin": 0.05396687787651236,
      "incr_op_margin_yoy": -0.1170439348159889,
      "rev_growth_yoy": 0.14770457621538574,
      "op_leverage_ratio": 1.1458222277428574,
      "fcf_margin_change": 0.03008807320236336
    },
    {
      "date": "2022-03-31T00:00:00",
      "quarter_label": "2022-03 (Q1)",
      "revenue": 181372000,
      "gross_profit": 112871000,
      "operating_income": -40539000,
      "net_income": -45583000,
      "opex": 221911000,
      "cogs": null,
      "rd": 30586000,
      "sga": null,
      "fcf": 15304000,
      "ocf": 16526000,
      "capex": -1222000,
      "gross_margin": 0.6223176675561829,
      "op_margin": -0.22351300090421897,
      "fcf_margin": 0.0843790662285248,
      "incr_op_margin_yoy": -0.013723296865195208,
      "rev_growth_yoy": 0.2532701303906191,
      "rev_growth_yoy_accel": 0.10556555417523333,
      "op_leverage_ratio": 1.1077194735695088,
      "fcf_margin_change": 0.03041218835201244
    },
    {
      "date": "2022-06-30T00:00:00",
      "quarter_label": "2022-06 (Q2)",
      "revenue": 187620000,
      "gross_profit": null,
      "operating_income": -26754000,
      "net_income": -26043000,
      "opex": 214374000,
      "cogs": null,
      "rd": 34955000,
      "sga": null,
      "fcf": 4870000,
      "ocf": 5841000,
      "capex": -971000,
      "gross_margin": null,
      "op_margin": -0.1425967380876239,
      "fcf_margin": 0.025956721031872933,
      "incr_op_margin_yoy": 0.3072557452981447,
      "rev_growth_yoy": 0.26490793988956834,
      "rev_growth_yoy_accel": 0.01163780949894927,
      "op_leverage_ratio": Infinity,
      "fcf_margin_change": -0.05842234519665186
    },
    {
      "date": "2022-09-30T00:00:00",
      "quarter_label": "2022-09 (Q3)",
      "revenue": 187389000,
      "gross_profit": null,
      "operating_income": -24990000,
      "net_income": -11639000,
      "opex": 212379000,
      "cogs": null,
      "rd": 36019000,
      "sga": null,
      "fcf": 12967000,
      "ocf": 13841000,
      "capex": -874000,
      "gross_margin": null,
      "op_margin": -0.13335894849751054,
      "fcf_margin": 0.06919829872617923,
      "incr_op_margin_yoy": 0.33955682071891047,
      "rev_growth_yoy": 0.23642589916665016,
      "rev_growth_yoy_accel": -0.028482040722918184,
      "fcf_margin_change": 0.043241577694306296
    },
    {
      "date": "2022-12-31T00:00:00",
      "quarter_label": "2022-12 (Q4)",
      "revenue": 184400000,
      "gross_profit": null,
      "operating_income": -18081000,
      "net_income": -26030000,
      "opex": 202481000,
      "cogs": null,
      "rd": 38791000,
      "sga": null,
      "fcf": 14642000,
      "ocf": 15482000,
      "capex": -840000,
      "gross_margin": null,
      "op_margin": -0.0980531453362256,
      "fcf_margin": 0.07940347071583514,
      "incr_op_margin_yoy": 0.7097653127951755,
      "rev_growth_yoy": 0.17546566033887068,
      "rev_growth_yoy_accel": -0.060960238827779484,
      "fcf_margin_change": 0.010205171989655912
    },
    {
      "date": "2023-03-31T00:00:00",
      "quarter_label": "2023-03 (Q1)",
      "revenue": 184529000,
      "gross_profit": null,
      "operating_income": 3533000,
      "net_income": -9431000,
      "opex": 180996000,
      "cogs": null,
      "rd": 36455000,
      "sga": null,
      "fcf": 13316000,
      "ocf": 13622000,
      "capex": -306000,
      "gross_margin": null,
      "op_margin": 0.019146042085525852,
      "fcf_margin": 0.07216209918224235,
      "incr_op_margin_yoy": 13.96008869179601,
      "rev_growth_yoy": 0.017406214851244956,
      "rev_growth_yoy_accel": -0.1580594454876257,
      "fcf_margin_change": -0.007241371533592791
    },
    {
      "date": "2023-06-30T00:00:00",
      "quarter_label": "2023-06 (Q2)",
      "revenue": 183287000,
      "gross_profit": 128613000,
      "operating_income": -1410000,
      "net_income": -15327000,
      "opex": 184697000,
      "cogs": 54674000,
      "rd": 35292000,
      "sga": null,
      "fcf": 26287000,
      "ocf": 26473000,
      "capex": -186000,
      "gross_margin": 0.7017027939788419,
      "op_margin": -0.007692853284739234,
      "fcf_margin": 0.14341988247939025,
      "incr_op_margin_yoy": -5.8490653127163625,
      "rev_growth_yoy": -0.023094552819528835,
      "rev_growth_yoy_accel": -0.04050076767077379,
      "fcf_margin_change": 0.0712577832971479
    },
    {
      "date": "2023-09-30T00:00:00",
      "quarter_label": "2023-09 (Q3)",
      "revenue": 184999000,
      "gross_profit": 127897000,
      "operating_income": -2583000,
      "net_income": -7452000,
      "opex": 187582000,
      "cogs": 57102000,
      "rd": 34207000,
      "sga": null,
      "fcf": 16091000,
      "ocf": 17463000,
      "capex": -1372000,
      "gross_margin": 0.6913388721020114,
      "op_margin": -0.013962237633716939,
      "fcf_margin": 0.08697884853431641,
      "incr_op_margin_yoy": -9.37531380753138,
      "rev_growth_yoy": -0.012754217163227298,
      "rev_growth_yoy_accel": 0.010340335656301537,
      "fcf_margin_change": -0.05644103394507384
    },
    {
      "date": "2023-12-31T00:00:00",
      "quarter_label": "2023-12 (Q4)",
      "revenue": 181006000,
      "gross_profit": 124846000,
      "operating_income": -9391000,
      "net_income": -21222000,
      "opex": 190397000,
      "cogs": 56160000,
      "rd": 32787000,
      "sga": null,
      "fcf": 21613000,
      "ocf": 22396000,
      "capex": -783000,
      "gross_margin": 0.6897340419654597,
      "op_margin": -0.051882258046694586,
      "fcf_margin": 0.1194048816061346,
      "incr_op_margin_yoy": -2.56040070713023,
      "rev_growth_yoy": -0.018405639913232102,
      "rev_growth_yoy_accel": -0.0056514227500048045,
      "fcf_margin_change": 0.0324260330718182
    },
    {
      "date": "2024-03-31T00:00:00",
      "quarter_label": "2024-03 (Q1)",
      "revenue": 179413000,
      "gross_profit": 122444000,
      "operating_income": -14219000,
      "net_income": -23591000,
      "opex": -31273000,
      "cogs": 56969000,
      "rd": 33930000,
      "sga": null,
      "fcf": 12344000,
      "ocf": 12653000,
      "capex": -309000,
      "gross_margin": 0.6824700551242107,
      "op_margin": -0.07925289694726692,
      "fcf_margin": 0.06880214923110366,
      "incr_op_margin_yoy": 3.4698983580922595,
      "rev_growth_yoy": -0.02772463948756022,
      "rev_growth_yoy_accel": -0.009318999574328118,
      "fcf_margin_change": -0.05060273237503095
    },
    {
      "date": "2024-06-30T00:00:00",
      "quarter_label": "2024-06 (Q2)",
      "revenue": 178147000,
      "gross_profit": 120960000,
      "operating_income": -1374000,
      "net_income": -10290000,
      "opex": 122334000,
      "cogs": 57187000,
      "rd": 32137000,
      "sga": null,
      "fcf": 17766000,
      "ocf": 18148000,
      "capex": -382000,
      "gross_margin": 0.6789898230113334,
      "op_margin": -0.007712731620515642,
      "fcf_margin": 0.09972663025478959,
      "incr_op_margin_yoy": -0.007003891050583658,
      "rev_growth_yoy": -0.028043450981247987,
      "rev_growth_yoy_accel": -0.00031881149368776646,
      "fcf_margin_change": 0.030924481023685932
    },
    {
      "date": "2024-09-30T00:00:00",
      "quarter_label": "2024-09 (Q3)",
      "revenue": 180998000,
      "gross_profit": 123175000,
      "operating_income": 7169000,
      "net_income": -14543000,
      "opex": 116006000,
      "cogs": 57823000,
      "rd": 31291000,
      "sga": null,
      "fcf": 11110000,
      "ocf": 12317000,
      "capex": -1207000,
      "gross_margin": 0.680532381573277,
      "op_margin": 0.0396081724659941,
      "fcf_margin": 0.06138189372258257,
      "incr_op_margin_yoy": -2.4373906523369158,
      "rev_growth_yoy": -0.02162714393050773,
      "rev_growth_yoy_accel": 0.006416307050740255,
      "op_leverage_ratio": Infinity,
      "fcf_margin_change": -0.03834473653220702
    },
    {
      "date": "2024-12-31T00:00:00",
      "quarter_label": "2024-12 (Q4)",
      "revenue": 178882000,
      "gross_profit": 121085000,
      "operating_income": 8979000,
      "net_income": 3022000,
      "opex": 112106000,
      "cogs": 57797000,
      "rd": 29833000,
      "sga": null,
      "fcf": 26760000,
      "ocf": 27216000,
      "capex": -456000,
      "gross_margin": 0.6768987377153655,
      "op_margin": 0.050195100680895784,
      "fcf_margin": 0.14959582294473453,
      "incr_op_margin_yoy": -8.648775894538607,
      "rev_growth_yoy": -0.011734417643614024,
      "rev_growth_yoy_accel": 0.009892726286893708,
      "fcf_margin_change": 0.08821392922215196
    },
    {
      "date": "2025-03-31T00:00:00",
      "quarter_label": "2025-03 (Q1)",
      "revenue": 177043000,
      "gross_profit": 120052000,
      "operating_income": 419000,
      "net_income": -5401000,
      "opex": 119633000,
      "cogs": 56991000,
      "rd": 29950000,
      "sga": null,
      "fcf": 5517000,
      "ocf": 5873000,
      "capex": -356000,
      "gross_margin": 0.6780951520252142,
      "op_margin": 0.002366656687923273,
      "fcf_margin": 0.0311619211152093,
      "incr_op_margin_yoy": -6.176371308016877,
      "rev_growth_yoy": -0.013209745113230368,
      "rev_growth_yoy_accel": -0.0014753274696163443,
      "fcf_margin_change": -0.11843390182952523
    },
    {
      "date": "2025-06-30T00:00:00",
      "quarter_label": "2025-06 (Q2)",
      "revenue": 181361000,
      "gross_profit": 120440000,
      "operating_income": 565000,
      "net_income": -4315000,
      "opex": 119875000,
      "cogs": 60921000,
      "rd": 28364000,
      "sga": null,
      "fcf": 11496000,
      "ocf": 11873000,
      "capex": -377000,
      "gross_margin": 0.6640898539377265,
      "op_margin": 0.0031153335061010912,
      "fcf_margin": 0.06338738758608521,
      "incr_op_margin_yoy": 0.603298070939639,
      "rev_growth_yoy": 0.01804128051552931,
      "rev_growth_yoy_accel": 0.03125102562875968,
      "op_leverage_ratio": 12.057006788704225,
      "fcf_margin_change": 0.032225466470875916
    },
    {
      "date": "2025-09-30T00:00:00",
      "quarter_label": "2025-09 (Q3)",
      "revenue": 184095000,
      "gross_profit": 119340000,
      "operating_income": 5349000,
      "net_income": 767000,
      "opex": 113991000,
      "cogs": 64755000,
      "rd": 27918000,
      "sga": null,
      "fcf": 7693000,
      "ocf": 8835000,
      "capex": -1142000,
      "gross_margin": 0.6482522610608653,
      "op_margin": 0.029055650615171513,
      "fcf_margin": 0.04178820717564301,
      "incr_op_margin_yoy": -0.5876654827252179,
      "rev_growth_yoy": 0.01711068630592603,
      "rev_growth_yoy_accel": -0.000930594209603279,
      "op_leverage_ratio": Infinity,
      "fcf_margin_change": -0.021599180410442204
    }
  ],
  "signals": [
    {
      "quarter": "2025-06 (Q2)",
      "signal": "OPERATING LEVERAGE",
      "detail": "Rev growth +2.4% vs OpEx growth +0.2% (leverage: 12.1x)",
      "severity": "MEDIUM"
    },
    {
      "quarter": "2025-06 (Q2)",
      "signal": "OP MARGIN TURNED POSITIVE (YoY)",
      "detail": "Op margin: -0.8% (year-ago) -> +0.3%",
      "severity": "HIGH"
    },
    {
      "quarter": "2025-03 (Q1)",
      "signal": "OP MARGIN TURNED POSITIVE (YoY)",
      "detail": "Op margin: -7.9% (year-ago) -> +0.2%",
      "severity": "HIGH"
    },
    {
      "quarter": "2024-12 (Q4)",
      "signal": "FCF MARGIN EXPANSION",
      "detail": "FCF margin: +6.1% -> +15.0% (+8.8%)",
      "severity": "MEDIUM"
    },
    {
      "quarter": "2024-12 (Q4)",
      "signal": "OP MARGIN TURNED POSITIVE (YoY)",
      "detail": "Op margin: -5.2% (year-ago) -> +5.0%",
      "severity": "HIGH"
    },
    {
      "quarter": "2024-09 (Q3)",
      "signal": "OP MARGIN TURNED POSITIVE (YoY)",
      "detail": "Op margin: -1.4% (year-ago) -> +4.0%",
      "severity": "HIGH"
    },
    {
      "quarter": "2024-09 (Q3)",
      "signal": "OP MARGIN TURNED POSITIVE (QoQ)",
      "detail": "Op margin: -0.8% -> +4.0%",
      "severity": "HIGH"
    },
    {
      "quarter": "2023-06 (Q2)",
      "signal": "FCF MARGIN EXPANSION",
      "detail": "FCF margin: +7.2% -> +14.3% (+7.1%)",
      "severity": "MEDIUM"
    },
    {
      "quarter": "2023-03 (Q1)",
      "signal": "YoY REVENUE GROWTH DECELERATION",
      "detail": "YoY growth: +1.7% vs prior quarter YoY: +17.5% (decel: -15.8%)",
      "severity": "WARNING"
    },
    {
      "quarter": "2023-03 (Q1)",
      "signal": "OP MARGIN TURNED POSITIVE (YoY)",
      "detail": "Op margin: -22.4% (year-ago) -> +1.9%",
      "severity": "HIGH"
    },
    {
      "quarter": "2023-03 (Q1)",
      "signal": "OP MARGIN TURNED POSITIVE (QoQ)",
      "detail": "Op margin: -9.8% -> +1.9%",
      "severity": "HIGH"
    },
    {
      "quarter": "2022-12 (Q4)",
      "signal": "YoY REVENUE GROWTH DECELERATION",
      "detail": "YoY growth: +17.5% vs prior quarter YoY: +23.6% (decel: -6.1%)",
      "severity": "WARNING"
    },
    {
      "quarter": "2022-03 (Q1)",
      "signal": "YoY REVENUE GROWTH ACCELERATION",
      "detail": "YoY growth: +25.3% vs prior quarter YoY: +14.8% (accel: +10.6%)",
      "severity": "MEDIUM"
    },
    {
      "quarter": "2021-09 (Q3)",
      "signal": "OPERATING LEVERAGE",
      "detail": "Rev growth +2.2% vs OpEx growth +0.8% (leverage: 2.6x)",
      "severity": "MEDIUM"
    },
    {
      "quarter": "2021-06 (Q2)",
      "signal": "FCF TURNED POSITIVE",
      "detail": "FCF margin: -0.5% -> +2.1%",
      "severity": "HIGH"
    },
    {
      "quarter": "2021-06 (Q2)",
      "signal": "OPERATING LEVERAGE",
      "detail": "Rev growth +2.5% vs OpEx growth +1.3% (leverage: 1.9x)",
      "severity": "MEDIUM"
    }
  ],
  "data_quality": {
    "n_quarters": 20,
    "coverage": {
      "revenue": [
        20,
        20
      ],
      "gross_profit": [
        16,
        20
      ],
      "op_income": [
        20,
        20
      ],
      "fcf": [
        20,
        20
      ]
    },
    "gaps": [],
    "warnings": []
  },
  "market_cap": null,
  "source": "SEC EDGAR",
  "last_updated": "2026-02-02T22:55:28.649863",
  "sector": "Technology",
  "industry": "Software - Application"
}