{
  "ticker": "EGP",
  "name": "EASTGROUP PROPERTIES, INC.",
  "quarters": [
    {
      "date": "2020-12-31T00:00:00",
      "quarter_label": "2020-12 (Q4)",
      "revenue": 92668000,
      "gross_profit": null,
      "operating_income": null,
      "net_income": null,
      "opex": 60072000,
      "cogs": null,
      "rd": null,
      "sga": null,
      "fcf": 16678000,
      "ocf": 16678000,
      "capex": null,
      "gross_margin": null,
      "op_margin": null,
      "fcf_margin": 0.17997582768593257
    },
    {
      "date": "2021-03-31T00:00:00",
      "quarter_label": "2021-03 (Q1)",
      "revenue": 97931000,
      "gross_profit": null,
      "operating_income": null,
      "net_income": null,
      "opex": 62499000,
      "cogs": null,
      "rd": null,
      "sga": null,
      "fcf": 78822000,
      "ocf": 78822000,
      "capex": null,
      "gross_margin": null,
      "op_margin": null,
      "fcf_margin": 0.8048728186171896,
      "op_leverage_ratio": 1.405742888084651,
      "fcf_margin_change": 0.6248969909312571
    },
    {
      "date": "2021-06-30T00:00:00",
      "quarter_label": "2021-06 (Q2)",
      "revenue": 99575000,
      "gross_profit": null,
      "operating_income": null,
      "net_income": null,
      "opex": 64026000,
      "cogs": null,
      "rd": null,
      "sga": null,
      "fcf": 62588000,
      "ocf": 62588000,
      "capex": null,
      "gross_margin": null,
      "op_margin": null,
      "fcf_margin": 0.6285513432086367,
      "op_leverage_ratio": 0.6870932079819881,
      "fcf_margin_change": -0.17632147540855292
    },
    {
      "date": "2021-09-30T00:00:00",
      "quarter_label": "2021-09 (Q3)",
      "revenue": 104597000,
      "gross_profit": null,
      "operating_income": null,
      "net_income": null,
      "opex": 65599000,
      "cogs": null,
      "rd": null,
      "sga": null,
      "fcf": 99756000,
      "ocf": 99756000,
      "capex": null,
      "gross_margin": null,
      "op_margin": null,
      "fcf_margin": 0.9537176018432652,
      "op_leverage_ratio": 2.052834987348488,
      "fcf_margin_change": 0.32516625863462845
    },
    {
      "date": "2021-12-31T00:00:00",
      "quarter_label": "2021-12 (Q4)",
      "revenue": 107372000,
      "gross_profit": null,
      "operating_income": null,
      "net_income": null,
      "opex": 66457000,
      "cogs": null,
      "rd": null,
      "sga": null,
      "fcf": 15326000,
      "ocf": 15326000,
      "capex": null,
      "gross_margin": null,
      "op_margin": null,
      "fcf_margin": 0.1427373989494468,
      "rev_growth_yoy": 0.15867397591401564,
      "op_leverage_ratio": 2.0284004120777643,
      "fcf_margin_change": -0.8109802028938183
    },
    {
      "date": "2022-03-31T00:00:00",
      "quarter_label": "2022-03 (Q1)",
      "revenue": 112974000,
      "gross_profit": null,
      "operating_income": null,
      "net_income": null,
      "opex": 71890000,
      "cogs": null,
      "rd": null,
      "sga": null,
      "fcf": 82264000,
      "ocf": 82264000,
      "capex": null,
      "gross_margin": null,
      "op_margin": null,
      "fcf_margin": 0.7281675429744897,
      "rev_growth_yoy": 0.153608152678927,
      "rev_growth_yoy_accel": -0.00506582323508864,
      "op_leverage_ratio": 0.6381945471982857,
      "fcf_margin_change": 0.5854301440250429
    },
    {
      "date": "2022-06-30T00:00:00",
      "quarter_label": "2022-06 (Q2)",
      "revenue": 118553000,
      "gross_profit": null,
      "operating_income": null,
      "net_income": null,
      "opex": 74349000,
      "cogs": null,
      "rd": null,
      "sga": null,
      "fcf": 93888000,
      "ocf": 93888000,
      "capex": null,
      "gross_margin": null,
      "op_margin": null,
      "fcf_margin": 0.7919495921655293,
      "rev_growth_yoy": 0.19059000753201105,
      "rev_growth_yoy_accel": 0.036981854853084056,
      "op_leverage_ratio": 1.4437360817320857,
      "fcf_margin_change": 0.06378204919103958
    },
    {
      "date": "2022-09-30T00:00:00",
      "quarter_label": "2022-09 (Q3)",
      "revenue": 125658000,
      "gross_profit": null,
      "operating_income": null,
      "net_income": null,
      "opex": 78396000,
      "cogs": null,
      "rd": null,
      "sga": null,
      "fcf": 100399000,
      "ocf": 100399000,
      "capex": null,
      "gross_margin": null,
      "op_margin": null,
      "fcf_margin": 0.7989861369749638,
      "rev_growth_yoy": 0.20135376731646223,
      "rev_growth_yoy_accel": 0.010763759784451182,
      "op_leverage_ratio": 1.1010155714011725,
      "fcf_margin_change": 0.007036544809434497
    },
    {
      "date": "2022-12-31T00:00:00",
      "quarter_label": "2022-12 (Q4)",
      "revenue": 129840000,
      "gross_profit": null,
      "operating_income": null,
      "net_income": null,
      "opex": 79826000,
      "cogs": null,
      "rd": null,
      "sga": null,
      "fcf": 39950000,
      "ocf": 39950000,
      "capex": null,
      "gross_margin": null,
      "op_margin": null,
      "fcf_margin": 0.3076863832409119,
      "rev_growth_yoy": 0.2092538091867526,
      "rev_growth_yoy_accel": 0.007900041870290364,
      "op_leverage_ratio": 1.8245331233728312,
      "fcf_margin_change": -0.4912997537340519
    },
    {
      "date": "2023-03-31T00:00:00",
      "quarter_label": "2023-03 (Q1)",
      "revenue": 135025000,
      "gross_profit": null,
      "operating_income": null,
      "net_income": null,
      "opex": 82544000,
      "cogs": null,
      "rd": null,
      "sga": null,
      "fcf": 93461000,
      "ocf": 93461000,
      "capex": null,
      "gross_margin": null,
      "op_margin": null,
      "fcf_margin": 0.6921755230512868,
      "rev_growth_yoy": 0.19518650308920638,
      "rev_growth_yoy_accel": -0.014067306097546223,
      "op_leverage_ratio": 1.1728302780078679,
      "fcf_margin_change": 0.3844891398103749
    },
    {
      "date": "2023-06-30T00:00:00",
      "quarter_label": "2023-06 (Q2)",
      "revenue": 139887000,
      "gross_profit": null,
      "operating_income": null,
      "net_income": null,
      "opex": 84595000,
      "cogs": null,
      "rd": null,
      "sga": null,
      "fcf": 85318000,
      "ocf": 85318000,
      "capex": null,
      "gross_margin": null,
      "op_margin": null,
      "fcf_margin": 0.6099065674437224,
      "rev_growth_yoy": 0.17995326984555432,
      "rev_growth_yoy_accel": -0.015233233243652056,
      "op_leverage_ratio": 1.4491742838672903,
      "fcf_margin_change": -0.08226895560756442
    },
    {
      "date": "2023-09-30T00:00:00",
      "quarter_label": "2023-09 (Q3)",
      "revenue": 146530000,
      "gross_profit": null,
      "operating_income": null,
      "net_income": null,
      "opex": 86806000,
      "cogs": null,
      "rd": null,
      "sga": null,
      "fcf": 121320000,
      "ocf": 121320000,
      "capex": null,
      "gross_margin": null,
      "op_margin": null,
      "fcf_margin": 0.8279533201392206,
      "rev_growth_yoy": 0.16610164096197616,
      "rev_growth_yoy_accel": -0.01385162888357816,
      "op_leverage_ratio": 1.8169494640594075,
      "fcf_margin_change": 0.21804675269549822
    },
    {
      "date": "2023-12-31T00:00:00",
      "quarter_label": "2023-12 (Q4)",
      "revenue": 149149000,
      "gross_profit": null,
      "operating_income": null,
      "net_income": null,
      "opex": 88502000,
      "cogs": null,
      "rd": null,
      "sga": null,
      "fcf": 38103000,
      "ocf": 38103000,
      "capex": null,
      "gross_margin": null,
      "op_margin": null,
      "fcf_margin": 0.2554693628519132,
      "rev_growth_yoy": 0.14871380160197165,
      "rev_growth_yoy_accel": -0.017387839360004514,
      "op_leverage_ratio": 0.914814090810176,
      "fcf_margin_change": -0.5724839572873075
    },
    {
      "date": "2024-03-31T00:00:00",
      "quarter_label": "2024-03 (Q1)",
      "revenue": 154224000,
      "gross_profit": null,
      "operating_income": null,
      "net_income": null,
      "opex": 95030000,
      "cogs": null,
      "rd": null,
      "sga": null,
      "fcf": 116900000,
      "ocf": 116900000,
      "capex": null,
      "gross_margin": null,
      "op_margin": null,
      "fcf_margin": 0.7579883805374001,
      "rev_growth_yoy": 0.14218848361414552,
      "rev_growth_yoy_accel": -0.006525317987826129,
      "op_leverage_ratio": 0.4613055079707764,
      "fcf_margin_change": 0.502519017685487
    },
    {
      "date": "2024-06-30T00:00:00",
      "quarter_label": "2024-06 (Q2)",
      "revenue": 159090000,
      "gross_profit": null,
      "operating_income": null,
      "net_income": null,
      "opex": 94475000,
      "cogs": null,
      "rd": null,
      "sga": null,
      "fcf": 122861000,
      "ocf": 122861000,
      "capex": null,
      "gross_margin": null,
      "op_margin": null,
      "fcf_margin": 0.7722735558488906,
      "rev_growth_yoy": 0.1372750863196723,
      "rev_growth_yoy_accel": -0.00491339729447321,
      "op_leverage_ratio": Infinity,
      "fcf_margin_change": 0.014285175311490428
    },
    {
      "date": "2024-09-30T00:00:00",
      "quarter_label": "2024-09 (Q3)",
      "revenue": 162876000,
      "gross_profit": null,
      "operating_income": null,
      "net_income": null,
      "opex": 98393000,
      "cogs": null,
      "rd": null,
      "sga": null,
      "fcf": 122932000,
      "ocf": 122932000,
      "capex": null,
      "gross_margin": null,
      "op_margin": null,
      "fcf_margin": 0.7547582209779219,
      "rev_growth_yoy": 0.11155394799699721,
      "rev_growth_yoy_accel": -0.0257211383226751,
      "op_leverage_ratio": 0.5738391793216723,
      "fcf_margin_change": -0.01751533487096868
    },
    {
      "date": "2024-12-31T00:00:00",
      "quarter_label": "2024-12 (Q4)",
      "revenue": 164044000,
      "gross_profit": null,
      "operating_income": null,
      "net_income": null,
      "opex": 97129000,
      "cogs": null,
      "rd": null,
      "sga": null,
      "fcf": 53894000,
      "ocf": 53894000,
      "capex": null,
      "gross_margin": null,
      "op_margin": null,
      "fcf_margin": 0.32853380800273096,
      "rev_growth_yoy": 0.09986657637664349,
      "rev_growth_yoy_accel": -0.011687371620353715,
      "fcf_margin_change": -0.4262244129751909
    },
    {
      "date": "2025-03-31T00:00:00",
      "quarter_label": "2025-03 (Q1)",
      "revenue": 174449000,
      "gross_profit": null,
      "operating_income": null,
      "net_income": null,
      "opex": 107497000,
      "cogs": null,
      "rd": null,
      "sga": null,
      "fcf": 133708000,
      "ocf": 133708000,
      "capex": null,
      "gross_margin": null,
      "op_margin": null,
      "fcf_margin": 0.7664589650843513,
      "rev_growth_yoy": 0.13114041913061522,
      "rev_growth_yoy_accel": 0.03127384275397173,
      "op_leverage_ratio": 0.5942041258700618,
      "fcf_margin_change": 0.43792515708162033
    },
    {
      "date": "2025-06-30T00:00:00",
      "quarter_label": "2025-06 (Q2)",
      "revenue": 177286000,
      "gross_profit": null,
      "operating_income": null,
      "net_income": null,
      "opex": 106836000,
      "cogs": null,
      "rd": null,
      "sga": null,
      "fcf": 143373000,
      "ocf": 143373000,
      "capex": null,
      "gross_margin": null,
      "op_margin": null,
      "fcf_margin": 0.8087102196450933,
      "rev_growth_yoy": 0.1143755107172041,
      "rev_growth_yoy_accel": -0.01676490841341112,
      "op_leverage_ratio": Infinity,
      "fcf_margin_change": 0.04225125456074197
    },
    {
      "date": "2025-09-30T00:00:00",
      "quarter_label": "2025-09 (Q3)",
      "revenue": 182136000,
      "gross_profit": null,
      "operating_income": null,
      "net_income": null,
      "opex": 107941000,
      "cogs": null,
      "rd": null,
      "sga": null,
      "fcf": 138905000,
      "ocf": 138905000,
      "capex": null,
      "gross_margin": null,
      "op_margin": null,
      "fcf_margin": 0.7626443975930074,
      "rev_growth_yoy": 0.11824946585132248,
      "rev_growth_yoy_accel": 0.0038739551341183814,
      "op_leverage_ratio": 2.6449814990763447,
      "fcf_margin_change": -0.04606582205208587
    }
  ],
  "signals": [
    {
      "quarter": "2025-09 (Q3)",
      "signal": "OPERATING LEVERAGE",
      "detail": "Rev growth +2.7% vs OpEx growth +1.0% (leverage: 2.6x)",
      "severity": "MEDIUM"
    },
    {
      "quarter": "2025-03 (Q1)",
      "signal": "FCF MARGIN EXPANSION",
      "detail": "FCF margin: +32.9% -> +76.6% (+43.8%)",
      "severity": "MEDIUM"
    },
    {
      "quarter": "2024-03 (Q1)",
      "signal": "FCF MARGIN EXPANSION",
      "detail": "FCF margin: +25.5% -> +75.8% (+50.3%)",
      "severity": "MEDIUM"
    },
    {
      "quarter": "2023-09 (Q3)",
      "signal": "FCF MARGIN EXPANSION",
      "detail": "FCF margin: +61.0% -> +82.8% (+21.8%)",
      "severity": "MEDIUM"
    },
    {
      "quarter": "2023-09 (Q3)",
      "signal": "OPERATING LEVERAGE",
      "detail": "Rev growth +4.7% vs OpEx growth +2.6% (leverage: 1.8x)",
      "severity": "MEDIUM"
    },
    {
      "quarter": "2023-03 (Q1)",
      "signal": "FCF MARGIN EXPANSION",
      "detail": "FCF margin: +30.8% -> +69.2% (+38.4%)",
      "severity": "MEDIUM"
    },
    {
      "quarter": "2022-12 (Q4)",
      "signal": "OPERATING LEVERAGE",
      "detail": "Rev growth +3.3% vs OpEx growth +1.8% (leverage: 1.8x)",
      "severity": "MEDIUM"
    },
    {
      "quarter": "2022-06 (Q2)",
      "signal": "FCF MARGIN EXPANSION",
      "detail": "FCF margin: +72.8% -> +79.2% (+6.4%)",
      "severity": "MEDIUM"
    },
    {
      "quarter": "2022-03 (Q1)",
      "signal": "FCF MARGIN EXPANSION",
      "detail": "FCF margin: +14.3% -> +72.8% (+58.5%)",
      "severity": "MEDIUM"
    },
    {
      "quarter": "2021-12 (Q4)",
      "signal": "OPERATING LEVERAGE",
      "detail": "Rev growth +2.7% vs OpEx growth +1.3% (leverage: 2.0x)",
      "severity": "MEDIUM"
    },
    {
      "quarter": "2021-09 (Q3)",
      "signal": "FCF MARGIN EXPANSION",
      "detail": "FCF margin: +62.9% -> +95.4% (+32.5%)",
      "severity": "MEDIUM"
    },
    {
      "quarter": "2021-09 (Q3)",
      "signal": "OPERATING LEVERAGE",
      "detail": "Rev growth +5.0% vs OpEx growth +2.5% (leverage: 2.1x)",
      "severity": "MEDIUM"
    },
    {
      "quarter": "2021-03 (Q1)",
      "signal": "FCF MARGIN EXPANSION",
      "detail": "FCF margin: +18.0% -> +80.5% (+62.5%)",
      "severity": "MEDIUM"
    }
  ],
  "data_quality": {
    "n_quarters": 20,
    "coverage": {
      "revenue": [
        20,
        20
      ],
      "gross_profit": [
        0,
        20
      ],
      "op_income": [
        0,
        20
      ],
      "fcf": [
        20,
        20
      ]
    },
    "gaps": [],
    "warnings": [
      "gross_profit: no data",
      "op_income: no data"
    ]
  },
  "market_cap": null,
  "source": "SEC EDGAR",
  "last_updated": "2026-02-02T20:40:08.381868",
  "sector": "Real Estate",
  "industry": "REIT - Industrial"
}