{
  "ticker": "EGY",
  "name": "VAALCO ENERGY INC /DE/",
  "quarters": [
    {
      "date": "2020-12-31T00:00:00",
      "quarter_label": "2020-12 (Q4)",
      "revenue": 12557000,
      "gross_profit": null,
      "operating_income": -4292000,
      "net_income": -3595000,
      "opex": 16063000,
      "cogs": null,
      "rd": null,
      "sga": null,
      "fcf": 8389000,
      "ocf": 8389000,
      "capex": null,
      "gross_margin": null,
      "op_margin": -0.3418013856812933,
      "fcf_margin": 0.6680735844548857
    },
    {
      "date": "2021-03-31T00:00:00",
      "quarter_label": "2021-03 (Q1)",
      "revenue": 39774000,
      "gross_profit": null,
      "operating_income": 14343000,
      "net_income": 9869000,
      "opex": 25071000,
      "cogs": null,
      "rd": null,
      "sga": null,
      "fcf": 1742000,
      "ocf": 1742000,
      "capex": null,
      "gross_margin": null,
      "op_margin": 0.36061246040126715,
      "fcf_margin": 0.043797455624277164,
      "op_leverage_ratio": 3.8650279680253075,
      "fcf_margin_change": -0.6242761288306086
    },
    {
      "date": "2021-06-30T00:00:00",
      "quarter_label": "2021-06 (Q2)",
      "revenue": 47023000,
      "gross_profit": null,
      "operating_income": 18874000,
      "net_income": 5884000,
      "opex": 28023000,
      "cogs": null,
      "rd": null,
      "sga": null,
      "fcf": 11418000,
      "ocf": 11418000,
      "capex": null,
      "gross_margin": null,
      "op_margin": 0.4013780490398316,
      "fcf_margin": 0.24281734470365565,
      "op_leverage_ratio": 1.5478687562369666,
      "fcf_margin_change": 0.19901988907937848
    },
    {
      "date": "2021-09-30T00:00:00",
      "quarter_label": "2021-09 (Q3)",
      "revenue": 55899000,
      "gross_profit": null,
      "operating_income": 20030000,
      "net_income": 31721000,
      "opex": 35915000,
      "cogs": null,
      "rd": null,
      "sga": null,
      "fcf": 33561000,
      "ocf": 33561000,
      "capex": null,
      "gross_margin": null,
      "op_margin": 0.3583248358646845,
      "fcf_margin": 0.600386411205925,
      "op_leverage_ratio": 0.6702464320147696,
      "fcf_margin_change": 0.3575690665022693
    },
    {
      "date": "2021-12-31T00:00:00",
      "quarter_label": "2021-12 (Q4)",
      "revenue": 56379000,
      "gross_profit": null,
      "operating_income": 25853000,
      "net_income": 34362000,
      "opex": 30526000,
      "cogs": null,
      "rd": null,
      "sga": null,
      "fcf": 3396000,
      "ocf": 3396000,
      "capex": null,
      "gross_margin": null,
      "op_margin": 0.45855726422958903,
      "fcf_margin": 0.06023519395519608,
      "incr_op_margin_yoy": 0.6878964903473141,
      "rev_growth_yoy": 3.4898463008680416,
      "fcf_margin_change": -0.5401512172507289
    },
    {
      "date": "2022-03-31T00:00:00",
      "quarter_label": "2022-03 (Q1)",
      "revenue": 68656000,
      "gross_profit": null,
      "operating_income": 40005000,
      "net_income": 12164000,
      "opex": 28646000,
      "cogs": null,
      "rd": null,
      "sga": null,
      "fcf": -758000,
      "ocf": -758000,
      "capex": null,
      "gross_margin": null,
      "op_margin": 0.5826876019575856,
      "fcf_margin": -0.011040549988347704,
      "incr_op_margin_yoy": 0.8885118759088706,
      "rev_growth_yoy": 0.7261527631115804,
      "rev_growth_yoy_accel": -2.763693537756461,
      "op_leverage_ratio": Infinity,
      "fcf_margin_change": -0.07127574394354379
    },
    {
      "date": "2022-06-30T00:00:00",
      "quarter_label": "2022-06 (Q2)",
      "revenue": 110985000,
      "gross_profit": null,
      "operating_income": 73147000,
      "net_income": 15104000,
      "opex": 37838000,
      "cogs": null,
      "rd": null,
      "sga": null,
      "fcf": 69765000,
      "ocf": 69765000,
      "capex": null,
      "gross_margin": null,
      "op_margin": 0.6590710456367977,
      "fcf_margin": 0.6285984592512501,
      "incr_op_margin_yoy": 0.8485194334135893,
      "rev_growth_yoy": 1.360227973544861,
      "rev_growth_yoy_accel": 0.6340752104332806,
      "op_leverage_ratio": 1.9213809626996736,
      "fcf_margin_change": 0.6396390092395978
    },
    {
      "date": "2022-09-30T00:00:00",
      "quarter_label": "2022-09 (Q3)",
      "revenue": 78097000,
      "gross_profit": null,
      "operating_income": 33900000,
      "net_income": 6868000,
      "opex": 44197000,
      "cogs": null,
      "rd": null,
      "sga": null,
      "fcf": 60692000,
      "ocf": 60692000,
      "capex": null,
      "gross_margin": null,
      "op_margin": 0.4340755726852504,
      "fcf_margin": 0.7771361255874105,
      "incr_op_margin_yoy": 0.6248310658617894,
      "rev_growth_yoy": 0.3971090717186354,
      "rev_growth_yoy_accel": -0.9631189018262256,
      "fcf_margin_change": 0.1485376663361604
    },
    {
      "date": "2022-12-31T00:00:00",
      "quarter_label": "2022-12 (Q4)",
      "revenue": 96588000,
      "gross_profit": null,
      "operating_income": 24224000,
      "net_income": 17754000,
      "opex": 72407000,
      "cogs": null,
      "rd": null,
      "sga": null,
      "fcf": -853000,
      "ocf": -853000,
      "capex": null,
      "gross_margin": null,
      "op_margin": 0.25079720048039095,
      "fcf_margin": -0.008831324802252868,
      "incr_op_margin_yoy": -0.04051331791389987,
      "rev_growth_yoy": 0.7131910817857713,
      "rev_growth_yoy_accel": 0.3160820100671359,
      "op_leverage_ratio": 0.37095032206582895,
      "fcf_margin_change": -0.7859674503896634
    },
    {
      "date": "2023-03-31T00:00:00",
      "quarter_label": "2023-03 (Q1)",
      "revenue": 80403000,
      "gross_profit": null,
      "operating_income": 21619000,
      "net_income": 3470000,
      "opex": 58784000,
      "cogs": null,
      "rd": null,
      "sga": null,
      "fcf": 42006000,
      "ocf": 42006000,
      "capex": null,
      "gross_margin": null,
      "op_margin": 0.2688830018780394,
      "fcf_margin": 0.5224431924181934,
      "incr_op_margin_yoy": -1.5651655741891546,
      "rev_growth_yoy": 0.17109939408063388,
      "rev_growth_yoy_accel": -0.5420916877051374,
      "fcf_margin_change": 0.5312745172204463
    },
    {
      "date": "2023-06-30T00:00:00",
      "quarter_label": "2023-06 (Q2)",
      "revenue": 109240000,
      "gross_profit": null,
      "operating_income": 20551000,
      "net_income": 6752000,
      "opex": 88386000,
      "cogs": null,
      "rd": null,
      "sga": null,
      "fcf": 35563000,
      "ocf": 35563000,
      "capex": null,
      "gross_margin": null,
      "op_margin": 0.18812705968509705,
      "fcf_margin": 0.3255492493592091,
      "incr_op_margin_yoy": 30.140974212034383,
      "rev_growth_yoy": -0.015722845429562555,
      "rev_growth_yoy_accel": -0.18682223951019644,
      "op_leverage_ratio": 0.7122228523357537,
      "fcf_margin_change": -0.19689394305898428
    },
    {
      "date": "2023-09-30T00:00:00",
      "quarter_label": "2023-09 (Q3)",
      "revenue": 116269000,
      "gross_profit": null,
      "operating_income": 35548000,
      "net_income": 6141000,
      "opex": 80726000,
      "cogs": null,
      "rd": null,
      "sga": null,
      "fcf": 94242000,
      "ocf": 94242000,
      "capex": null,
      "gross_margin": null,
      "op_margin": 0.30573927702139003,
      "fcf_margin": 0.8105513937506988,
      "incr_op_margin_yoy": 0.04317300639211988,
      "rev_growth_yoy": 0.4887767775970908,
      "rev_growth_yoy_accel": 0.5044996230266534,
      "op_leverage_ratio": Infinity,
      "fcf_margin_change": 0.48500214439148975
    },
    {
      "date": "2023-12-31T00:00:00",
      "quarter_label": "2023-12 (Q4)",
      "revenue": 149154000,
      "gross_profit": null,
      "operating_income": 80939000,
      "net_income": 43991000,
      "opex": 68946000,
      "cogs": null,
      "rd": null,
      "sga": null,
      "fcf": 51786000,
      "ocf": 51786000,
      "capex": null,
      "gross_margin": null,
      "op_margin": 0.5426539013368733,
      "fcf_margin": 0.34719819783579386,
      "incr_op_margin_yoy": 1.0789293459650724,
      "rev_growth_yoy": 0.544229096782209,
      "rev_growth_yoy_accel": 0.05545231918511817,
      "op_leverage_ratio": Infinity,
      "fcf_margin_change": -0.463353195914905
    },
    {
      "date": "2024-03-31T00:00:00",
      "quarter_label": "2024-03 (Q1)",
      "revenue": 100155000,
      "gross_profit": null,
      "operating_income": 32193000,
      "net_income": 7686000,
      "opex": 67796000,
      "cogs": null,
      "rd": null,
      "sga": null,
      "fcf": 21832000,
      "ocf": 21832000,
      "capex": null,
      "gross_margin": null,
      "op_margin": 0.32143178073985323,
      "fcf_margin": 0.2179821277020618,
      "incr_op_margin_yoy": 0.535338193600648,
      "rev_growth_yoy": 0.24566247528077312,
      "rev_growth_yoy_accel": -0.29856662150143587,
      "fcf_margin_change": -0.12921607013373207
    },
    {
      "date": "2024-06-30T00:00:00",
      "quarter_label": "2024-06 (Q2)",
      "revenue": 116778000,
      "gross_profit": null,
      "operating_income": 20400000,
      "net_income": 28151000,
      "opex": 96510000,
      "cogs": null,
      "rd": null,
      "sga": null,
      "fcf": -438000,
      "ocf": -438000,
      "capex": null,
      "gross_margin": null,
      "op_margin": 0.1746904382674819,
      "fcf_margin": -0.00375070646868417,
      "incr_op_margin_yoy": -0.02003183868400106,
      "rev_growth_yoy": 0.0690040278286342,
      "rev_growth_yoy_accel": -0.17665844745213893,
      "op_leverage_ratio": 0.3918746267865153,
      "fcf_margin_change": -0.22173283417074596
    },
    {
      "date": "2024-09-30T00:00:00",
      "quarter_label": "2024-09 (Q3)",
      "revenue": 140334000,
      "gross_profit": null,
      "operating_income": 44083000,
      "net_income": 10990000,
      "opex": 96353000,
      "cogs": null,
      "rd": null,
      "sga": null,
      "fcf": 47791000,
      "ocf": 47791000,
      "capex": null,
      "gross_margin": null,
      "op_margin": 0.31412914903017086,
      "fcf_margin": 0.34055182635711945,
      "incr_op_margin_yoy": 0.35466445044670686,
      "rev_growth_yoy": 0.20697692420163585,
      "rev_growth_yoy_accel": 0.13797289637300164,
      "op_leverage_ratio": Infinity,
      "fcf_margin_change": 0.34430253282580364
    },
    {
      "date": "2024-12-31T00:00:00",
      "quarter_label": "2024-12 (Q4)",
      "revenue": 121721000,
      "gross_profit": null,
      "operating_income": 38507000,
      "net_income": 11663000,
      "opex": 83224000,
      "cogs": null,
      "rd": null,
      "sga": null,
      "fcf": 44533000,
      "ocf": 44533000,
      "capex": null,
      "gross_margin": null,
      "op_margin": 0.3163546142407637,
      "fcf_margin": 0.3658612729110014,
      "incr_op_margin_yoy": 1.5467502642802464,
      "rev_growth_yoy": -0.18392399801547393,
      "rev_growth_yoy_accel": -0.3909009222171098,
      "fcf_margin_change": 0.025309446553881954
    },
    {
      "date": "2025-03-31T00:00:00",
      "quarter_label": "2025-03 (Q1)",
      "revenue": 110329000,
      "gross_profit": null,
      "operating_income": 26194000,
      "net_income": 7730000,
      "opex": 84135000,
      "cogs": null,
      "rd": null,
      "sga": null,
      "fcf": 32706000,
      "ocf": 32706000,
      "capex": null,
      "gross_margin": null,
      "op_margin": 0.23741717952668837,
      "fcf_margin": 0.29644064570511836,
      "incr_op_margin_yoy": -0.5896402594849617,
      "rev_growth_yoy": 0.10158254705206929,
      "rev_growth_yoy_accel": 0.28550654506754325,
      "fcf_margin_change": -0.06942062720588305
    },
    {
      "date": "2025-06-30T00:00:00",
      "quarter_label": "2025-06 (Q2)",
      "revenue": 96893000,
      "gross_profit": null,
      "operating_income": 17182000,
      "net_income": 8380000,
      "opex": 79711000,
      "cogs": null,
      "rd": null,
      "sga": null,
      "fcf": 18343000,
      "ocf": 18343000,
      "capex": null,
      "gross_margin": null,
      "op_margin": 0.17732963165553756,
      "fcf_margin": 0.1893119213978306,
      "incr_op_margin_yoy": 0.16183052552175006,
      "rev_growth_yoy": -0.17028036102690575,
      "rev_growth_yoy_accel": -0.27186290807897506,
      "fcf_margin_change": -0.10712872430728776
    },
    {
      "date": "2025-09-30T00:00:00",
      "quarter_label": "2025-09 (Q3)",
      "revenue": 61007000,
      "gross_profit": null,
      "operating_income": 898000,
      "net_income": 1101000,
      "opex": 60109000,
      "cogs": null,
      "rd": null,
      "sga": null,
      "fcf": 16445000,
      "ocf": 16445000,
      "capex": null,
      "gross_margin": null,
      "op_margin": 0.01471962233842018,
      "fcf_margin": 0.2695592309079286,
      "incr_op_margin_yoy": 0.5443921993772612,
      "rev_growth_yoy": -0.5652728490600994,
      "rev_growth_yoy_accel": -0.3949924880331937,
      "fcf_margin_change": 0.08024730951009801
    }
  ],
  "signals": [
    {
      "quarter": "2025-09 (Q3)",
      "signal": "FCF MARGIN EXPANSION",
      "detail": "FCF margin: +18.9% -> +27.0% (+8.0%)",
      "severity": "MEDIUM"
    },
    {
      "quarter": "2025-09 (Q3)",
      "signal": "YoY REVENUE GROWTH DECELERATION",
      "detail": "YoY growth: -56.5% vs prior quarter YoY: -17.0% (decel: -39.5%)",
      "severity": "WARNING"
    },
    {
      "quarter": "2025-09 (Q3)",
      "signal": "INCREMENTAL MARGIN (YoY)",
      "detail": "YoY Incr OPM: +54.4% vs year-ago OPM: +31.4%",
      "severity": "HIGH"
    },
    {
      "quarter": "2025-06 (Q2)",
      "signal": "YoY REVENUE GROWTH DECELERATION",
      "detail": "YoY growth: -17.0% vs prior quarter YoY: +10.2% (decel: -27.2%)",
      "severity": "WARNING"
    },
    {
      "quarter": "2025-03 (Q1)",
      "signal": "YoY REVENUE GROWTH ACCELERATION",
      "detail": "YoY growth: +10.2% vs prior quarter YoY: -18.4% (accel: +28.6%)",
      "severity": "HIGH"
    },
    {
      "quarter": "2024-12 (Q4)",
      "signal": "YoY REVENUE GROWTH DECELERATION",
      "detail": "YoY growth: -18.4% vs prior quarter YoY: +20.7% (decel: -39.1%)",
      "severity": "WARNING"
    },
    {
      "quarter": "2024-12 (Q4)",
      "signal": "INCREMENTAL MARGIN (YoY)",
      "detail": "YoY Incr OPM: +154.7% vs year-ago OPM: +54.3%",
      "severity": "HIGH"
    },
    {
      "quarter": "2024-09 (Q3)",
      "signal": "FCF TURNED POSITIVE",
      "detail": "FCF margin: -0.4% -> +34.1%",
      "severity": "HIGH"
    },
    {
      "quarter": "2024-09 (Q3)",
      "signal": "YoY REVENUE GROWTH ACCELERATION",
      "detail": "YoY growth: +20.7% vs prior quarter YoY: +6.9% (accel: +13.8%)",
      "severity": "MEDIUM"
    },
    {
      "quarter": "2024-06 (Q2)",
      "signal": "YoY REVENUE GROWTH DECELERATION",
      "detail": "YoY growth: +6.9% vs prior quarter YoY: +24.6% (decel: -17.7%)",
      "severity": "WARNING"
    },
    {
      "quarter": "2024-03 (Q1)",
      "signal": "YoY REVENUE GROWTH DECELERATION",
      "detail": "YoY growth: +24.6% vs prior quarter YoY: +54.4% (decel: -29.9%)",
      "severity": "WARNING"
    },
    {
      "quarter": "2024-03 (Q1)",
      "signal": "INCREMENTAL MARGIN (YoY)",
      "detail": "YoY Incr OPM: +53.5% vs year-ago OPM: +26.9%",
      "severity": "HIGH"
    },
    {
      "quarter": "2023-12 (Q4)",
      "signal": "YoY REVENUE GROWTH ACCELERATION",
      "detail": "YoY growth: +54.4% vs prior quarter YoY: +48.9% (accel: +5.5%)",
      "severity": "MEDIUM"
    },
    {
      "quarter": "2023-12 (Q4)",
      "signal": "INCREMENTAL MARGIN (YoY)",
      "detail": "YoY Incr OPM: +107.9% vs year-ago OPM: +25.1%",
      "severity": "HIGH"
    },
    {
      "quarter": "2023-09 (Q3)",
      "signal": "FCF MARGIN EXPANSION",
      "detail": "FCF margin: +32.6% -> +81.1% (+48.5%)",
      "severity": "MEDIUM"
    },
    {
      "quarter": "2023-09 (Q3)",
      "signal": "YoY REVENUE GROWTH ACCELERATION",
      "detail": "YoY growth: +48.9% vs prior quarter YoY: -1.6% (accel: +50.4%)",
      "severity": "HIGH"
    },
    {
      "quarter": "2023-06 (Q2)",
      "signal": "YoY REVENUE GROWTH DECELERATION",
      "detail": "YoY growth: -1.6% vs prior quarter YoY: +17.1% (decel: -18.7%)",
      "severity": "WARNING"
    },
    {
      "quarter": "2023-06 (Q2)",
      "signal": "INCREMENTAL MARGIN (YoY)",
      "detail": "YoY Incr OPM: +3014.1% vs year-ago OPM: +65.9%",
      "severity": "HIGH"
    },
    {
      "quarter": "2023-03 (Q1)",
      "signal": "FCF TURNED POSITIVE",
      "detail": "FCF margin: -0.9% -> +52.2%",
      "severity": "HIGH"
    },
    {
      "quarter": "2023-03 (Q1)",
      "signal": "YoY REVENUE GROWTH DECELERATION",
      "detail": "YoY growth: +17.1% vs prior quarter YoY: +71.3% (decel: -54.2%)",
      "severity": "WARNING"
    },
    {
      "quarter": "2022-12 (Q4)",
      "signal": "YoY REVENUE GROWTH ACCELERATION",
      "detail": "YoY growth: +71.3% vs prior quarter YoY: +39.7% (accel: +31.6%)",
      "severity": "HIGH"
    },
    {
      "quarter": "2022-09 (Q3)",
      "signal": "FCF MARGIN EXPANSION",
      "detail": "FCF margin: +62.9% -> +77.7% (+14.9%)",
      "severity": "MEDIUM"
    },
    {
      "quarter": "2022-09 (Q3)",
      "signal": "YoY REVENUE GROWTH DECELERATION",
      "detail": "YoY growth: +39.7% vs prior quarter YoY: +136.0% (decel: -96.3%)",
      "severity": "WARNING"
    },
    {
      "quarter": "2022-09 (Q3)",
      "signal": "INCREMENTAL MARGIN (YoY)",
      "detail": "YoY Incr OPM: +62.5% vs year-ago OPM: +35.8%",
      "severity": "HIGH"
    },
    {
      "quarter": "2022-06 (Q2)",
      "signal": "FCF TURNED POSITIVE",
      "detail": "FCF margin: -1.1% -> +62.9%",
      "severity": "HIGH"
    },
    {
      "quarter": "2022-06 (Q2)",
      "signal": "OPERATING LEVERAGE",
      "detail": "Rev growth +61.7% vs OpEx growth +32.1% (leverage: 1.9x)",
      "severity": "MEDIUM"
    },
    {
      "quarter": "2022-06 (Q2)",
      "signal": "YoY REVENUE GROWTH ACCELERATION",
      "detail": "YoY growth: +136.0% vs prior quarter YoY: +72.6% (accel: +63.4%)",
      "severity": "HIGH"
    },
    {
      "quarter": "2022-06 (Q2)",
      "signal": "INCREMENTAL MARGIN (YoY)",
      "detail": "YoY Incr OPM: +84.9% vs year-ago OPM: +40.1%",
      "severity": "HIGH"
    },
    {
      "quarter": "2022-03 (Q1)",
      "signal": "YoY REVENUE GROWTH DECELERATION",
      "detail": "YoY growth: +72.6% vs prior quarter YoY: +349.0% (decel: -276.4%)",
      "severity": "WARNING"
    },
    {
      "quarter": "2022-03 (Q1)",
      "signal": "INCREMENTAL MARGIN (YoY)",
      "detail": "YoY Incr OPM: +88.9% vs year-ago OPM: +36.1%",
      "severity": "HIGH"
    },
    {
      "quarter": "2021-12 (Q4)",
      "signal": "OP MARGIN TURNED POSITIVE (YoY)",
      "detail": "Op margin: -34.2% (year-ago) -> +45.9%",
      "severity": "HIGH"
    },
    {
      "quarter": "2021-09 (Q3)",
      "signal": "FCF MARGIN EXPANSION",
      "detail": "FCF margin: +24.3% -> +60.0% (+35.8%)",
      "severity": "MEDIUM"
    },
    {
      "quarter": "2021-06 (Q2)",
      "signal": "FCF MARGIN EXPANSION",
      "detail": "FCF margin: +4.4% -> +24.3% (+19.9%)",
      "severity": "MEDIUM"
    },
    {
      "quarter": "2021-06 (Q2)",
      "signal": "OPERATING LEVERAGE",
      "detail": "Rev growth +18.2% vs OpEx growth +11.8% (leverage: 1.5x)",
      "severity": "MEDIUM"
    },
    {
      "quarter": "2021-03 (Q1)",
      "signal": "OPERATING LEVERAGE",
      "detail": "Rev growth +216.7% vs OpEx growth +56.1% (leverage: 3.9x)",
      "severity": "MEDIUM"
    },
    {
      "quarter": "2021-03 (Q1)",
      "signal": "OP MARGIN TURNED POSITIVE (QoQ)",
      "detail": "Op margin: -34.2% -> +36.1%",
      "severity": "HIGH"
    }
  ],
  "data_quality": {
    "n_quarters": 20,
    "coverage": {
      "revenue": [
        20,
        20
      ],
      "gross_profit": [
        0,
        20
      ],
      "op_income": [
        20,
        20
      ],
      "fcf": [
        20,
        20
      ]
    },
    "gaps": [],
    "warnings": [
      "gross_profit: no data"
    ]
  },
  "market_cap": null,
  "source": "SEC EDGAR",
  "last_updated": "2026-02-02T22:25:52.785639"
}