{
  "ticker": "EHAB",
  "name": "Enhabit, Inc.",
  "quarters": [
    {
      "date": "2021-06-30T00:00:00",
      "quarter_label": "2021-06 (Q2)",
      "revenue": 286100000,
      "gross_profit": 156500000,
      "operating_income": 41400000,
      "net_income": 32300000,
      "opex": 115100000,
      "cogs": 129600000,
      "rd": null,
      "sga": null,
      "fcf": null,
      "ocf": null,
      "capex": null,
      "gross_margin": 0.5470115344285215,
      "op_margin": 0.1447046487242223,
      "fcf_margin": null
    },
    {
      "date": "2021-09-30T00:00:00",
      "quarter_label": "2021-09 (Q3)",
      "revenue": 273900000,
      "gross_profit": 142700000,
      "operating_income": 29100000,
      "net_income": 21600000,
      "opex": 113600000,
      "cogs": 131200000,
      "rd": null,
      "sga": null,
      "fcf": 4800000,
      "ocf": 6600000,
      "capex": -1800000,
      "gross_margin": 0.5209930631617379,
      "op_margin": 0.10624315443592552,
      "fcf_margin": 0.017524644030668127
    },
    {
      "date": "2021-12-31T00:00:00",
      "quarter_label": "2021-12 (Q4)",
      "revenue": 276100000,
      "gross_profit": 147600000,
      "operating_income": 35500000,
      "net_income": 29300000,
      "opex": 112100000,
      "cogs": 128500000,
      "rd": null,
      "sga": null,
      "fcf": 22700000,
      "ocf": 23100000,
      "capex": -400000,
      "gross_margin": 0.5345889170590366,
      "op_margin": 0.12857660268018833,
      "fcf_margin": 0.0822165881926838,
      "fcf_margin_change": 0.06469194416201568
    },
    {
      "date": "2022-03-31T00:00:00",
      "quarter_label": "2022-03 (Q1)",
      "revenue": 274300000,
      "gross_profit": 144600000,
      "operating_income": 35400000,
      "net_income": 26100000,
      "opex": 109200000,
      "cogs": 129700000,
      "rd": null,
      "sga": null,
      "fcf": 39100000,
      "ocf": 41400000,
      "capex": -2300000,
      "gross_margin": 0.5271600437477215,
      "op_margin": 0.12905577834487786,
      "fcf_margin": 0.14254465913233685,
      "fcf_margin_change": 0.06032807093965305
    },
    {
      "date": "2022-06-30T00:00:00",
      "quarter_label": "2022-06 (Q2)",
      "revenue": 268000000,
      "gross_profit": 137700000,
      "operating_income": 27300000,
      "net_income": 20100000,
      "opex": 110400000,
      "cogs": 130300000,
      "rd": null,
      "sga": null,
      "fcf": 31400000,
      "ocf": 33600000,
      "capex": -2200000,
      "gross_margin": 0.5138059701492538,
      "op_margin": 0.10186567164179104,
      "fcf_margin": 0.11716417910447761,
      "incr_op_margin_yoy": 0.7790055248618785,
      "rev_growth_yoy": -0.06326459279972038,
      "fcf_margin_change": -0.02538048002785924
    },
    {
      "date": "2022-09-30T00:00:00",
      "quarter_label": "2022-09 (Q3)",
      "revenue": 265700000,
      "gross_profit": 133400000,
      "operating_income": 17900000,
      "net_income": 8600000,
      "opex": 115500000,
      "cogs": 132300000,
      "rd": null,
      "sga": null,
      "fcf": 200000,
      "ocf": 1000000,
      "capex": -800000,
      "gross_margin": 0.5020700037636432,
      "op_margin": 0.06736921339856981,
      "fcf_margin": 0.0007527286413248024,
      "incr_op_margin_yoy": 1.3658536585365855,
      "rev_growth_yoy": -0.029937933552391383,
      "rev_growth_yoy_accel": 0.033326659247329,
      "fcf_margin_change": -0.11641145046315281
    },
    {
      "date": "2022-12-31T00:00:00",
      "quarter_label": "2022-12 (Q4)",
      "revenue": 263100000,
      "gross_profit": 129800000,
      "operating_income": -92000000,
      "net_income": -95200000,
      "opex": 221800000,
      "cogs": 133300000,
      "rd": null,
      "sga": null,
      "fcf": 2300000,
      "ocf": 4100000,
      "capex": -1800000,
      "gross_margin": 0.49334853667806916,
      "op_margin": -0.34967692892436336,
      "fcf_margin": 0.008741923223109084,
      "incr_op_margin_yoy": 9.807692307692308,
      "rev_growth_yoy": -0.047084389713871785,
      "rev_growth_yoy_accel": -0.017146456161480403,
      "fcf_margin_change": 0.007989194581784282
    },
    {
      "date": "2023-03-31T00:00:00",
      "quarter_label": "2023-03 (Q1)",
      "revenue": 265100000,
      "gross_profit": 132500000,
      "operating_income": 14200000,
      "net_income": 2700000,
      "opex": 118300000,
      "cogs": 132600000,
      "rd": null,
      "sga": null,
      "fcf": 29000000,
      "ocf": 29600000,
      "capex": -600000,
      "gross_margin": 0.4998113919275745,
      "op_margin": 0.05356469256884195,
      "fcf_margin": 0.1093926820067899,
      "incr_op_margin_yoy": 2.3043478260869565,
      "rev_growth_yoy": -0.03353991979584397,
      "rev_growth_yoy_accel": 0.013544469918027817,
      "fcf_margin_change": 0.10065075878368081
    },
    {
      "date": "2023-06-30T00:00:00",
      "quarter_label": "2023-06 (Q2)",
      "revenue": 262300000,
      "gross_profit": 126800000,
      "operating_income": -74500000,
      "net_income": -74400000,
      "opex": 201300000,
      "cogs": 135500000,
      "rd": null,
      "sga": null,
      "fcf": 8500000,
      "ocf": 9600000,
      "capex": -1100000,
      "gross_margin": 0.4834159359512009,
      "op_margin": -0.28402592451391534,
      "fcf_margin": 0.03240564239420511,
      "incr_op_margin_yoy": 17.859649122807017,
      "rev_growth_yoy": -0.02126865671641791,
      "rev_growth_yoy_accel": 0.012271263079426057,
      "fcf_margin_change": -0.07698703961258478
    },
    {
      "date": "2023-09-30T00:00:00",
      "quarter_label": "2023-09 (Q3)",
      "revenue": 258300000,
      "gross_profit": 124300000,
      "operating_income": 7800000,
      "net_income": -2400000,
      "opex": 116500000,
      "cogs": 134000000,
      "rd": null,
      "sga": null,
      "fcf": 4400000,
      "ocf": 6300000,
      "capex": -1900000,
      "gross_margin": 0.4812233836624081,
      "op_margin": 0.030197444831591175,
      "fcf_margin": 0.017034456058846303,
      "incr_op_margin_yoy": 1.364864864864865,
      "rev_growth_yoy": -0.027850959729017688,
      "rev_growth_yoy_accel": -0.0065823030125997765,
      "fcf_margin_change": -0.015371186335358809
    },
    {
      "date": "2023-12-31T00:00:00",
      "quarter_label": "2023-12 (Q4)",
      "revenue": 260600000,
      "gross_profit": 127100000,
      "operating_income": 4900000,
      "net_income": -6400000,
      "opex": 122200000,
      "cogs": 133500000,
      "rd": null,
      "sga": null,
      "fcf": 3000000,
      "ocf": 2900000,
      "capex": 100000,
      "gross_margin": 0.487720644666155,
      "op_margin": 0.018802762854950115,
      "fcf_margin": 0.011511895625479662,
      "incr_op_margin_yoy": -38.76,
      "rev_growth_yoy": -0.009502090459901177,
      "rev_growth_yoy_accel": 0.01834886926911651,
      "fcf_margin_change": -0.0055225604333666405
    },
    {
      "date": "2024-03-31T00:00:00",
      "quarter_label": "2024-03 (Q1)",
      "revenue": 262400000,
      "gross_profit": 128200000,
      "operating_income": 12900000,
      "net_income": 200000,
      "opex": 115300000,
      "cogs": 134200000,
      "rd": null,
      "sga": null,
      "fcf": 15500000,
      "ocf": 17300000,
      "capex": -1800000,
      "gross_margin": 0.4885670731707317,
      "op_margin": 0.04916158536585366,
      "fcf_margin": 0.05907012195121951,
      "incr_op_margin_yoy": 0.48148148148148145,
      "rev_growth_yoy": -0.01018483591097699,
      "rev_growth_yoy_accel": -0.0006827454510758123,
      "fcf_margin_change": 0.04755822632573985
    },
    {
      "date": "2024-06-30T00:00:00",
      "quarter_label": "2024-06 (Q2)",
      "revenue": 260600000,
      "gross_profit": 128800000,
      "operating_income": 11200000,
      "net_income": -200000,
      "opex": 117600000,
      "cogs": 131800000,
      "rd": null,
      "sga": null,
      "fcf": 8900000,
      "ocf": 9600000,
      "capex": -700000,
      "gross_margin": 0.49424405218726014,
      "op_margin": 0.042977743668457406,
      "fcf_margin": 0.03415195702225633,
      "incr_op_margin_yoy": -50.411764705882355,
      "rev_growth_yoy": -0.006481128478841022,
      "rev_growth_yoy_accel": 0.003703707432135968,
      "fcf_margin_change": -0.024918164928963177
    },
    {
      "date": "2024-09-30T00:00:00",
      "quarter_label": "2024-09 (Q3)",
      "revenue": 253600000,
      "gross_profit": 121900000,
      "operating_income": -98000000,
      "net_income": -110200000,
      "opex": 219900000,
      "cogs": 131700000,
      "rd": null,
      "sga": null,
      "fcf": 27700000,
      "ocf": 28400000,
      "capex": -700000,
      "gross_margin": 0.4806782334384858,
      "op_margin": -0.3864353312302839,
      "fcf_margin": 0.10922712933753943,
      "incr_op_margin_yoy": 22.51063829787234,
      "rev_growth_yoy": -0.018195896244676733,
      "rev_growth_yoy_accel": -0.011714767765835712,
      "fcf_margin_change": 0.0750751723152831
    },
    {
      "date": "2024-12-31T00:00:00",
      "quarter_label": "2024-12 (Q4)",
      "revenue": 258200000,
      "gross_profit": 125100000,
      "operating_income": -41200000,
      "net_income": -46000000,
      "opex": 166300000,
      "cogs": 133100000,
      "rd": null,
      "sga": null,
      "fcf": -4700000,
      "ocf": -4100000,
      "capex": -600000,
      "gross_margin": 0.4845081332300542,
      "op_margin": -0.15956622773044152,
      "fcf_margin": -0.01820294345468629,
      "incr_op_margin_yoy": 19.208333333333332,
      "rev_growth_yoy": -0.00920951650038373,
      "rev_growth_yoy_accel": 0.008986379744293003,
      "op_leverage_ratio": Infinity,
      "fcf_margin_change": -0.12743007279222573
    },
    {
      "date": "2025-03-31T00:00:00",
      "quarter_label": "2025-03 (Q1)",
      "revenue": 259900000,
      "gross_profit": 129700000,
      "operating_income": 15900000,
      "net_income": 17800000,
      "opex": 113800000,
      "cogs": 130200000,
      "rd": null,
      "sga": null,
      "fcf": 17600000,
      "ocf": 17900000,
      "capex": -300000,
      "gross_margin": 0.4990380915736822,
      "op_margin": 0.061177375913813004,
      "fcf_margin": 0.06771835321277414,
      "incr_op_margin_yoy": -1.2,
      "rev_growth_yoy": -0.009527439024390244,
      "rev_growth_yoy_accel": -0.0003179225240065135,
      "fcf_margin_change": 0.08592129666746043
    },
    {
      "date": "2025-06-30T00:00:00",
      "quarter_label": "2025-06 (Q2)",
      "revenue": 266100000,
      "gross_profit": 130600000,
      "operating_income": 16700000,
      "net_income": 5200000,
      "opex": 113900000,
      "cogs": 135500000,
      "rd": null,
      "sga": null,
      "fcf": 8700000,
      "ocf": 10600000,
      "capex": -1900000,
      "gross_margin": 0.49079293498684706,
      "op_margin": 0.06275836151822622,
      "fcf_margin": 0.03269447576099211,
      "incr_op_margin_yoy": 1.0,
      "rev_growth_yoy": 0.02110514198004605,
      "rev_growth_yoy_accel": 0.03063258100443629,
      "op_leverage_ratio": Infinity,
      "fcf_margin_change": -0.03502387745178203
    },
    {
      "date": "2025-09-30T00:00:00",
      "quarter_label": "2025-09 (Q3)",
      "revenue": 263600000,
      "gross_profit": 127800000,
      "operating_income": 16800000,
      "net_income": 11100000,
      "opex": 111000000,
      "cogs": 135800000,
      "rd": null,
      "sga": null,
      "fcf": 36200000,
      "ocf": 37800000,
      "capex": -1600000,
      "gross_margin": 0.48482549317147194,
      "op_margin": 0.0637329286798179,
      "fcf_margin": 0.13732928679817905,
      "incr_op_margin_yoy": 11.48,
      "rev_growth_yoy": 0.03943217665615142,
      "rev_growth_yoy_accel": 0.01832703467610537,
      "fcf_margin_change": 0.10463481103718694
    }
  ],
  "signals": [
    {
      "quarter": "2025-09 (Q3)",
      "signal": "FCF MARGIN EXPANSION",
      "detail": "FCF margin: +3.3% -> +13.7% (+10.5%)",
      "severity": "MEDIUM"
    },
    {
      "quarter": "2025-09 (Q3)",
      "signal": "OP MARGIN TURNED POSITIVE (YoY)",
      "detail": "Op margin: -38.6% (year-ago) -> +6.4%",
      "severity": "HIGH"
    },
    {
      "quarter": "2025-06 (Q2)",
      "signal": "OPERATING LEVERAGE",
      "detail": "Rev growth +2.4% vs OpEx growth +0.1% (leverage: 27.1x)",
      "severity": "MEDIUM"
    },
    {
      "quarter": "2025-06 (Q2)",
      "signal": "INCREMENTAL MARGIN (YoY)",
      "detail": "YoY Incr OPM: +100.0% vs year-ago OPM: +4.3%",
      "severity": "HIGH"
    },
    {
      "quarter": "2025-03 (Q1)",
      "signal": "FCF TURNED POSITIVE",
      "detail": "FCF margin: -1.8% -> +6.8%",
      "severity": "HIGH"
    },
    {
      "quarter": "2025-03 (Q1)",
      "signal": "OP MARGIN TURNED POSITIVE (QoQ)",
      "detail": "Op margin: -16.0% -> +6.1%",
      "severity": "HIGH"
    },
    {
      "quarter": "2024-09 (Q3)",
      "signal": "FCF MARGIN EXPANSION",
      "detail": "FCF margin: +3.4% -> +10.9% (+7.5%)",
      "severity": "MEDIUM"
    },
    {
      "quarter": "2024-06 (Q2)",
      "signal": "OP MARGIN TURNED POSITIVE (YoY)",
      "detail": "Op margin: -28.4% (year-ago) -> +4.3%",
      "severity": "HIGH"
    },
    {
      "quarter": "2024-03 (Q1)",
      "signal": "INCREMENTAL MARGIN (YoY)",
      "detail": "YoY Incr OPM: +48.1% vs year-ago OPM: +5.4%",
      "severity": "HIGH"
    },
    {
      "quarter": "2023-12 (Q4)",
      "signal": "OP MARGIN TURNED POSITIVE (YoY)",
      "detail": "Op margin: -35.0% (year-ago) -> +1.9%",
      "severity": "HIGH"
    },
    {
      "quarter": "2023-09 (Q3)",
      "signal": "INCREMENTAL MARGIN (YoY)",
      "detail": "YoY Incr OPM: +136.5% vs year-ago OPM: +6.7%",
      "severity": "HIGH"
    },
    {
      "quarter": "2023-09 (Q3)",
      "signal": "OP MARGIN TURNED POSITIVE (QoQ)",
      "detail": "Op margin: -28.4% -> +3.0%",
      "severity": "HIGH"
    },
    {
      "quarter": "2023-03 (Q1)",
      "signal": "FCF MARGIN EXPANSION",
      "detail": "FCF margin: +0.9% -> +10.9% (+10.1%)",
      "severity": "MEDIUM"
    },
    {
      "quarter": "2023-03 (Q1)",
      "signal": "INCREMENTAL MARGIN (YoY)",
      "detail": "YoY Incr OPM: +230.4% vs year-ago OPM: +12.9%",
      "severity": "HIGH"
    },
    {
      "quarter": "2023-03 (Q1)",
      "signal": "OP MARGIN TURNED POSITIVE (QoQ)",
      "detail": "Op margin: -35.0% -> +5.4%",
      "severity": "HIGH"
    },
    {
      "quarter": "2022-09 (Q3)",
      "signal": "INCREMENTAL MARGIN (YoY)",
      "detail": "YoY Incr OPM: +136.6% vs year-ago OPM: +10.6%",
      "severity": "HIGH"
    },
    {
      "quarter": "2022-06 (Q2)",
      "signal": "INCREMENTAL MARGIN (YoY)",
      "detail": "YoY Incr OPM: +77.9% vs year-ago OPM: +14.5%",
      "severity": "HIGH"
    },
    {
      "quarter": "2022-03 (Q1)",
      "signal": "FCF MARGIN EXPANSION",
      "detail": "FCF margin: +8.2% -> +14.3% (+6.0%)",
      "severity": "MEDIUM"
    },
    {
      "quarter": "2021-12 (Q4)",
      "signal": "FCF MARGIN EXPANSION",
      "detail": "FCF margin: +1.8% -> +8.2% (+6.5%)",
      "severity": "MEDIUM"
    }
  ],
  "data_quality": {
    "n_quarters": 18,
    "coverage": {
      "revenue": [
        18,
        18
      ],
      "gross_profit": [
        18,
        18
      ],
      "op_income": [
        18,
        18
      ],
      "fcf": [
        17,
        18
      ]
    },
    "gaps": [],
    "warnings": []
  },
  "market_cap": null,
  "source": "SEC EDGAR",
  "last_updated": "2026-02-02T22:22:58.792572",
  "sector": "Healthcare",
  "industry": "Medical Care Facilities"
}