{
  "ticker": "EHC",
  "name": "Encompass Health Corporation",
  "quarters": [
    {
      "date": "2020-12-31T00:00:00",
      "quarter_label": "2020-12 (Q4)",
      "revenue": 1214400000,
      "gross_profit": null,
      "operating_income": 168300000,
      "net_income": 86000000,
      "opex": 1021400000,
      "cogs": null,
      "rd": null,
      "sga": null,
      "fcf": 143100000,
      "ocf": 279700000,
      "capex": -136600000,
      "gross_margin": null,
      "op_margin": 0.13858695652173914,
      "fcf_margin": 0.11783596837944664
    },
    {
      "date": "2021-03-31T00:00:00",
      "quarter_label": "2021-03 (Q1)",
      "revenue": 1230400000,
      "gross_profit": null,
      "operating_income": 143000000,
      "net_income": 107300000,
      "opex": 1022700000,
      "cogs": null,
      "rd": null,
      "sga": null,
      "fcf": 59700000,
      "ocf": 158500000,
      "capex": -98800000,
      "gross_margin": null,
      "op_margin": 0.116222366710013,
      "fcf_margin": 0.04852080624187256,
      "op_leverage_ratio": 10.351677308199047,
      "fcf_margin_change": -0.06931516213757408
    },
    {
      "date": "2021-06-30T00:00:00",
      "quarter_label": "2021-06 (Q2)",
      "revenue": 1287700000,
      "gross_profit": null,
      "operating_income": 146800000,
      "net_income": 113300000,
      "opex": 1068700000,
      "cogs": null,
      "rd": null,
      "sga": null,
      "fcf": 142000000,
      "ocf": 255900000,
      "capex": -113900000,
      "gross_margin": null,
      "op_margin": 0.11400170847247029,
      "fcf_margin": 0.11027413217364293,
      "op_leverage_ratio": 1.0353775018375078,
      "fcf_margin_change": 0.06175332593177037
    },
    {
      "date": "2021-09-30T00:00:00",
      "quarter_label": "2021-09 (Q3)",
      "revenue": 1284800000,
      "gross_profit": null,
      "operating_income": 141400000,
      "net_income": 100000000,
      "opex": 1085300000,
      "cogs": null,
      "rd": null,
      "sga": null,
      "fcf": 58000000,
      "ocf": 177600000,
      "capex": -119600000,
      "gross_margin": null,
      "op_margin": 0.1100560398505604,
      "fcf_margin": 0.04514321295143213,
      "fcf_margin_change": -0.0651309192222108
    },
    {
      "date": "2021-12-31T00:00:00",
      "quarter_label": "2021-12 (Q4)",
      "revenue": 1042500000,
      "gross_profit": null,
      "operating_income": 128400000,
      "net_income": 91600000,
      "opex": 1138400000,
      "cogs": null,
      "rd": null,
      "sga": null,
      "fcf": -68500000,
      "ocf": 123800000,
      "capex": -192300000,
      "gross_margin": null,
      "op_margin": 0.12316546762589928,
      "fcf_margin": -0.0657074340527578,
      "incr_op_margin_yoy": 0.23211169284467714,
      "rev_growth_yoy": -0.14155138339920947,
      "fcf_margin_change": -0.11085064700418992
    },
    {
      "date": "2022-03-31T00:00:00",
      "quarter_label": "2022-03 (Q1)",
      "revenue": 1333600000,
      "gross_profit": null,
      "operating_income": 131500000,
      "net_income": 87500000,
      "opex": 1149700000,
      "cogs": null,
      "rd": null,
      "sga": null,
      "fcf": 106000000,
      "ocf": 218900000,
      "capex": -112900000,
      "gross_margin": null,
      "op_margin": 0.09860527894421116,
      "fcf_margin": 0.07948410317936412,
      "incr_op_margin_yoy": -0.11143410852713179,
      "rev_growth_yoy": 0.08387516254876463,
      "rev_growth_yoy_accel": 0.22542654594797412,
      "op_leverage_ratio": 28.130832537509814,
      "fcf_margin_change": 0.14519153723212191
    },
    {
      "date": "2022-06-30T00:00:00",
      "quarter_label": "2022-06 (Q2)",
      "revenue": 1330500000,
      "gross_profit": null,
      "operating_income": 128600000,
      "net_income": 48700000,
      "opex": 1168400000,
      "cogs": null,
      "rd": null,
      "sga": null,
      "fcf": 131900000,
      "ocf": 244600000,
      "capex": -112700000,
      "gross_margin": null,
      "op_margin": 0.09665539270950771,
      "fcf_margin": 0.09913566328447952,
      "incr_op_margin_yoy": -0.4252336448598131,
      "rev_growth_yoy": 0.033237555331210686,
      "rev_growth_yoy_accel": -0.05063760721755395,
      "fcf_margin_change": 0.0196515601051154
    },
    {
      "date": "2022-09-30T00:00:00",
      "quarter_label": "2022-09 (Q3)",
      "revenue": 1089500000,
      "gross_profit": null,
      "operating_income": 127500000,
      "net_income": 45400000,
      "opex": 941100000,
      "cogs": null,
      "rd": null,
      "sga": null,
      "fcf": -79200000,
      "ocf": 70100000,
      "capex": -149300000,
      "gross_margin": null,
      "op_margin": 0.11702615878843506,
      "fcf_margin": -0.07269389628269848,
      "incr_op_margin_yoy": 0.07117255504352278,
      "rev_growth_yoy": -0.15200809464508094,
      "rev_growth_yoy_accel": -0.18524564997629162,
      "fcf_margin_change": -0.171829559567178
    },
    {
      "date": "2022-12-31T00:00:00",
      "quarter_label": "2022-12 (Q4)",
      "revenue": 1137300000,
      "gross_profit": null,
      "operating_income": 151900000,
      "net_income": 89400000,
      "opex": 957600000,
      "cogs": null,
      "rd": null,
      "sga": null,
      "fcf": -17700000,
      "ocf": 172200000,
      "capex": -189900000,
      "gross_margin": null,
      "op_margin": 0.13356194495735513,
      "fcf_margin": -0.01556317594302295,
      "incr_op_margin_yoy": 0.2478902953586498,
      "rev_growth_yoy": 0.09093525179856116,
      "rev_growth_yoy_accel": 0.2429433464436421,
      "op_leverage_ratio": 2.5023755684425715,
      "fcf_margin_change": 0.057130720339675534
    },
    {
      "date": "2023-03-31T00:00:00",
      "quarter_label": "2023-03 (Q1)",
      "revenue": 1160400000,
      "gross_profit": null,
      "operating_income": null,
      "net_income": 87700000,
      "opex": 981800000,
      "cogs": null,
      "rd": null,
      "sga": null,
      "fcf": 131300000,
      "ocf": 227900000,
      "capex": -96600000,
      "gross_margin": null,
      "op_margin": null,
      "fcf_margin": 0.1131506377111341,
      "rev_growth_yoy": -0.129874025194961,
      "rev_growth_yoy_accel": -0.22080927699352215,
      "op_leverage_ratio": 0.8037217332917675,
      "fcf_margin_change": 0.12871381365415704
    },
    {
      "date": "2023-06-30T00:00:00",
      "quarter_label": "2023-06 (Q2)",
      "revenue": 1187100000,
      "gross_profit": null,
      "operating_income": null,
      "net_income": 91400000,
      "opex": 1003200000,
      "cogs": null,
      "rd": null,
      "sga": null,
      "fcf": 89500000,
      "ocf": 206700000,
      "capex": -117200000,
      "gross_margin": null,
      "op_margin": null,
      "fcf_margin": 0.07539381686462808,
      "rev_growth_yoy": -0.10777903043968433,
      "rev_growth_yoy_accel": 0.022094994755276667,
      "op_leverage_ratio": 1.0556326049348113,
      "fcf_margin_change": -0.037756820846506015
    },
    {
      "date": "2023-09-30T00:00:00",
      "quarter_label": "2023-09 (Q3)",
      "revenue": 1206900000,
      "gross_profit": null,
      "operating_income": null,
      "net_income": 85300000,
      "opex": 1027500000,
      "cogs": null,
      "rd": null,
      "sga": null,
      "fcf": null,
      "ocf": null,
      "capex": -146700000,
      "gross_margin": null,
      "op_margin": null,
      "fcf_margin": null,
      "rev_growth_yoy": 0.10775585130793942,
      "rev_growth_yoy_accel": 0.21553488174762375,
      "op_leverage_ratio": 0.6885875008189893
    },
    {
      "date": "2023-12-31T00:00:00",
      "quarter_label": "2023-12 (Q4)",
      "revenue": 1246800000,
      "gross_profit": null,
      "operating_income": null,
      "net_income": 87600000,
      "opex": 1056900000,
      "cogs": null,
      "rd": null,
      "sga": null,
      "fcf": null,
      "ocf": null,
      "capex": null,
      "gross_margin": null,
      "op_margin": null,
      "fcf_margin": null,
      "rev_growth_yoy": 0.09628066473226062,
      "rev_growth_yoy_accel": -0.011475186575678809,
      "op_leverage_ratio": 1.1554099641347964
    },
    {
      "date": "2024-03-31T00:00:00",
      "quarter_label": "2024-03 (Q1)",
      "revenue": 1316000000,
      "gross_profit": null,
      "operating_income": null,
      "net_income": 112500000,
      "opex": 1108500000,
      "cogs": null,
      "rd": null,
      "sga": null,
      "fcf": null,
      "ocf": null,
      "capex": null,
      "gross_margin": null,
      "op_margin": null,
      "fcf_margin": null,
      "rev_growth_yoy": 0.13409169251982075,
      "rev_growth_yoy_accel": 0.03781102778756014,
      "op_leverage_ratio": 1.1368246898105663
    },
    {
      "date": "2024-06-30T00:00:00",
      "quarter_label": "2024-06 (Q2)",
      "revenue": 1301200000,
      "gross_profit": null,
      "operating_income": null,
      "net_income": 114100000,
      "opex": 1085600000,
      "cogs": null,
      "rd": null,
      "sga": null,
      "fcf": null,
      "ocf": null,
      "capex": null,
      "gross_margin": null,
      "op_margin": null,
      "fcf_margin": null,
      "rev_growth_yoy": 0.09611658663971022,
      "rev_growth_yoy_accel": -0.037975105880110535
    },
    {
      "date": "2024-09-30T00:00:00",
      "quarter_label": "2024-09 (Q3)",
      "revenue": 1351000000,
      "gross_profit": null,
      "operating_income": null,
      "net_income": 108200000,
      "opex": 1141900000,
      "cogs": null,
      "rd": null,
      "sga": null,
      "fcf": null,
      "ocf": null,
      "capex": null,
      "gross_margin": null,
      "op_margin": null,
      "fcf_margin": null,
      "rev_growth_yoy": 0.11939680172342365,
      "rev_growth_yoy_accel": 0.023280215083713432,
      "op_leverage_ratio": 0.7379836292663856
    },
    {
      "date": "2024-12-31T00:00:00",
      "quarter_label": "2024-12 (Q4)",
      "revenue": 1405000000,
      "gross_profit": null,
      "operating_income": null,
      "net_income": 120900000,
      "opex": 1172700000,
      "cogs": null,
      "rd": null,
      "sga": null,
      "fcf": null,
      "ocf": null,
      "capex": null,
      "gross_margin": null,
      "op_margin": null,
      "fcf_margin": null,
      "rev_growth_yoy": 0.1268848251523901,
      "rev_growth_yoy_accel": 0.007488023428966456,
      "op_leverage_ratio": 1.4818893171964969
    },
    {
      "date": "2025-03-31T00:00:00",
      "quarter_label": "2025-03 (Q1)",
      "revenue": 1455400000,
      "gross_profit": null,
      "operating_income": null,
      "net_income": 151500000,
      "opex": 1188400000,
      "cogs": null,
      "rd": null,
      "sga": null,
      "fcf": null,
      "ocf": null,
      "capex": null,
      "gross_margin": null,
      "op_margin": null,
      "fcf_margin": null,
      "rev_growth_yoy": 0.10592705167173253,
      "rev_growth_yoy_accel": -0.020957773480657582,
      "op_leverage_ratio": 2.6794242582224537
    },
    {
      "date": "2025-06-30T00:00:00",
      "quarter_label": "2025-06 (Q2)",
      "revenue": 1457700000,
      "gross_profit": null,
      "operating_income": null,
      "net_income": 142100000,
      "opex": 1198600000,
      "cogs": null,
      "rd": null,
      "sga": null,
      "fcf": null,
      "ocf": null,
      "capex": null,
      "gross_margin": null,
      "op_margin": null,
      "fcf_margin": null,
      "rev_growth_yoy": 0.12027359360590224,
      "rev_growth_yoy_accel": 0.014346541934169718
    },
    {
      "date": "2025-09-30T00:00:00",
      "quarter_label": "2025-09 (Q3)",
      "revenue": 1477500000,
      "gross_profit": null,
      "operating_income": null,
      "net_income": 126500000,
      "opex": 1233900000,
      "cogs": null,
      "rd": null,
      "sga": null,
      "fcf": null,
      "ocf": null,
      "capex": null,
      "gross_margin": null,
      "op_margin": null,
      "fcf_margin": null,
      "rev_growth_yoy": 0.09363434492968171,
      "rev_growth_yoy_accel": -0.02663924867622053,
      "op_leverage_ratio": 0.4612077585066
    }
  ],
  "signals": [
    {
      "quarter": "2025-03 (Q1)",
      "signal": "OPERATING LEVERAGE",
      "detail": "Rev growth +3.6% vs OpEx growth +1.3% (leverage: 2.7x)",
      "severity": "MEDIUM"
    },
    {
      "quarter": "2023-09 (Q3)",
      "signal": "YoY REVENUE GROWTH ACCELERATION",
      "detail": "YoY growth: +10.8% vs prior quarter YoY: -10.8% (accel: +21.6%)",
      "severity": "HIGH"
    },
    {
      "quarter": "2023-03 (Q1)",
      "signal": "FCF TURNED POSITIVE",
      "detail": "FCF margin: -1.6% -> +11.3%",
      "severity": "HIGH"
    },
    {
      "quarter": "2023-03 (Q1)",
      "signal": "YoY REVENUE GROWTH DECELERATION",
      "detail": "YoY growth: -13.0% vs prior quarter YoY: +9.1% (decel: -22.1%)",
      "severity": "WARNING"
    },
    {
      "quarter": "2022-12 (Q4)",
      "signal": "FCF MARGIN EXPANSION",
      "detail": "FCF margin: -7.3% -> -1.6% (+5.7%)",
      "severity": "MEDIUM"
    },
    {
      "quarter": "2022-12 (Q4)",
      "signal": "OPERATING LEVERAGE",
      "detail": "Rev growth +4.4% vs OpEx growth +1.8% (leverage: 2.5x)",
      "severity": "MEDIUM"
    },
    {
      "quarter": "2022-12 (Q4)",
      "signal": "YoY REVENUE GROWTH ACCELERATION",
      "detail": "YoY growth: +9.1% vs prior quarter YoY: -15.2% (accel: +24.3%)",
      "severity": "HIGH"
    },
    {
      "quarter": "2022-12 (Q4)",
      "signal": "INCREMENTAL MARGIN (YoY)",
      "detail": "YoY Incr OPM: +24.8% vs year-ago OPM: +12.3%",
      "severity": "MEDIUM"
    },
    {
      "quarter": "2022-09 (Q3)",
      "signal": "YoY REVENUE GROWTH DECELERATION",
      "detail": "YoY growth: -15.2% vs prior quarter YoY: +3.3% (decel: -18.5%)",
      "severity": "WARNING"
    },
    {
      "quarter": "2022-06 (Q2)",
      "signal": "YoY REVENUE GROWTH DECELERATION",
      "detail": "YoY growth: +3.3% vs prior quarter YoY: +8.4% (decel: -5.1%)",
      "severity": "WARNING"
    },
    {
      "quarter": "2022-03 (Q1)",
      "signal": "FCF TURNED POSITIVE",
      "detail": "FCF margin: -6.6% -> +7.9%",
      "severity": "HIGH"
    },
    {
      "quarter": "2022-03 (Q1)",
      "signal": "OPERATING LEVERAGE",
      "detail": "Rev growth +27.9% vs OpEx growth +1.0% (leverage: 28.1x)",
      "severity": "MEDIUM"
    },
    {
      "quarter": "2022-03 (Q1)",
      "signal": "YoY REVENUE GROWTH ACCELERATION",
      "detail": "YoY growth: +8.4% vs prior quarter YoY: -14.2% (accel: +22.5%)",
      "severity": "HIGH"
    },
    {
      "quarter": "2021-06 (Q2)",
      "signal": "FCF MARGIN EXPANSION",
      "detail": "FCF margin: +4.9% -> +11.0% (+6.2%)",
      "severity": "MEDIUM"
    },
    {
      "quarter": "2021-03 (Q1)",
      "signal": "OPERATING LEVERAGE",
      "detail": "Rev growth +1.3% vs OpEx growth +0.1% (leverage: 10.4x)",
      "severity": "MEDIUM"
    }
  ],
  "data_quality": {
    "n_quarters": 20,
    "coverage": {
      "revenue": [
        20,
        20
      ],
      "gross_profit": [
        0,
        20
      ],
      "op_income": [
        9,
        20
      ],
      "fcf": [
        11,
        20
      ]
    },
    "gaps": [],
    "warnings": [
      "gross_profit: no data",
      "op_income: 9/20Q",
      "fcf: 11/20Q"
    ]
  },
  "market_cap": null,
  "source": "SEC EDGAR",
  "last_updated": "2026-02-02T20:40:04.200575"
}