{
  "ticker": "EIG",
  "name": "EMPLOYERS HOLDINGS, INC.",
  "quarters": [
    {
      "date": "2020-12-31T00:00:00",
      "quarter_label": "2020-12 (Q4)",
      "revenue": 191100000,
      "gross_profit": null,
      "operating_income": null,
      "net_income": 64000000,
      "opex": 110700000,
      "cogs": null,
      "rd": null,
      "sga": null,
      "fcf": -14600000,
      "ocf": -14600000,
      "capex": null,
      "gross_margin": null,
      "op_margin": null,
      "fcf_margin": -0.07639979068550497
    },
    {
      "date": "2021-03-31T00:00:00",
      "quarter_label": "2021-03 (Q1)",
      "revenue": 163600000,
      "gross_profit": null,
      "operating_income": null,
      "net_income": 23100000,
      "opex": 136000000,
      "cogs": null,
      "rd": null,
      "sga": null,
      "fcf": -10800000,
      "ocf": -10800000,
      "capex": null,
      "gross_margin": null,
      "op_margin": null,
      "fcf_margin": -0.06601466992665037,
      "fcf_margin_change": 0.010385120758854602
    },
    {
      "date": "2021-06-30T00:00:00",
      "quarter_label": "2021-06 (Q2)",
      "revenue": 171400000,
      "gross_profit": null,
      "operating_income": null,
      "net_income": 26400000,
      "opex": 139000000,
      "cogs": null,
      "rd": null,
      "sga": null,
      "fcf": -13900000,
      "ocf": -13900000,
      "capex": null,
      "gross_margin": null,
      "op_margin": null,
      "fcf_margin": -0.08109684947491248,
      "op_leverage_ratio": 2.161369193154034,
      "fcf_margin_change": -0.015082179548262117
    },
    {
      "date": "2021-09-30T00:00:00",
      "quarter_label": "2021-09 (Q3)",
      "revenue": 168300000,
      "gross_profit": null,
      "operating_income": null,
      "net_income": 15000000,
      "opex": 149700000,
      "cogs": null,
      "rd": null,
      "sga": null,
      "fcf": 15400000,
      "ocf": 15400000,
      "capex": null,
      "gross_margin": null,
      "op_margin": null,
      "fcf_margin": 0.0915032679738562,
      "fcf_margin_change": 0.1726001174487687
    },
    {
      "date": "2021-12-31T00:00:00",
      "quarter_label": "2021-12 (Q4)",
      "revenue": 199800000,
      "gross_profit": null,
      "operating_income": null,
      "net_income": 54800000,
      "opex": 131400000,
      "cogs": null,
      "rd": null,
      "sga": null,
      "fcf": 20100000,
      "ocf": 20100000,
      "capex": null,
      "gross_margin": null,
      "op_margin": null,
      "fcf_margin": 0.1006006006006006,
      "rev_growth_yoy": 0.04552590266875981,
      "op_leverage_ratio": Infinity,
      "fcf_margin_change": 0.009097332626744392
    },
    {
      "date": "2022-03-31T00:00:00",
      "quarter_label": "2022-03 (Q1)",
      "revenue": 152000000,
      "gross_profit": null,
      "operating_income": null,
      "net_income": -2300000,
      "opex": 154500000,
      "cogs": null,
      "rd": null,
      "sga": null,
      "fcf": 16800000,
      "ocf": 16800000,
      "capex": null,
      "gross_margin": null,
      "op_margin": null,
      "fcf_margin": 0.11052631578947368,
      "rev_growth_yoy": -0.07090464547677261,
      "rev_growth_yoy_accel": -0.11643054814553241,
      "fcf_margin_change": 0.009925715188873085
    },
    {
      "date": "2022-06-30T00:00:00",
      "quarter_label": "2022-06 (Q2)",
      "revenue": 135300000,
      "gross_profit": null,
      "operating_income": null,
      "net_income": -15600000,
      "opex": 156700000,
      "cogs": null,
      "rd": null,
      "sga": null,
      "fcf": 21100000,
      "ocf": 21100000,
      "capex": null,
      "gross_margin": null,
      "op_margin": null,
      "fcf_margin": 0.15594974131559497,
      "rev_growth_yoy": -0.21061843640606767,
      "rev_growth_yoy_accel": -0.13971379092929506,
      "fcf_margin_change": 0.04542342552612129
    },
    {
      "date": "2022-09-30T00:00:00",
      "quarter_label": "2022-09 (Q3)",
      "revenue": 204400000,
      "gross_profit": null,
      "operating_income": null,
      "net_income": 19100000,
      "opex": 180600000,
      "cogs": null,
      "rd": null,
      "sga": null,
      "fcf": 29600000,
      "ocf": 29600000,
      "capex": null,
      "gross_margin": null,
      "op_margin": null,
      "fcf_margin": 0.14481409001956946,
      "rev_growth_yoy": 0.21449792038027332,
      "rev_growth_yoy_accel": 0.42511635678634097,
      "op_leverage_ratio": 3.3485080419461477,
      "fcf_margin_change": -0.011135651296025506
    },
    {
      "date": "2022-12-31T00:00:00",
      "quarter_label": "2022-12 (Q4)",
      "revenue": 221800000,
      "gross_profit": null,
      "operating_income": null,
      "net_income": 47100000,
      "opex": 165900000,
      "cogs": null,
      "rd": null,
      "sga": null,
      "fcf": 32300000,
      "ocf": 32300000,
      "capex": null,
      "gross_margin": null,
      "op_margin": null,
      "fcf_margin": 0.14562669071235348,
      "rev_growth_yoy": 0.11011011011011011,
      "rev_growth_yoy_accel": -0.10438781027016321,
      "op_leverage_ratio": Infinity,
      "fcf_margin_change": 0.0008126006927840213
    },
    {
      "date": "2023-03-31T00:00:00",
      "quarter_label": "2023-03 (Q1)",
      "revenue": 206500000,
      "gross_profit": null,
      "operating_income": null,
      "net_income": 23600000,
      "opex": 177500000,
      "cogs": null,
      "rd": null,
      "sga": null,
      "fcf": 4300000,
      "ocf": 4300000,
      "capex": null,
      "gross_margin": null,
      "op_margin": null,
      "fcf_margin": 0.020823244552058112,
      "rev_growth_yoy": 0.35855263157894735,
      "rev_growth_yoy_accel": 0.24844252146883722,
      "fcf_margin_change": -0.12480344616029537
    },
    {
      "date": "2023-06-30T00:00:00",
      "quarter_label": "2023-06 (Q2)",
      "revenue": 215200000,
      "gross_profit": null,
      "operating_income": null,
      "net_income": 34900000,
      "opex": 171400000,
      "cogs": null,
      "rd": null,
      "sga": null,
      "fcf": -7800000,
      "ocf": -7800000,
      "capex": null,
      "gross_margin": null,
      "op_margin": null,
      "fcf_margin": -0.0362453531598513,
      "rev_growth_yoy": 0.590539541759054,
      "rev_growth_yoy_accel": 0.23198691018010664,
      "op_leverage_ratio": Infinity,
      "fcf_margin_change": -0.05706859771190941
    },
    {
      "date": "2023-09-30T00:00:00",
      "quarter_label": "2023-09 (Q3)",
      "revenue": 203500000,
      "gross_profit": null,
      "operating_income": null,
      "net_income": 14000000,
      "opex": 186100000,
      "cogs": null,
      "rd": null,
      "sga": null,
      "fcf": 25300000,
      "ocf": 25300000,
      "capex": null,
      "gross_margin": null,
      "op_margin": null,
      "fcf_margin": 0.12432432432432433,
      "rev_growth_yoy": -0.004403131115459882,
      "rev_growth_yoy_accel": -0.5949426728745139,
      "fcf_margin_change": 0.16056967748417564
    },
    {
      "date": "2023-12-31T00:00:00",
      "quarter_label": "2023-12 (Q4)",
      "revenue": 225700000,
      "gross_profit": null,
      "operating_income": null,
      "net_income": 45600000,
      "opex": 167600000,
      "cogs": null,
      "rd": null,
      "sga": null,
      "fcf": 27600000,
      "ocf": 27600000,
      "capex": null,
      "gross_margin": null,
      "op_margin": null,
      "fcf_margin": 0.12228622064687639,
      "rev_growth_yoy": 0.0175834084761046,
      "rev_growth_yoy_accel": 0.02198653959156448,
      "op_leverage_ratio": Infinity,
      "fcf_margin_change": -0.0020381036774479444
    },
    {
      "date": "2024-03-31T00:00:00",
      "quarter_label": "2024-03 (Q1)",
      "revenue": 223100000,
      "gross_profit": null,
      "operating_income": null,
      "net_income": 28300000,
      "opex": 187800000,
      "cogs": null,
      "rd": null,
      "sga": null,
      "fcf": 600000,
      "ocf": 600000,
      "capex": null,
      "gross_margin": null,
      "op_margin": null,
      "fcf_margin": 0.002689376961004034,
      "rev_growth_yoy": 0.08038740920096853,
      "rev_growth_yoy_accel": 0.06280400072486393,
      "fcf_margin_change": -0.11959684368587235
    },
    {
      "date": "2024-06-30T00:00:00",
      "quarter_label": "2024-06 (Q2)",
      "revenue": 217000000,
      "gross_profit": null,
      "operating_income": null,
      "net_income": 31700000,
      "opex": 177000000,
      "cogs": null,
      "rd": null,
      "sga": null,
      "fcf": 11700000,
      "ocf": 11700000,
      "capex": null,
      "gross_margin": null,
      "op_margin": null,
      "fcf_margin": 0.05391705069124424,
      "rev_growth_yoy": 0.008364312267657992,
      "rev_growth_yoy_accel": -0.07202309693331053,
      "fcf_margin_change": 0.0512276737302402
    },
    {
      "date": "2024-09-30T00:00:00",
      "quarter_label": "2024-09 (Q3)",
      "revenue": 224000000,
      "gross_profit": null,
      "operating_income": null,
      "net_income": 30300000,
      "opex": 187300000,
      "cogs": null,
      "rd": null,
      "sga": null,
      "fcf": 51000000,
      "ocf": 51000000,
      "capex": null,
      "gross_margin": null,
      "op_margin": null,
      "fcf_margin": 0.22767857142857142,
      "rev_growth_yoy": 0.10073710073710074,
      "rev_growth_yoy_accel": 0.09237278846944275,
      "op_leverage_ratio": 0.554337613529596,
      "fcf_margin_change": 0.1737615207373272
    },
    {
      "date": "2024-12-31T00:00:00",
      "quarter_label": "2024-12 (Q4)",
      "revenue": 216600000,
      "gross_profit": null,
      "operating_income": null,
      "net_income": 28300000,
      "opex": 182000000,
      "cogs": null,
      "rd": null,
      "sga": null,
      "fcf": 13100000,
      "ocf": 13100000,
      "capex": null,
      "gross_margin": null,
      "op_margin": null,
      "fcf_margin": 0.060480147737765465,
      "rev_growth_yoy": -0.04031900753212229,
      "rev_growth_yoy_accel": -0.14105610826922302,
      "fcf_margin_change": -0.16719842369080595
    },
    {
      "date": "2025-03-31T00:00:00",
      "quarter_label": "2025-03 (Q1)",
      "revenue": 202600000,
      "gross_profit": null,
      "operating_income": null,
      "net_income": 12800000,
      "opex": 186700000,
      "cogs": null,
      "rd": null,
      "sga": null,
      "fcf": 14600000,
      "ocf": 14600000,
      "capex": null,
      "gross_margin": null,
      "op_margin": null,
      "fcf_margin": 0.07206317867719644,
      "rev_growth_yoy": -0.09188704616763783,
      "rev_growth_yoy_accel": -0.051568038635515547,
      "fcf_margin_change": 0.011583030939430979
    },
    {
      "date": "2025-06-30T00:00:00",
      "quarter_label": "2025-06 (Q2)",
      "revenue": 246300000,
      "gross_profit": null,
      "operating_income": null,
      "net_income": 29700000,
      "opex": 209300000,
      "cogs": null,
      "rd": null,
      "sga": null,
      "fcf": 0,
      "ocf": 0,
      "capex": null,
      "gross_margin": null,
      "op_margin": null,
      "fcf_margin": 0.0,
      "rev_growth_yoy": 0.13502304147465438,
      "rev_growth_yoy_accel": 0.2269100876422922,
      "op_leverage_ratio": 1.7818776262568907,
      "fcf_margin_change": -0.07206317867719644
    },
    {
      "date": "2025-09-30T00:00:00",
      "quarter_label": "2025-09 (Q3)",
      "revenue": 239300000,
      "gross_profit": null,
      "operating_income": null,
      "net_income": -8300000,
      "opex": 250500000,
      "cogs": null,
      "rd": null,
      "sga": null,
      "fcf": 29400000,
      "ocf": 29400000,
      "capex": null,
      "gross_margin": null,
      "op_margin": null,
      "fcf_margin": 0.1228583368157125,
      "rev_growth_yoy": 0.06830357142857142,
      "rev_growth_yoy_accel": -0.06671947004608296,
      "fcf_margin_change": 0.1228583368157125
    }
  ],
  "signals": [
    {
      "quarter": "2025-09 (Q3)",
      "signal": "FCF MARGIN EXPANSION",
      "detail": "FCF margin: +0.0% -> +12.3% (+12.3%)",
      "severity": "MEDIUM"
    },
    {
      "quarter": "2025-09 (Q3)",
      "signal": "YoY REVENUE GROWTH DECELERATION",
      "detail": "YoY growth: +6.8% vs prior quarter YoY: +13.5% (decel: -6.7%)",
      "severity": "WARNING"
    },
    {
      "quarter": "2025-06 (Q2)",
      "signal": "OPERATING LEVERAGE",
      "detail": "Rev growth +21.6% vs OpEx growth +12.1% (leverage: 1.8x)",
      "severity": "MEDIUM"
    },
    {
      "quarter": "2025-06 (Q2)",
      "signal": "YoY REVENUE GROWTH ACCELERATION",
      "detail": "YoY growth: +13.5% vs prior quarter YoY: -9.2% (accel: +22.7%)",
      "severity": "HIGH"
    },
    {
      "quarter": "2025-03 (Q1)",
      "signal": "YoY REVENUE GROWTH DECELERATION",
      "detail": "YoY growth: -9.2% vs prior quarter YoY: -4.0% (decel: -5.2%)",
      "severity": "WARNING"
    },
    {
      "quarter": "2024-12 (Q4)",
      "signal": "YoY REVENUE GROWTH DECELERATION",
      "detail": "YoY growth: -4.0% vs prior quarter YoY: +10.1% (decel: -14.1%)",
      "severity": "WARNING"
    },
    {
      "quarter": "2024-09 (Q3)",
      "signal": "FCF MARGIN EXPANSION",
      "detail": "FCF margin: +5.4% -> +22.8% (+17.4%)",
      "severity": "MEDIUM"
    },
    {
      "quarter": "2024-09 (Q3)",
      "signal": "YoY REVENUE GROWTH ACCELERATION",
      "detail": "YoY growth: +10.1% vs prior quarter YoY: +0.8% (accel: +9.2%)",
      "severity": "MEDIUM"
    },
    {
      "quarter": "2024-06 (Q2)",
      "signal": "FCF MARGIN EXPANSION",
      "detail": "FCF margin: +0.3% -> +5.4% (+5.1%)",
      "severity": "MEDIUM"
    },
    {
      "quarter": "2024-06 (Q2)",
      "signal": "YoY REVENUE GROWTH DECELERATION",
      "detail": "YoY growth: +0.8% vs prior quarter YoY: +8.0% (decel: -7.2%)",
      "severity": "WARNING"
    },
    {
      "quarter": "2024-03 (Q1)",
      "signal": "YoY REVENUE GROWTH ACCELERATION",
      "detail": "YoY growth: +8.0% vs prior quarter YoY: +1.8% (accel: +6.3%)",
      "severity": "MEDIUM"
    },
    {
      "quarter": "2023-09 (Q3)",
      "signal": "FCF TURNED POSITIVE",
      "detail": "FCF margin: -3.6% -> +12.4%",
      "severity": "HIGH"
    },
    {
      "quarter": "2023-09 (Q3)",
      "signal": "YoY REVENUE GROWTH DECELERATION",
      "detail": "YoY growth: -0.4% vs prior quarter YoY: +59.1% (decel: -59.5%)",
      "severity": "WARNING"
    },
    {
      "quarter": "2023-06 (Q2)",
      "signal": "YoY REVENUE GROWTH ACCELERATION",
      "detail": "YoY growth: +59.1% vs prior quarter YoY: +35.9% (accel: +23.2%)",
      "severity": "HIGH"
    },
    {
      "quarter": "2023-03 (Q1)",
      "signal": "YoY REVENUE GROWTH ACCELERATION",
      "detail": "YoY growth: +35.9% vs prior quarter YoY: +11.0% (accel: +24.8%)",
      "severity": "HIGH"
    },
    {
      "quarter": "2022-12 (Q4)",
      "signal": "YoY REVENUE GROWTH DECELERATION",
      "detail": "YoY growth: +11.0% vs prior quarter YoY: +21.4% (decel: -10.4%)",
      "severity": "WARNING"
    },
    {
      "quarter": "2022-09 (Q3)",
      "signal": "OPERATING LEVERAGE",
      "detail": "Rev growth +51.1% vs OpEx growth +15.3% (leverage: 3.3x)",
      "severity": "MEDIUM"
    },
    {
      "quarter": "2022-09 (Q3)",
      "signal": "YoY REVENUE GROWTH ACCELERATION",
      "detail": "YoY growth: +21.4% vs prior quarter YoY: -21.1% (accel: +42.5%)",
      "severity": "HIGH"
    },
    {
      "quarter": "2022-06 (Q2)",
      "signal": "YoY REVENUE GROWTH DECELERATION",
      "detail": "YoY growth: -21.1% vs prior quarter YoY: -7.1% (decel: -14.0%)",
      "severity": "WARNING"
    },
    {
      "quarter": "2022-03 (Q1)",
      "signal": "YoY REVENUE GROWTH DECELERATION",
      "detail": "YoY growth: -7.1% vs prior quarter YoY: +4.6% (decel: -11.6%)",
      "severity": "WARNING"
    },
    {
      "quarter": "2021-09 (Q3)",
      "signal": "FCF TURNED POSITIVE",
      "detail": "FCF margin: -8.1% -> +9.2%",
      "severity": "HIGH"
    },
    {
      "quarter": "2021-06 (Q2)",
      "signal": "OPERATING LEVERAGE",
      "detail": "Rev growth +4.8% vs OpEx growth +2.2% (leverage: 2.2x)",
      "severity": "MEDIUM"
    }
  ],
  "data_quality": {
    "n_quarters": 20,
    "coverage": {
      "revenue": [
        20,
        20
      ],
      "gross_profit": [
        0,
        20
      ],
      "op_income": [
        0,
        20
      ],
      "fcf": [
        20,
        20
      ]
    },
    "gaps": [],
    "warnings": [
      "gross_profit: no data",
      "op_income: no data"
    ]
  },
  "market_cap": null,
  "source": "SEC EDGAR",
  "last_updated": "2026-02-02T22:00:47.384382"
}