{
  "ticker": "EIX",
  "name": "EDISON INTERNATIONAL",
  "sector": "Utilities",
  "industry": "Utilities - Regulated Electric",
  "quarters": [
    {
      "date": "2021-03-31T00:00:00",
      "quarter_label": "2021-03 (Q1)",
      "revenue": 2960000000,
      "gross_profit": null,
      "operating_income": 399000000,
      "net_income": 259000000,
      "opex": 2561000000,
      "cogs": null,
      "rd": null,
      "sga": null,
      "fcf": -1286000000,
      "ocf": 72000000,
      "capex": -1358000000,
      "gross_margin": null,
      "op_margin": 0.1347972972972973,
      "fcf_margin": -0.43445945945945946
    },
    {
      "date": "2021-06-30T00:00:00",
      "quarter_label": "2021-06 (Q2)",
      "revenue": 3315000000,
      "gross_profit": null,
      "operating_income": 585000000,
      "net_income": 318000000,
      "opex": 2730000000,
      "cogs": null,
      "rd": null,
      "sga": null,
      "fcf": -2681000000,
      "ocf": -1446000000,
      "capex": -1235000000,
      "gross_margin": null,
      "op_margin": 0.17647058823529413,
      "fcf_margin": -0.8087481146304676,
      "op_leverage_ratio": 1.8174376299376298,
      "fcf_margin_change": -0.3742886551710081
    },
    {
      "date": "2021-09-30T00:00:00",
      "quarter_label": "2021-09 (Q3)",
      "revenue": 5299000000,
      "gross_profit": null,
      "operating_income": -128000000,
      "net_income": -341000000,
      "opex": 5427000000,
      "cogs": null,
      "rd": null,
      "sga": null,
      "fcf": -397000000,
      "ocf": 958000000,
      "capex": -1355000000,
      "gross_margin": null,
      "op_margin": -0.024155501037931685,
      "fcf_margin": -0.07491979618795999,
      "op_leverage_ratio": 0.605814739688979,
      "fcf_margin_change": 0.7338283184425076
    },
    {
      "date": "2021-12-31T00:00:00",
      "quarter_label": "2021-12 (Q4)",
      "revenue": 3331000000,
      "gross_profit": null,
      "operating_income": 621000000,
      "net_income": null,
      "opex": 2710000000,
      "cogs": null,
      "rd": null,
      "sga": null,
      "fcf": -1130000000,
      "ocf": 427000000,
      "capex": -1557000000,
      "gross_margin": null,
      "op_margin": 0.18643050135094566,
      "fcf_margin": -0.3392374662263585,
      "fcf_margin_change": -0.26431767003839846
    },
    {
      "date": "2022-03-31T00:00:00",
      "quarter_label": "2022-03 (Q1)",
      "revenue": 3968000000,
      "gross_profit": null,
      "operating_income": 259000000,
      "net_income": 136000000,
      "opex": 3709000000,
      "cogs": null,
      "rd": null,
      "sga": null,
      "fcf": -415000000,
      "ocf": 792000000,
      "capex": -1207000000,
      "gross_margin": null,
      "op_margin": 0.06527217741935484,
      "fcf_margin": -0.1045866935483871,
      "incr_op_margin_yoy": -0.1388888888888889,
      "rev_growth_yoy": 0.34054054054054056,
      "op_leverage_ratio": 0.5187625331726202,
      "fcf_margin_change": 0.23465077267797138
    },
    {
      "date": "2022-06-30T00:00:00",
      "quarter_label": "2022-06 (Q2)",
      "revenue": 4008000000,
      "gross_profit": null,
      "operating_income": 504000000,
      "net_income": 292000000,
      "opex": 3504000000,
      "cogs": null,
      "rd": null,
      "sga": null,
      "fcf": -1055000000,
      "ocf": 446000000,
      "capex": -1501000000,
      "gross_margin": null,
      "op_margin": 0.12574850299401197,
      "fcf_margin": -0.26322355289421157,
      "incr_op_margin_yoy": -0.11688311688311688,
      "rev_growth_yoy": 0.20904977375565612,
      "rev_growth_yoy_accel": -0.13149076678488444,
      "op_leverage_ratio": null,
      "fcf_margin_change": -0.15863685934582447
    },
    {
      "date": "2022-09-30T00:00:00",
      "quarter_label": "2022-09 (Q3)",
      "revenue": 5228000000,
      "gross_profit": null,
      "operating_income": -44000000,
      "net_income": -74000000,
      "opex": 5272000000,
      "cogs": null,
      "rd": null,
      "sga": null,
      "fcf": -624000000,
      "ocf": 874000000,
      "capex": -1498000000,
      "gross_margin": null,
      "op_margin": -0.008416220351951033,
      "fcf_margin": -0.11935730680948738,
      "incr_op_margin_yoy": -1.1830985915492958,
      "rev_growth_yoy": -0.01339875448197773,
      "rev_growth_yoy_accel": -0.22244852823763384,
      "op_leverage_ratio": 0.6032730918253989,
      "fcf_margin_change": 0.1438662460847242
    },
    {
      "date": "2022-12-31T00:00:00",
      "quarter_label": "2022-12 (Q4)",
      "revenue": 4016000000,
      "gross_profit": null,
      "operating_income": 764000000,
      "net_income": null,
      "opex": 3252000000,
      "cogs": null,
      "rd": null,
      "sga": null,
      "fcf": -468000000,
      "ocf": 1104000000,
      "capex": -1572000000,
      "gross_margin": null,
      "op_margin": 0.1902390438247012,
      "fcf_margin": -0.11653386454183266,
      "incr_op_margin_yoy": 0.20875912408759123,
      "rev_growth_yoy": 0.20564395076553588,
      "rev_growth_yoy_accel": 0.2190427052475136,
      "fcf_margin_change": 0.0028234422676547133
    },
    {
      "date": "2023-03-31T00:00:00",
      "quarter_label": "2023-03 (Q1)",
      "revenue": 3966000000,
      "gross_profit": null,
      "operating_income": 620000000,
      "net_income": 365000000,
      "opex": 3346000000,
      "cogs": null,
      "rd": null,
      "sga": null,
      "fcf": -1414000000,
      "ocf": -90000000,
      "capex": -1324000000,
      "gross_margin": null,
      "op_margin": 0.15632879475542108,
      "fcf_margin": -0.35653050932929903,
      "incr_op_margin_yoy": -180.5,
      "rev_growth_yoy": -0.0005040322580645161,
      "rev_growth_yoy_accel": -0.2061479830236004,
      "fcf_margin_change": -0.23999664478746635
    },
    {
      "date": "2023-06-30T00:00:00",
      "quarter_label": "2023-06 (Q2)",
      "revenue": 3964000000,
      "gross_profit": null,
      "operating_income": 724000000,
      "net_income": null,
      "opex": 3240000000,
      "cogs": null,
      "rd": null,
      "sga": null,
      "fcf": -585000000,
      "ocf": 802000000,
      "capex": -1387000000,
      "gross_margin": null,
      "op_margin": 0.18264379414732593,
      "fcf_margin": -0.1475782038345106,
      "incr_op_margin_yoy": -5.0,
      "rev_growth_yoy": -0.010978043912175649,
      "rev_growth_yoy_accel": -0.010474011654111133,
      "fcf_margin_change": 0.20895230549478844
    },
    {
      "date": "2023-09-30T00:00:00",
      "quarter_label": "2023-09 (Q3)",
      "revenue": 4702000000,
      "gross_profit": null,
      "operating_income": 492000000,
      "net_income": null,
      "opex": 4210000000,
      "cogs": null,
      "rd": null,
      "sga": null,
      "fcf": 554000000,
      "ocf": 1834000000,
      "capex": -1280000000,
      "gross_margin": null,
      "op_margin": 0.10463632496809869,
      "fcf_margin": 0.11782220331773713,
      "incr_op_margin_yoy": -1.0190114068441065,
      "rev_growth_yoy": -0.10061208875286917,
      "rev_growth_yoy_accel": -0.08963404484069352,
      "op_leverage_ratio": 0.6218648246590448,
      "fcf_margin_change": 0.2654004071522477
    },
    {
      "date": "2023-12-31T00:00:00",
      "quarter_label": "2023-12 (Q4)",
      "revenue": 3706000000,
      "gross_profit": null,
      "operating_income": 791000000,
      "net_income": null,
      "opex": 2915000000,
      "cogs": null,
      "rd": null,
      "sga": null,
      "fcf": -602000000,
      "ocf": 855000000,
      "capex": -1457000000,
      "gross_margin": null,
      "op_margin": 0.21343766864543984,
      "fcf_margin": -0.16243928764166216,
      "incr_op_margin_yoy": -0.08709677419354839,
      "rev_growth_yoy": -0.07719123505976096,
      "rev_growth_yoy_accel": 0.023420853693108215,
      "fcf_margin_change": -0.2802614909593993
    },
    {
      "date": "2024-03-31T00:00:00",
      "quarter_label": "2024-03 (Q1)",
      "revenue": 4078000000,
      "gross_profit": null,
      "operating_income": 245000000,
      "net_income": -11000000,
      "opex": 3833000000,
      "cogs": null,
      "rd": null,
      "sga": null,
      "fcf": -236000000,
      "ocf": 1043000000,
      "capex": -1279000000,
      "gross_margin": null,
      "op_margin": 0.06007846983815596,
      "fcf_margin": -0.05787150564001962,
      "incr_op_margin_yoy": -3.3482142857142856,
      "rev_growth_yoy": 0.028240040342914774,
      "rev_growth_yoy_accel": 0.10543127540267573,
      "op_leverage_ratio": 0.31873767675805703,
      "fcf_margin_change": 0.10456778200164255
    },
    {
      "date": "2024-06-30T00:00:00",
      "quarter_label": "2024-06 (Q2)",
      "revenue": 4336000000,
      "gross_profit": null,
      "operating_income": 900000000,
      "net_income": 439000000,
      "opex": 3436000000,
      "cogs": null,
      "rd": null,
      "sga": null,
      "fcf": -1092000000,
      "ocf": 329000000,
      "capex": -1421000000,
      "gross_margin": null,
      "op_margin": 0.20756457564575645,
      "fcf_margin": -0.2518450184501845,
      "incr_op_margin_yoy": 0.4731182795698925,
      "rev_growth_yoy": 0.09384460141271443,
      "rev_growth_yoy_accel": 0.06560456106979966,
      "op_leverage_ratio": null,
      "fcf_margin_change": -0.19397351281016487
    },
    {
      "date": "2024-09-30T00:00:00",
      "quarter_label": "2024-09 (Q3)",
      "revenue": 5201000000,
      "gross_profit": null,
      "operating_income": 995000000,
      "net_income": 516000000,
      "opex": 4206000000,
      "cogs": null,
      "rd": null,
      "sga": null,
      "fcf": 961000000,
      "ocf": 2472000000,
      "capex": -1511000000,
      "gross_margin": null,
      "op_margin": 0.19130936358392617,
      "fcf_margin": 0.18477215920015383,
      "incr_op_margin_yoy": 1.0080160320641283,
      "rev_growth_yoy": 0.10612505316886431,
      "rev_growth_yoy_accel": 0.012280451756149877,
      "op_leverage_ratio": 0.8902034312550918,
      "fcf_margin_change": 0.4366171776503383
    },
    {
      "date": "2024-12-31T00:00:00",
      "quarter_label": "2024-12 (Q4)",
      "revenue": 3984000000,
      "gross_profit": null,
      "operating_income": 790000000,
      "net_income": 340000000,
      "opex": 3194000000,
      "cogs": null,
      "rd": null,
      "sga": null,
      "fcf": -326000000,
      "ocf": 1170000000,
      "capex": -1496000000,
      "gross_margin": null,
      "op_margin": 0.19829317269076305,
      "fcf_margin": -0.0818273092369478,
      "incr_op_margin_yoy": -0.0035971223021582736,
      "rev_growth_yoy": 0.07501349163518618,
      "rev_growth_yoy_accel": -0.031111561533678125,
      "fcf_margin_change": -0.26659946843710164
    },
    {
      "date": "2025-03-31T00:00:00",
      "quarter_label": "2025-03 (Q1)",
      "revenue": 3811000000,
      "gross_profit": null,
      "operating_income": 2134000000,
      "net_income": 1436000000,
      "opex": 1677000000,
      "cogs": null,
      "rd": null,
      "sga": null,
      "fcf": -184000000,
      "ocf": 1224000000,
      "capex": -1408000000,
      "gross_margin": null,
      "op_margin": 0.5599580162686959,
      "fcf_margin": -0.0482812909997376,
      "incr_op_margin_yoy": -7.074906367041199,
      "rev_growth_yoy": -0.06547327121137812,
      "rev_growth_yoy_accel": -0.1404867628465643,
      "fcf_margin_change": 0.03354601823721019
    },
    {
      "date": "2025-06-30T00:00:00",
      "quarter_label": "2025-06 (Q2)",
      "revenue": 4543000000,
      "gross_profit": null,
      "operating_income": 775000000,
      "net_income": 343000000,
      "opex": 3768000000,
      "cogs": null,
      "rd": null,
      "sga": null,
      "fcf": -830000000,
      "ocf": 882000000,
      "capex": -1712000000,
      "gross_margin": null,
      "op_margin": 0.17059211974466212,
      "fcf_margin": -0.18269865727492846,
      "incr_op_margin_yoy": -0.6038647342995169,
      "rev_growth_yoy": 0.047739852398523984,
      "rev_growth_yoy_accel": 0.1132131236099021,
      "op_leverage_ratio": 0.15404626116275208,
      "fcf_margin_change": -0.13441736627519085
    },
    {
      "date": "2025-09-30T00:00:00",
      "quarter_label": "2025-09 (Q3)",
      "revenue": 5750000000,
      "gross_profit": null,
      "operating_income": 1432000000,
      "net_income": 832000000,
      "opex": 4318000000,
      "cogs": null,
      "rd": null,
      "sga": null,
      "fcf": 618000000,
      "ocf": 2122000000,
      "capex": -1504000000,
      "gross_margin": null,
      "op_margin": 0.24904347826086956,
      "fcf_margin": 0.10747826086956522,
      "incr_op_margin_yoy": 0.7959927140255009,
      "rev_growth_yoy": 0.1055566237262065,
      "rev_growth_yoy_accel": 0.057816771327682516,
      "op_leverage_ratio": 1.8201732935785326,
      "fcf_margin_change": 0.29017691814449365
    },
    {
      "date": "2025-12-31T00:00:00",
      "quarter_label": "2025-12 (Q4)",
      "revenue": 5213000000,
      "gross_profit": null,
      "operating_income": 2752000000,
      "net_income": 1848000000,
      "opex": 2461000000,
      "cogs": null,
      "rd": null,
      "sga": null,
      "fcf": -319000000,
      "ocf": 1572000000,
      "capex": -1891000000,
      "gross_margin": null,
      "op_margin": 0.5279109917513908,
      "fcf_margin": -0.061193170918856704,
      "incr_op_margin_yoy": 1.596419853539463,
      "rev_growth_yoy": 0.3084839357429719,
      "rev_growth_yoy_accel": 0.2029273120167654,
      "fcf_margin_change": -0.16867143178842192
    }
  ],
  "signals": [
    {
      "quarter": "2025-12 (Q4)",
      "signal": "YoY REVENUE GROWTH ACCELERATION",
      "detail": "YoY growth: +30.8% vs prior quarter YoY: +10.6% (accel: +20.3%)",
      "severity": "HIGH"
    },
    {
      "quarter": "2025-12 (Q4)",
      "signal": "INCREMENTAL MARGIN (YoY)",
      "detail": "YoY Incr OPM: +159.6% vs year-ago OPM: +19.8%",
      "severity": "HIGH"
    },
    {
      "quarter": "2025-09 (Q3)",
      "signal": "FCF TURNED POSITIVE",
      "detail": "FCF margin: -18.3% -> +10.7%",
      "severity": "HIGH"
    },
    {
      "quarter": "2025-09 (Q3)",
      "signal": "OPERATING LEVERAGE",
      "detail": "Rev growth +26.6% vs OpEx growth +14.6% (leverage: 1.8x)",
      "severity": "MEDIUM"
    },
    {
      "quarter": "2025-09 (Q3)",
      "signal": "YoY REVENUE GROWTH ACCELERATION",
      "detail": "YoY growth: +10.6% vs prior quarter YoY: +4.8% (accel: +5.8%)",
      "severity": "MEDIUM"
    },
    {
      "quarter": "2025-09 (Q3)",
      "signal": "INCREMENTAL MARGIN (YoY)",
      "detail": "YoY Incr OPM: +79.6% vs year-ago OPM: +19.1%",
      "severity": "HIGH"
    },
    {
      "quarter": "2025-06 (Q2)",
      "signal": "YoY REVENUE GROWTH ACCELERATION",
      "detail": "YoY growth: +4.8% vs prior quarter YoY: -6.5% (accel: +11.3%)",
      "severity": "MEDIUM"
    },
    {
      "quarter": "2025-03 (Q1)",
      "signal": "YoY REVENUE GROWTH DECELERATION",
      "detail": "YoY growth: -6.5% vs prior quarter YoY: +7.5% (decel: -14.0%)",
      "severity": "WARNING"
    },
    {
      "quarter": "2024-09 (Q3)",
      "signal": "FCF TURNED POSITIVE",
      "detail": "FCF margin: -25.2% -> +18.5%",
      "severity": "HIGH"
    },
    {
      "quarter": "2024-09 (Q3)",
      "signal": "INCREMENTAL MARGIN (YoY)",
      "detail": "YoY Incr OPM: +100.8% vs year-ago OPM: +10.5%",
      "severity": "HIGH"
    },
    {
      "quarter": "2024-06 (Q2)",
      "signal": "YoY REVENUE GROWTH ACCELERATION",
      "detail": "YoY growth: +9.4% vs prior quarter YoY: +2.8% (accel: +6.6%)",
      "severity": "MEDIUM"
    },
    {
      "quarter": "2024-06 (Q2)",
      "signal": "INCREMENTAL MARGIN (YoY)",
      "detail": "YoY Incr OPM: +47.3% vs year-ago OPM: +18.3%",
      "severity": "HIGH"
    },
    {
      "quarter": "2024-03 (Q1)",
      "signal": "FCF MARGIN EXPANSION",
      "detail": "FCF margin: -16.2% -> -5.8% (+10.5%)",
      "severity": "MEDIUM"
    },
    {
      "quarter": "2024-03 (Q1)",
      "signal": "YoY REVENUE GROWTH ACCELERATION",
      "detail": "YoY growth: +2.8% vs prior quarter YoY: -7.7% (accel: +10.5%)",
      "severity": "MEDIUM"
    },
    {
      "quarter": "2023-09 (Q3)",
      "signal": "FCF TURNED POSITIVE",
      "detail": "FCF margin: -14.8% -> +11.8%",
      "severity": "HIGH"
    },
    {
      "quarter": "2023-09 (Q3)",
      "signal": "YoY REVENUE GROWTH DECELERATION",
      "detail": "YoY growth: -10.1% vs prior quarter YoY: -1.1% (decel: -9.0%)",
      "severity": "WARNING"
    },
    {
      "quarter": "2023-09 (Q3)",
      "signal": "OP MARGIN TURNED POSITIVE (YoY)",
      "detail": "Op margin: -0.8% (year-ago) -> +10.5%",
      "severity": "HIGH"
    },
    {
      "quarter": "2023-06 (Q2)",
      "signal": "FCF MARGIN EXPANSION",
      "detail": "FCF margin: -35.7% -> -14.8% (+20.9%)",
      "severity": "MEDIUM"
    },
    {
      "quarter": "2023-03 (Q1)",
      "signal": "YoY REVENUE GROWTH DECELERATION",
      "detail": "YoY growth: -0.1% vs prior quarter YoY: +20.6% (decel: -20.6%)",
      "severity": "WARNING"
    },
    {
      "quarter": "2022-12 (Q4)",
      "signal": "YoY REVENUE GROWTH ACCELERATION",
      "detail": "YoY growth: +20.6% vs prior quarter YoY: -1.3% (accel: +21.9%)",
      "severity": "HIGH"
    },
    {
      "quarter": "2022-12 (Q4)",
      "signal": "OP MARGIN TURNED POSITIVE (QoQ)",
      "detail": "Op margin: -0.8% -> +19.0%",
      "severity": "HIGH"
    },
    {
      "quarter": "2022-09 (Q3)",
      "signal": "FCF MARGIN EXPANSION",
      "detail": "FCF margin: -26.3% -> -11.9% (+14.4%)",
      "severity": "MEDIUM"
    },
    {
      "quarter": "2022-09 (Q3)",
      "signal": "YoY REVENUE GROWTH DECELERATION",
      "detail": "YoY growth: -1.3% vs prior quarter YoY: +20.9% (decel: -22.2%)",
      "severity": "WARNING"
    },
    {
      "quarter": "2022-06 (Q2)",
      "signal": "YoY REVENUE GROWTH DECELERATION",
      "detail": "YoY growth: +20.9% vs prior quarter YoY: +34.1% (decel: -13.1%)",
      "severity": "WARNING"
    },
    {
      "quarter": "2022-03 (Q1)",
      "signal": "FCF MARGIN EXPANSION",
      "detail": "FCF margin: -33.9% -> -10.5% (+23.5%)",
      "severity": "MEDIUM"
    },
    {
      "quarter": "2021-12 (Q4)",
      "signal": "OP MARGIN TURNED POSITIVE (QoQ)",
      "detail": "Op margin: -2.4% -> +18.6%",
      "severity": "HIGH"
    },
    {
      "quarter": "2021-09 (Q3)",
      "signal": "FCF MARGIN EXPANSION",
      "detail": "FCF margin: -80.9% -> -7.5% (+73.4%)",
      "severity": "MEDIUM"
    },
    {
      "quarter": "2021-06 (Q2)",
      "signal": "OPERATING LEVERAGE",
      "detail": "Rev growth +12.0% vs OpEx growth +6.6% (leverage: 1.8x)",
      "severity": "MEDIUM"
    }
  ],
  "data_quality": {
    "n_quarters": 20,
    "coverage": {
      "revenue": [
        20,
        20
      ],
      "gross_profit": [
        0,
        20
      ],
      "op_income": [
        20,
        20
      ],
      "fcf": [
        20,
        20
      ]
    },
    "gaps": [],
    "warnings": [
      "gross_profit: no data"
    ]
  },
  "market_cap": null,
  "source": "SEC EDGAR",
  "last_updated": "2026-02-24T10:31:05.622668"
}