{
  "ticker": "ELAN",
  "name": "Elanco Animal Health Incorporated",
  "quarters": [
    {
      "date": "2020-12-31T00:00:00",
      "quarter_label": "2020-12 (Q4)",
      "revenue": 1139700000,
      "gross_profit": 543500000,
      "operating_income": null,
      "net_income": -322800000,
      "opex": 486800000,
      "cogs": 596200000,
      "rd": 112700000,
      "sga": 374100000,
      "fcf": -212000000,
      "ocf": -93000000,
      "capex": -119000000,
      "gross_margin": 0.47687988067035186,
      "op_margin": null,
      "fcf_margin": -0.18601386329735894
    },
    {
      "date": "2021-03-31T00:00:00",
      "quarter_label": "2021-03 (Q1)",
      "revenue": 1242000000,
      "gross_profit": 673000000,
      "operating_income": null,
      "net_income": -61000000,
      "opex": 1322000000,
      "cogs": 569000000,
      "rd": 89000000,
      "sga": 348000000,
      "fcf": 4000000,
      "ocf": 22000000,
      "capex": -18000000,
      "gross_margin": 0.5418679549114331,
      "op_margin": null,
      "fcf_margin": 0.00322061191626409,
      "op_leverage_ratio": 0.05231728151893168,
      "fcf_margin_change": 0.18923447521362302
    },
    {
      "date": "2021-06-30T00:00:00",
      "quarter_label": "2021-06 (Q2)",
      "revenue": 1279000000,
      "gross_profit": 728000000,
      "operating_income": null,
      "net_income": -210000000,
      "opex": 1515000000,
      "cogs": 551000000,
      "rd": 94000000,
      "sga": 385000000,
      "fcf": 132000000,
      "ocf": 149000000,
      "capex": -17000000,
      "gross_margin": 0.5691946833463644,
      "op_margin": null,
      "fcf_margin": 0.10320562939796717,
      "op_leverage_ratio": 0.20405830475666023,
      "fcf_margin_change": 0.09998501748170308
    },
    {
      "date": "2021-09-30T00:00:00",
      "quarter_label": "2021-09 (Q3)",
      "revenue": 1131000000,
      "gross_profit": 629000000,
      "operating_income": null,
      "net_income": -104000000,
      "opex": 1261000000,
      "cogs": 502000000,
      "rd": 94000000,
      "sga": 342000000,
      "fcf": 64000000,
      "ocf": 89000000,
      "capex": -25000000,
      "gross_margin": 0.5561450044208665,
      "op_margin": null,
      "fcf_margin": 0.05658709106984969,
      "fcf_margin_change": -0.04661853832811748
    },
    {
      "date": "2021-12-31T00:00:00",
      "quarter_label": "2021-12 (Q4)",
      "revenue": 1112000000,
      "gross_profit": 600000000,
      "operating_income": null,
      "net_income": -105000000,
      "opex": 1234000000,
      "cogs": 512000000,
      "rd": 92000000,
      "sga": 327000000,
      "fcf": 124000000,
      "ocf": 223000000,
      "capex": -99000000,
      "gross_margin": 0.539568345323741,
      "op_margin": null,
      "fcf_margin": 0.11151079136690648,
      "rev_growth_yoy": -0.024304641572343598,
      "fcf_margin_change": 0.05492370029705679
    },
    {
      "date": "2022-03-31T00:00:00",
      "quarter_label": "2022-03 (Q1)",
      "revenue": 1225000000,
      "gross_profit": 716000000,
      "operating_income": null,
      "net_income": 48000000,
      "opex": 1154000000,
      "cogs": 509000000,
      "rd": 81000000,
      "sga": 320000000,
      "fcf": -81000000,
      "ocf": -62000000,
      "capex": -19000000,
      "gross_margin": 0.5844897959183674,
      "op_margin": null,
      "fcf_margin": -0.06612244897959184,
      "rev_growth_yoy": -0.013687600644122383,
      "rev_growth_yoy_accel": 0.010617040928221215,
      "op_leverage_ratio": Infinity,
      "fcf_margin_change": -0.1776332403464983
    },
    {
      "date": "2022-06-30T00:00:00",
      "quarter_label": "2022-06 (Q2)",
      "revenue": 1177000000,
      "gross_profit": 693000000,
      "operating_income": null,
      "net_income": -22000000,
      "opex": 1195000000,
      "cogs": 484000000,
      "rd": 82000000,
      "sga": 343000000,
      "fcf": 286000000,
      "ocf": 312000000,
      "capex": -26000000,
      "gross_margin": 0.5887850467289719,
      "op_margin": null,
      "fcf_margin": 0.24299065420560748,
      "rev_growth_yoy": -0.0797498045347928,
      "rev_growth_yoy_accel": -0.06606220389067041,
      "fcf_margin_change": 0.3091131031851993
    },
    {
      "date": "2022-09-30T00:00:00",
      "quarter_label": "2022-09 (Q3)",
      "revenue": 1028000000,
      "gross_profit": 556000000,
      "operating_income": null,
      "net_income": -49000000,
      "opex": 1070000000,
      "cogs": 472000000,
      "rd": 78000000,
      "sga": 298000000,
      "fcf": 163000000,
      "ocf": 189000000,
      "capex": -26000000,
      "gross_margin": 0.5408560311284046,
      "op_margin": null,
      "fcf_margin": 0.15856031128404668,
      "rev_growth_yoy": -0.09106984969053934,
      "rev_growth_yoy_accel": -0.011320045155746541,
      "fcf_margin_change": -0.08443034292156079
    },
    {
      "date": "2022-12-31T00:00:00",
      "quarter_label": "2022-12 (Q4)",
      "revenue": 981000000,
      "gross_profit": 533000000,
      "operating_income": null,
      "net_income": -55000000,
      "opex": 1064000000,
      "cogs": 448000000,
      "rd": 80000000,
      "sga": 304000000,
      "fcf": -87000000,
      "ocf": 13000000,
      "capex": -100000000,
      "gross_margin": 0.5433231396534148,
      "op_margin": null,
      "fcf_margin": -0.08868501529051988,
      "rev_growth_yoy": -0.11780575539568346,
      "rev_growth_yoy_accel": -0.026735905705144114,
      "fcf_margin_change": -0.24724532657456655
    },
    {
      "date": "2023-03-31T00:00:00",
      "quarter_label": "2023-03 (Q1)",
      "revenue": 1257000000,
      "gross_profit": 763000000,
      "operating_income": null,
      "net_income": 103000000,
      "opex": 1149000000,
      "cogs": 494000000,
      "rd": 81000000,
      "sga": 327000000,
      "fcf": -169000000,
      "ocf": -145000000,
      "capex": -24000000,
      "gross_margin": 0.6070007955449482,
      "op_margin": null,
      "fcf_margin": -0.13444709626093873,
      "rev_growth_yoy": 0.026122448979591838,
      "rev_growth_yoy_accel": 0.1439282043752753,
      "op_leverage_ratio": 3.5217844936139593,
      "fcf_margin_change": -0.04576208097041885
    },
    {
      "date": "2023-06-30T00:00:00",
      "quarter_label": "2023-06 (Q2)",
      "revenue": 1057000000,
      "gross_profit": 623000000,
      "operating_income": null,
      "net_income": -97000000,
      "opex": 1136000000,
      "cogs": 434000000,
      "rd": 81000000,
      "sga": 353000000,
      "fcf": 19000000,
      "ocf": 61000000,
      "capex": -42000000,
      "gross_margin": 0.5894039735099338,
      "op_margin": null,
      "fcf_margin": 0.017975402081362345,
      "rev_growth_yoy": -0.10195412064570943,
      "rev_growth_yoy_accel": -0.12807656962530126,
      "fcf_margin_change": 0.15242249834230107
    },
    {
      "date": "2023-09-30T00:00:00",
      "quarter_label": "2023-09 (Q3)",
      "revenue": 1068000000,
      "gross_profit": 581000000,
      "operating_income": null,
      "net_income": -1096000000,
      "opex": 2165000000,
      "cogs": 487000000,
      "rd": 86000000,
      "sga": 313000000,
      "fcf": 165000000,
      "ocf": 198000000,
      "capex": -33000000,
      "gross_margin": 0.5440074906367042,
      "op_margin": null,
      "fcf_margin": 0.1544943820224719,
      "rev_growth_yoy": 0.038910505836575876,
      "rev_growth_yoy_accel": 0.14086462648228532,
      "op_leverage_ratio": 0.011488958335057229,
      "fcf_margin_change": 0.13651897994110956
    },
    {
      "date": "2023-12-31T00:00:00",
      "quarter_label": "2023-12 (Q4)",
      "revenue": 1035000000,
      "gross_profit": 519000000,
      "operating_income": null,
      "net_income": -141000000,
      "opex": 1162000000,
      "cogs": 516000000,
      "rd": 79000000,
      "sga": 292000000,
      "fcf": 116000000,
      "ocf": 157000000,
      "capex": -41000000,
      "gross_margin": 0.5014492753623189,
      "op_margin": null,
      "fcf_margin": 0.11207729468599034,
      "rev_growth_yoy": 0.05504587155963303,
      "rev_growth_yoy_accel": 0.016135365723057155,
      "fcf_margin_change": -0.04241708733648156
    },
    {
      "date": "2024-03-31T00:00:00",
      "quarter_label": "2024-03 (Q1)",
      "revenue": 1205000000,
      "gross_profit": 690000000,
      "operating_income": null,
      "net_income": 32000000,
      "opex": 1193000000,
      "cogs": 515000000,
      "rd": 87000000,
      "sga": 337000000,
      "fcf": -22000000,
      "ocf": 2000000,
      "capex": -24000000,
      "gross_margin": 0.5726141078838174,
      "op_margin": null,
      "fcf_margin": -0.018257261410788383,
      "rev_growth_yoy": -0.04136833731105807,
      "rev_growth_yoy_accel": -0.0964142088706911,
      "op_leverage_ratio": 6.156771076827178,
      "fcf_margin_change": -0.13033455609677871
    },
    {
      "date": "2024-06-30T00:00:00",
      "quarter_label": "2024-06 (Q2)",
      "revenue": 1184000000,
      "gross_profit": 689000000,
      "operating_income": null,
      "net_income": -50000000,
      "opex": 1216000000,
      "cogs": 495000000,
      "rd": 89000000,
      "sga": 354000000,
      "fcf": 166000000,
      "ocf": 200000000,
      "capex": -34000000,
      "gross_margin": 0.5819256756756757,
      "op_margin": null,
      "fcf_margin": 0.14020270270270271,
      "rev_growth_yoy": 0.12015137180700095,
      "rev_growth_yoy_accel": 0.16151970911805902,
      "fcf_margin_change": 0.1584599641134911
    },
    {
      "date": "2024-09-30T00:00:00",
      "quarter_label": "2024-09 (Q3)",
      "revenue": 1030000000,
      "gross_profit": 538000000,
      "operating_income": null,
      "net_income": 364000000,
      "opex": 471000000,
      "cogs": 492000000,
      "rd": 87000000,
      "sga": 323000000,
      "fcf": 120000000,
      "ocf": 162000000,
      "capex": -42000000,
      "gross_margin": 0.5223300970873787,
      "op_margin": null,
      "fcf_margin": 0.11650485436893204,
      "rev_growth_yoy": -0.035580524344569285,
      "rev_growth_yoy_accel": -0.15573189615157024,
      "fcf_margin_change": -0.02369784833377067
    },
    {
      "date": "2024-12-31T00:00:00",
      "quarter_label": "2024-12 (Q4)",
      "revenue": 1020000000,
      "gross_profit": 519000000,
      "operating_income": null,
      "net_income": -8000000,
      "opex": 1071000000,
      "cogs": 501000000,
      "rd": 81000000,
      "sga": 300000000,
      "fcf": 130000000,
      "ocf": 177000000,
      "capex": -47000000,
      "gross_margin": 0.5088235294117647,
      "op_margin": null,
      "fcf_margin": 0.12745098039215685,
      "rev_growth_yoy": -0.014492753623188406,
      "rev_growth_yoy_accel": 0.021087770721380877,
      "fcf_margin_change": 0.010946126023224811
    },
    {
      "date": "2025-03-31T00:00:00",
      "quarter_label": "2025-03 (Q1)",
      "revenue": 1193000000,
      "gross_profit": 684000000,
      "operating_income": null,
      "net_income": 67000000,
      "opex": null,
      "cogs": 509000000,
      "rd": 94000000,
      "sga": 341000000,
      "fcf": -69000000,
      "ocf": -4000000,
      "capex": -65000000,
      "gross_margin": 0.5733445096395641,
      "op_margin": null,
      "fcf_margin": -0.057837384744341996,
      "rev_growth_yoy": -0.00995850622406639,
      "rev_growth_yoy_accel": 0.004534247399122017,
      "fcf_margin_change": -0.18528836513649885
    },
    {
      "date": "2025-06-30T00:00:00",
      "quarter_label": "2025-06 (Q2)",
      "revenue": 1241000000,
      "gross_profit": 713000000,
      "operating_income": null,
      "net_income": 11000000,
      "opex": null,
      "cogs": 528000000,
      "rd": 92000000,
      "sga": 400000000,
      "fcf": 180000000,
      "ocf": 237000000,
      "capex": -57000000,
      "gross_margin": 0.5745366639806607,
      "op_margin": null,
      "fcf_margin": 0.145044319097502,
      "rev_growth_yoy": 0.04814189189189189,
      "rev_growth_yoy_accel": 0.05810039811595828,
      "fcf_margin_change": 0.202881703841844
    },
    {
      "date": "2025-09-30T00:00:00",
      "quarter_label": "2025-09 (Q3)",
      "revenue": 1137000000,
      "gross_profit": 607000000,
      "operating_income": null,
      "net_income": -34000000,
      "opex": null,
      "cogs": 530000000,
      "rd": 89000000,
      "sga": 351000000,
      "fcf": 127000000,
      "ocf": 219000000,
      "capex": -92000000,
      "gross_margin": 0.5338610378188214,
      "op_margin": null,
      "fcf_margin": 0.11169744942832015,
      "rev_growth_yoy": 0.10388349514563107,
      "rev_growth_yoy_accel": 0.055741603253739176,
      "fcf_margin_change": -0.033346869669181864
    }
  ],
  "signals": [
    {
      "quarter": "2025-09 (Q3)",
      "signal": "YoY REVENUE GROWTH ACCELERATION",
      "detail": "YoY growth: +10.4% vs prior quarter YoY: +4.8% (accel: +5.6%)",
      "severity": "MEDIUM"
    },
    {
      "quarter": "2025-06 (Q2)",
      "signal": "FCF TURNED POSITIVE",
      "detail": "FCF margin: -5.8% -> +14.5%",
      "severity": "HIGH"
    },
    {
      "quarter": "2025-06 (Q2)",
      "signal": "YoY REVENUE GROWTH ACCELERATION",
      "detail": "YoY growth: +4.8% vs prior quarter YoY: -1.0% (accel: +5.8%)",
      "severity": "MEDIUM"
    },
    {
      "quarter": "2025-03 (Q1)",
      "signal": "GROSS MARGIN INFLECTION",
      "detail": "GM: +52.2% -> +50.9% -> +57.3% (reversal +6.5%)",
      "severity": "HIGH"
    },
    {
      "quarter": "2024-09 (Q3)",
      "signal": "YoY REVENUE GROWTH DECELERATION",
      "detail": "YoY growth: -3.6% vs prior quarter YoY: +12.0% (decel: -15.6%)",
      "severity": "WARNING"
    },
    {
      "quarter": "2024-06 (Q2)",
      "signal": "FCF TURNED POSITIVE",
      "detail": "FCF margin: -1.8% -> +14.0%",
      "severity": "HIGH"
    },
    {
      "quarter": "2024-06 (Q2)",
      "signal": "YoY REVENUE GROWTH ACCELERATION",
      "detail": "YoY growth: +12.0% vs prior quarter YoY: -4.1% (accel: +16.2%)",
      "severity": "HIGH"
    },
    {
      "quarter": "2024-03 (Q1)",
      "signal": "OPERATING LEVERAGE",
      "detail": "Rev growth +16.4% vs OpEx growth +2.7% (leverage: 6.2x)",
      "severity": "MEDIUM"
    },
    {
      "quarter": "2024-03 (Q1)",
      "signal": "GROSS MARGIN INFLECTION",
      "detail": "GM: +54.4% -> +50.1% -> +57.3% (reversal +7.1%)",
      "severity": "HIGH"
    },
    {
      "quarter": "2024-03 (Q1)",
      "signal": "YoY REVENUE GROWTH DECELERATION",
      "detail": "YoY growth: -4.1% vs prior quarter YoY: +5.5% (decel: -9.6%)",
      "severity": "WARNING"
    },
    {
      "quarter": "2023-09 (Q3)",
      "signal": "FCF MARGIN EXPANSION",
      "detail": "FCF margin: +1.8% -> +15.4% (+13.7%)",
      "severity": "MEDIUM"
    },
    {
      "quarter": "2023-09 (Q3)",
      "signal": "YoY REVENUE GROWTH ACCELERATION",
      "detail": "YoY growth: +3.9% vs prior quarter YoY: -10.2% (accel: +14.1%)",
      "severity": "MEDIUM"
    },
    {
      "quarter": "2023-06 (Q2)",
      "signal": "FCF TURNED POSITIVE",
      "detail": "FCF margin: -13.4% -> +1.8%",
      "severity": "HIGH"
    },
    {
      "quarter": "2023-06 (Q2)",
      "signal": "YoY REVENUE GROWTH DECELERATION",
      "detail": "YoY growth: -10.2% vs prior quarter YoY: +2.6% (decel: -12.8%)",
      "severity": "WARNING"
    },
    {
      "quarter": "2023-03 (Q1)",
      "signal": "OPERATING LEVERAGE",
      "detail": "Rev growth +28.1% vs OpEx growth +8.0% (leverage: 3.5x)",
      "severity": "MEDIUM"
    },
    {
      "quarter": "2023-03 (Q1)",
      "signal": "YoY REVENUE GROWTH ACCELERATION",
      "detail": "YoY growth: +2.6% vs prior quarter YoY: -11.8% (accel: +14.4%)",
      "severity": "MEDIUM"
    },
    {
      "quarter": "2022-06 (Q2)",
      "signal": "FCF TURNED POSITIVE",
      "detail": "FCF margin: -6.6% -> +24.3%",
      "severity": "HIGH"
    },
    {
      "quarter": "2022-06 (Q2)",
      "signal": "YoY REVENUE GROWTH DECELERATION",
      "detail": "YoY growth: -8.0% vs prior quarter YoY: -1.4% (decel: -6.6%)",
      "severity": "WARNING"
    },
    {
      "quarter": "2022-03 (Q1)",
      "signal": "GROSS MARGIN INFLECTION",
      "detail": "GM: +55.6% -> +54.0% -> +58.4% (reversal +4.5%)",
      "severity": "MEDIUM"
    },
    {
      "quarter": "2021-12 (Q4)",
      "signal": "FCF MARGIN EXPANSION",
      "detail": "FCF margin: +5.7% -> +11.2% (+5.5%)",
      "severity": "MEDIUM"
    },
    {
      "quarter": "2021-06 (Q2)",
      "signal": "FCF MARGIN EXPANSION",
      "detail": "FCF margin: +0.3% -> +10.3% (+10.0%)",
      "severity": "MEDIUM"
    },
    {
      "quarter": "2021-03 (Q1)",
      "signal": "FCF TURNED POSITIVE",
      "detail": "FCF margin: -18.6% -> +0.3%",
      "severity": "HIGH"
    }
  ],
  "data_quality": {
    "n_quarters": 20,
    "coverage": {
      "revenue": [
        20,
        20
      ],
      "gross_profit": [
        20,
        20
      ],
      "op_income": [
        0,
        20
      ],
      "fcf": [
        20,
        20
      ]
    },
    "gaps": [],
    "warnings": [
      "op_income: no data"
    ]
  },
  "market_cap": null,
  "source": "SEC EDGAR",
  "last_updated": "2026-02-02T20:32:41.353229",
  "sector": "Healthcare",
  "industry": "Drug Manufacturers - Specialty & Generic"
}