{
  "ticker": "ELS",
  "name": "EQUITY LIFESTYLE PROPERTIES, INC.",
  "sector": "Real Estate",
  "industry": "REIT - Residential",
  "quarters": [
    {
      "date": "2021-03-31T00:00:00",
      "quarter_label": "2021-03 (Q1)",
      "revenue": 296044000,
      "gross_profit": null,
      "operating_income": null,
      "net_income": 68987000,
      "opex": 227866000,
      "cogs": null,
      "rd": null,
      "sga": null,
      "fcf": 173331000,
      "ocf": 173331000,
      "capex": null,
      "gross_margin": null,
      "op_margin": null,
      "fcf_margin": 0.5854906703057654
    },
    {
      "date": "2021-06-30T00:00:00",
      "quarter_label": "2021-06 (Q2)",
      "revenue": 317423000,
      "gross_profit": null,
      "operating_income": null,
      "net_income": 64080000,
      "opex": 254411000,
      "cogs": null,
      "rd": null,
      "sga": null,
      "fcf": 155595000,
      "ocf": 155595000,
      "capex": null,
      "gross_margin": null,
      "op_margin": null,
      "fcf_margin": 0.49018187087892184,
      "op_leverage_ratio": 0.6199089731253874,
      "fcf_margin_change": -0.09530879942684356
    },
    {
      "date": "2021-09-30T00:00:00",
      "quarter_label": "2021-09 (Q3)",
      "revenue": 332897000,
      "gross_profit": null,
      "operating_income": null,
      "net_income": 74093000,
      "opex": 259655000,
      "cogs": null,
      "rd": null,
      "sga": null,
      "fcf": 124681000,
      "ocf": 124681000,
      "capex": null,
      "gross_margin": null,
      "op_margin": null,
      "fcf_margin": 0.3745332640426318,
      "op_leverage_ratio": 2.3650340765177083,
      "fcf_margin_change": -0.11564860683629002
    },
    {
      "date": "2021-12-31T00:00:00",
      "quarter_label": "2021-12 (Q4)",
      "revenue": 325330000,
      "gross_profit": null,
      "operating_income": null,
      "net_income": null,
      "opex": 257585000,
      "cogs": null,
      "rd": null,
      "sga": null,
      "fcf": 55420000,
      "ocf": 55420000,
      "capex": null,
      "gross_margin": null,
      "op_margin": null,
      "fcf_margin": 0.17035010604616851,
      "fcf_margin_change": -0.2041831579964633
    },
    {
      "date": "2022-03-31T00:00:00",
      "quarter_label": "2022-03 (Q1)",
      "revenue": 360189000,
      "gross_profit": null,
      "operating_income": null,
      "net_income": 87050000,
      "opex": 273310000,
      "cogs": null,
      "rd": null,
      "sga": null,
      "fcf": 154642000,
      "ocf": 154642000,
      "capex": null,
      "gross_margin": null,
      "op_margin": null,
      "fcf_margin": 0.42933570986343284,
      "rev_growth_yoy": 0.2166738728026915,
      "op_leverage_ratio": 1.7551762195040603,
      "fcf_margin_change": 0.2589856038172643
    },
    {
      "date": "2022-06-30T00:00:00",
      "quarter_label": "2022-06 (Q2)",
      "revenue": 365305000,
      "gross_profit": null,
      "operating_income": null,
      "net_income": 64590000,
      "opex": 301968000,
      "cogs": null,
      "rd": null,
      "sga": null,
      "fcf": 149123000,
      "ocf": 149123000,
      "capex": null,
      "gross_margin": null,
      "op_margin": null,
      "fcf_margin": 0.4082150531747444,
      "rev_growth_yoy": 0.15084603195105584,
      "rev_growth_yoy_accel": -0.06582784085163565,
      "op_leverage_ratio": 0.13545958292260085,
      "fcf_margin_change": -0.021120656688688455
    },
    {
      "date": "2022-09-30T00:00:00",
      "quarter_label": "2022-09 (Q3)",
      "revenue": 380969000,
      "gross_profit": null,
      "operating_income": null,
      "net_income": 70510000,
      "opex": 308178000,
      "cogs": null,
      "rd": null,
      "sga": null,
      "fcf": 101358000,
      "ocf": 101358000,
      "capex": null,
      "gross_margin": null,
      "op_margin": null,
      "fcf_margin": 0.2660531434316178,
      "rev_growth_yoy": 0.14440502617926868,
      "rev_growth_yoy_accel": -0.006441005771787162,
      "op_leverage_ratio": 2.0850495506137516,
      "fcf_margin_change": -0.1421619097431266
    },
    {
      "date": "2022-12-31T00:00:00",
      "quarter_label": "2022-12 (Q4)",
      "revenue": 340604000,
      "gross_profit": null,
      "operating_income": null,
      "net_income": null,
      "opex": 268149000,
      "cogs": null,
      "rd": null,
      "sga": null,
      "fcf": 70691000,
      "ocf": 70691000,
      "capex": null,
      "gross_margin": null,
      "op_margin": null,
      "fcf_margin": 0.20754600650608918,
      "rev_growth_yoy": 0.04694925152921649,
      "rev_growth_yoy_accel": -0.09745577465005219,
      "fcf_margin_change": -0.05850713692552861
    },
    {
      "date": "2023-03-31T00:00:00",
      "quarter_label": "2023-03 (Q1)",
      "revenue": 369952000,
      "gross_profit": null,
      "operating_income": 88567000,
      "net_income": 86459000,
      "opex": 281385000,
      "cogs": null,
      "rd": null,
      "sga": null,
      "fcf": 158980000,
      "ocf": 158980000,
      "capex": null,
      "gross_margin": null,
      "op_margin": 0.2394013277398149,
      "fcf_margin": 0.42973142461724767,
      "rev_growth_yoy": 0.027105214206985778,
      "rev_growth_yoy_accel": -0.01984403732223071,
      "op_leverage_ratio": 1.7456138927983869,
      "fcf_margin_change": 0.2221854181111585
    },
    {
      "date": "2023-06-30T00:00:00",
      "quarter_label": "2023-06 (Q2)",
      "revenue": 370014000,
      "gross_profit": null,
      "operating_income": 65076000,
      "net_income": 66049000,
      "opex": 304938000,
      "cogs": null,
      "rd": null,
      "sga": null,
      "fcf": 107846000,
      "ocf": 107846000,
      "capex": null,
      "gross_margin": null,
      "op_margin": 0.17587442637305614,
      "fcf_margin": 0.2914646472836163,
      "rev_growth_yoy": 0.01289059826720138,
      "rev_growth_yoy_accel": -0.014214615939784398,
      "fcf_margin_change": -0.13826677733363135
    },
    {
      "date": "2023-09-30T00:00:00",
      "quarter_label": "2023-09 (Q3)",
      "revenue": 388813000,
      "gross_profit": null,
      "operating_income": 81029000,
      "net_income": 80741000,
      "opex": 307784000,
      "cogs": null,
      "rd": null,
      "sga": null,
      "fcf": 151832000,
      "ocf": 151832000,
      "capex": null,
      "gross_margin": null,
      "op_margin": 0.20840095367181652,
      "fcf_margin": 0.3905013464055986,
      "rev_growth_yoy": 0.02058960177862241,
      "rev_growth_yoy_accel": 0.007699003511421028,
      "op_leverage_ratio": 5.443688214551271,
      "fcf_margin_change": 0.09903669912198226
    },
    {
      "date": "2023-12-31T00:00:00",
      "quarter_label": "2023-12 (Q4)",
      "revenue": 360644000,
      "gross_profit": null,
      "operating_income": 85385000,
      "net_income": null,
      "opex": 275259000,
      "cogs": null,
      "rd": null,
      "sga": null,
      "fcf": 129347000,
      "ocf": 129347000,
      "capex": null,
      "gross_margin": null,
      "op_margin": 0.23675702354676634,
      "fcf_margin": 0.35865562715586563,
      "rev_growth_yoy": 0.05883665488367723,
      "rev_growth_yoy_accel": 0.03824705310505482,
      "fcf_margin_change": -0.03184571924973295
    },
    {
      "date": "2024-03-31T00:00:00",
      "quarter_label": "2024-03 (Q1)",
      "revenue": 386568000,
      "gross_profit": null,
      "operating_income": 114749000,
      "net_income": 115271000,
      "opex": 271819000,
      "cogs": null,
      "rd": null,
      "sga": null,
      "fcf": 198748000,
      "ocf": 198748000,
      "capex": null,
      "gross_margin": null,
      "op_margin": 0.29684040065396,
      "fcf_margin": 0.5141346412532853,
      "incr_op_margin_yoy": 1.5757101588830043,
      "rev_growth_yoy": 0.04491393478072831,
      "rev_growth_yoy_accel": -0.01392272010294892,
      "op_leverage_ratio": null,
      "fcf_margin_change": 0.1554790140974197
    },
    {
      "date": "2024-06-30T00:00:00",
      "quarter_label": "2024-06 (Q2)",
      "revenue": 380019000,
      "gross_profit": null,
      "operating_income": 81548000,
      "net_income": 82127000,
      "opex": 298471000,
      "cogs": null,
      "rd": null,
      "sga": null,
      "fcf": 143129000,
      "ocf": 143129000,
      "capex": null,
      "gross_margin": null,
      "op_margin": 0.21458927053647317,
      "fcf_margin": 0.3766364313363279,
      "incr_op_margin_yoy": 1.6463768115942028,
      "rev_growth_yoy": 0.02703951742366505,
      "rev_growth_yoy_accel": -0.01787441735706326,
      "fcf_margin_change": -0.13749820991695744
    },
    {
      "date": "2024-09-30T00:00:00",
      "quarter_label": "2024-09 (Q3)",
      "revenue": 387256000,
      "gross_profit": null,
      "operating_income": 82787000,
      "net_income": 86863000,
      "opex": 304469000,
      "cogs": null,
      "rd": null,
      "sga": null,
      "fcf": 149527000,
      "ocf": 149527000,
      "capex": null,
      "gross_margin": null,
      "op_margin": 0.2137784824508852,
      "fcf_margin": 0.38611925961121324,
      "incr_op_margin_yoy": -1.1290944123314066,
      "rev_growth_yoy": -0.004004495734453323,
      "rev_growth_yoy_accel": -0.031044013158118375,
      "op_leverage_ratio": 0.9476521255631116,
      "fcf_margin_change": 0.009482828274885335
    },
    {
      "date": "2024-12-31T00:00:00",
      "quarter_label": "2024-12 (Q4)",
      "revenue": 372323000,
      "gross_profit": null,
      "operating_income": 101598000,
      "net_income": null,
      "opex": 270725000,
      "cogs": null,
      "rd": null,
      "sga": null,
      "fcf": 105317000,
      "ocf": 105317000,
      "capex": null,
      "gross_margin": null,
      "op_margin": 0.27287597059542384,
      "fcf_margin": 0.2828646094922957,
      "incr_op_margin_yoy": 1.3882181693638154,
      "rev_growth_yoy": 0.03238373576158206,
      "rev_growth_yoy_accel": 0.03638823149603538,
      "fcf_margin_change": -0.10325465011891755
    },
    {
      "date": "2025-03-31T00:00:00",
      "quarter_label": "2025-03 (Q1)",
      "revenue": 387334000,
      "gross_profit": null,
      "operating_income": 109492000,
      "net_income": 114393000,
      "opex": 277842000,
      "cogs": null,
      "rd": null,
      "sga": null,
      "fcf": 193390000,
      "ocf": 193390000,
      "capex": null,
      "gross_margin": null,
      "op_margin": 0.28268109693442867,
      "fcf_margin": 0.4992848549314029,
      "rev_growth_yoy": 0.0019815401171333373,
      "rev_growth_yoy_accel": -0.03040219564444872,
      "op_leverage_ratio": 1.533631980524391,
      "fcf_margin_change": 0.2164202454391072
    },
    {
      "date": "2025-06-30T00:00:00",
      "quarter_label": "2025-06 (Q2)",
      "revenue": 376866000,
      "gross_profit": null,
      "operating_income": 84223000,
      "net_income": 83493000,
      "opex": 292643000,
      "cogs": null,
      "rd": null,
      "sga": null,
      "fcf": 131287000,
      "ocf": 131287000,
      "capex": null,
      "gross_margin": null,
      "op_margin": 0.2234826171636603,
      "fcf_margin": 0.34836520142437893,
      "incr_op_margin_yoy": -0.8483983507770377,
      "rev_growth_yoy": -0.008296953573373962,
      "rev_growth_yoy_accel": -0.0102784936905073,
      "fcf_margin_change": -0.15091965350702397
    },
    {
      "date": "2025-09-30T00:00:00",
      "quarter_label": "2025-09 (Q3)",
      "revenue": 393314000,
      "gross_profit": null,
      "operating_income": 98624000,
      "net_income": 100363000,
      "opex": 294690000,
      "cogs": null,
      "rd": null,
      "sga": null,
      "fcf": 147010000,
      "ocf": 147010000,
      "capex": null,
      "gross_margin": null,
      "op_margin": 0.2507513081151446,
      "fcf_margin": 0.3737726091621453,
      "incr_op_margin_yoy": 2.614229118520964,
      "rev_growth_yoy": 0.0156433986820088,
      "rev_growth_yoy_accel": 0.02394035225538276,
      "op_leverage_ratio": 6.2394518382472475,
      "fcf_margin_change": 0.02540740773776634
    },
    {
      "date": "2025-12-31T00:00:00",
      "quarter_label": "2025-12 (Q4)",
      "revenue": 373868000,
      "gross_profit": null,
      "operating_income": 99010000,
      "net_income": null,
      "opex": 274858000,
      "cogs": null,
      "rd": null,
      "sga": null,
      "fcf": 99461000,
      "ocf": 99461000,
      "capex": null,
      "gross_margin": null,
      "op_margin": 0.2648260883520387,
      "fcf_margin": 0.26603239646078297,
      "incr_op_margin_yoy": -1.6750809061488674,
      "rev_growth_yoy": 0.004149622773774384,
      "rev_growth_yoy_accel": -0.011493775908234416,
      "fcf_margin_change": -0.1077402127013623
    }
  ],
  "signals": [
    {
      "quarter": "2025-09 (Q3)",
      "signal": "OPERATING LEVERAGE",
      "detail": "Rev growth +4.4% vs OpEx growth +0.7% (leverage: 6.2x)",
      "severity": "MEDIUM"
    },
    {
      "quarter": "2025-09 (Q3)",
      "signal": "INCREMENTAL MARGIN (YoY)",
      "detail": "YoY Incr OPM: +261.4% vs year-ago OPM: +21.4%",
      "severity": "HIGH"
    },
    {
      "quarter": "2025-03 (Q1)",
      "signal": "FCF MARGIN EXPANSION",
      "detail": "FCF margin: +28.3% -> +49.9% (+21.6%)",
      "severity": "MEDIUM"
    },
    {
      "quarter": "2025-03 (Q1)",
      "signal": "OPERATING LEVERAGE",
      "detail": "Rev growth +4.0% vs OpEx growth +2.6% (leverage: 1.5x)",
      "severity": "MEDIUM"
    },
    {
      "quarter": "2024-12 (Q4)",
      "signal": "INCREMENTAL MARGIN (YoY)",
      "detail": "YoY Incr OPM: +138.8% vs year-ago OPM: +23.7%",
      "severity": "HIGH"
    },
    {
      "quarter": "2024-06 (Q2)",
      "signal": "INCREMENTAL MARGIN (YoY)",
      "detail": "YoY Incr OPM: +164.6% vs year-ago OPM: +17.6%",
      "severity": "HIGH"
    },
    {
      "quarter": "2024-03 (Q1)",
      "signal": "FCF MARGIN EXPANSION",
      "detail": "FCF margin: +35.9% -> +51.4% (+15.5%)",
      "severity": "MEDIUM"
    },
    {
      "quarter": "2024-03 (Q1)",
      "signal": "INCREMENTAL MARGIN (YoY)",
      "detail": "YoY Incr OPM: +157.6% vs year-ago OPM: +23.9%",
      "severity": "HIGH"
    },
    {
      "quarter": "2023-09 (Q3)",
      "signal": "FCF MARGIN EXPANSION",
      "detail": "FCF margin: +29.1% -> +39.1% (+9.9%)",
      "severity": "MEDIUM"
    },
    {
      "quarter": "2023-09 (Q3)",
      "signal": "OPERATING LEVERAGE",
      "detail": "Rev growth +5.1% vs OpEx growth +0.9% (leverage: 5.4x)",
      "severity": "MEDIUM"
    },
    {
      "quarter": "2023-03 (Q1)",
      "signal": "FCF MARGIN EXPANSION",
      "detail": "FCF margin: +20.8% -> +43.0% (+22.2%)",
      "severity": "MEDIUM"
    },
    {
      "quarter": "2023-03 (Q1)",
      "signal": "OPERATING LEVERAGE",
      "detail": "Rev growth +8.6% vs OpEx growth +4.9% (leverage: 1.7x)",
      "severity": "MEDIUM"
    },
    {
      "quarter": "2022-12 (Q4)",
      "signal": "YoY REVENUE GROWTH DECELERATION",
      "detail": "YoY growth: +4.7% vs prior quarter YoY: +14.4% (decel: -9.7%)",
      "severity": "WARNING"
    },
    {
      "quarter": "2022-09 (Q3)",
      "signal": "OPERATING LEVERAGE",
      "detail": "Rev growth +4.3% vs OpEx growth +2.1% (leverage: 2.1x)",
      "severity": "MEDIUM"
    },
    {
      "quarter": "2022-06 (Q2)",
      "signal": "YoY REVENUE GROWTH DECELERATION",
      "detail": "YoY growth: +15.1% vs prior quarter YoY: +21.7% (decel: -6.6%)",
      "severity": "WARNING"
    },
    {
      "quarter": "2022-03 (Q1)",
      "signal": "FCF MARGIN EXPANSION",
      "detail": "FCF margin: +17.0% -> +42.9% (+25.9%)",
      "severity": "MEDIUM"
    },
    {
      "quarter": "2022-03 (Q1)",
      "signal": "OPERATING LEVERAGE",
      "detail": "Rev growth +10.7% vs OpEx growth +6.1% (leverage: 1.8x)",
      "severity": "MEDIUM"
    },
    {
      "quarter": "2021-09 (Q3)",
      "signal": "OPERATING LEVERAGE",
      "detail": "Rev growth +4.9% vs OpEx growth +2.1% (leverage: 2.4x)",
      "severity": "MEDIUM"
    }
  ],
  "data_quality": {
    "n_quarters": 20,
    "coverage": {
      "revenue": [
        20,
        20
      ],
      "gross_profit": [
        0,
        20
      ],
      "op_income": [
        12,
        20
      ],
      "fcf": [
        20,
        20
      ]
    },
    "gaps": [],
    "warnings": [
      "gross_profit: no data",
      "op_income: 12/20Q"
    ]
  },
  "market_cap": null,
  "source": "SEC EDGAR",
  "last_updated": "2026-02-24T10:28:01.016598"
}