{
  "ticker": "EME",
  "name": "EMCOR Group, Inc.",
  "quarters": [
    {
      "date": "2020-12-31T00:00:00",
      "quarter_label": "2020-12 (Q4)",
      "revenue": 2281494000,
      "gross_profit": 383851000,
      "operating_income": 137622000,
      "net_income": 79781000,
      "opex": 246229000,
      "cogs": 1897643000,
      "rd": null,
      "sga": 244620000,
      "fcf": 259532000,
      "ocf": 259532000,
      "capex": null,
      "gross_margin": 0.16824545670512392,
      "op_margin": 0.06032100018671976,
      "fcf_margin": 0.11375528491418342
    },
    {
      "date": "2021-03-31T00:00:00",
      "quarter_label": "2021-03 (Q1)",
      "revenue": 2304049000,
      "gross_profit": 341073000,
      "operating_income": 117004000,
      "net_income": 84774000,
      "opex": 224069000,
      "cogs": 1962976000,
      "rd": null,
      "sga": 224069000,
      "fcf": -88989000,
      "ocf": -88989000,
      "capex": null,
      "gross_margin": 0.14803200799982985,
      "op_margin": 0.05078190611397587,
      "fcf_margin": -0.03862287651000478,
      "fcf_margin_change": -0.1523781614241882
    },
    {
      "date": "2021-06-30T00:00:00",
      "quarter_label": "2021-06 (Q2)",
      "revenue": 2437666000,
      "gross_profit": 376279000,
      "operating_income": 133358000,
      "net_income": 97350000,
      "opex": 242921000,
      "cogs": 2061387000,
      "rd": null,
      "sga": 242921000,
      "fcf": 82017000,
      "ocf": 82017000,
      "capex": null,
      "gross_margin": 0.15436035945859686,
      "op_margin": 0.05470724865506595,
      "fcf_margin": 0.0336457086409705,
      "op_leverage_ratio": 0.6892778943179584,
      "fcf_margin_change": 0.07226858515097528
    },
    {
      "date": "2021-09-30T00:00:00",
      "quarter_label": "2021-09 (Q3)",
      "revenue": 2521672000,
      "gross_profit": 381343000,
      "operating_income": 137421000,
      "net_income": 99740000,
      "opex": 243922000,
      "cogs": 2140329000,
      "rd": null,
      "sga": 243922000,
      "fcf": 120913000,
      "ocf": 120913000,
      "capex": null,
      "gross_margin": 0.15122624988499694,
      "op_margin": 0.05449598520346818,
      "fcf_margin": 0.047949535070381875,
      "op_leverage_ratio": 8.363096130031385,
      "fcf_margin_change": 0.014303826429411373
    },
    {
      "date": "2021-12-31T00:00:00",
      "quarter_label": "2021-12 (Q4)",
      "revenue": 2640193000,
      "gross_profit": 403042000,
      "operating_income": 143017000,
      "net_income": 101668000,
      "opex": 260025000,
      "cogs": 2237151000,
      "rd": null,
      "sga": 260025000,
      "fcf": 204876000,
      "ocf": 204876000,
      "capex": null,
      "gross_margin": 0.15265626414432582,
      "op_margin": 0.05416914596773797,
      "fcf_margin": 0.07759887250666903,
      "incr_op_margin_yoy": 0.015040465682926354,
      "rev_growth_yoy": 0.15722110161148792,
      "op_leverage_ratio": 0.7119522884133063,
      "fcf_margin_change": 0.02964933743628715
    },
    {
      "date": "2022-03-31T00:00:00",
      "quarter_label": "2022-03 (Q1)",
      "revenue": 2592549000,
      "gross_profit": 352555000,
      "operating_income": 99957000,
      "net_income": 73386000,
      "opex": 252598000,
      "cogs": 2239994000,
      "rd": null,
      "sga": 252598000,
      "fcf": -95814000,
      "ocf": -95814000,
      "capex": null,
      "gross_margin": 0.1359877865374965,
      "op_margin": 0.03855549114018674,
      "fcf_margin": -0.03695744998455188,
      "incr_op_margin_yoy": -0.059088388214904676,
      "rev_growth_yoy": 0.1252143509100718,
      "rev_growth_yoy_accel": -0.03200675070141612,
      "fcf_margin_change": -0.11455632249122091
    },
    {
      "date": "2022-06-30T00:00:00",
      "quarter_label": "2022-06 (Q2)",
      "revenue": 2707388000,
      "gross_profit": 383008000,
      "operating_income": 137644000,
      "net_income": 100664000,
      "opex": 245364000,
      "cogs": 2324380000,
      "rd": null,
      "sga": 245364000,
      "fcf": 76963000,
      "ocf": 76963000,
      "capex": null,
      "gross_margin": 0.14146771722412893,
      "op_margin": 0.05084014555726774,
      "fcf_margin": 0.02842703003780766,
      "incr_op_margin_yoy": 0.015890435337124892,
      "rev_growth_yoy": 0.11064764409890444,
      "rev_growth_yoy_accel": -0.014566706811167354,
      "op_leverage_ratio": Infinity,
      "fcf_margin_change": 0.06538448002235954
    },
    {
      "date": "2022-09-30T00:00:00",
      "quarter_label": "2022-09 (Q3)",
      "revenue": 2826361000,
      "gross_profit": 413231000,
      "operating_income": 150094000,
      "net_income": 105772000,
      "opex": 263137000,
      "cogs": 2413130000,
      "rd": null,
      "sga": 263137000,
      "fcf": 257205000,
      "ocf": 257205000,
      "capex": null,
      "gross_margin": 0.14620602251446294,
      "op_margin": 0.05310503506098478,
      "fcf_margin": 0.09100217558903481,
      "incr_op_margin_yoy": 0.041593231130759564,
      "rev_growth_yoy": 0.12082816480493895,
      "rev_growth_yoy_accel": 0.010180520706034507,
      "op_leverage_ratio": 0.6066637080921329,
      "fcf_margin_change": 0.06257514555122715
    },
    {
      "date": "2022-12-31T00:00:00",
      "quarter_label": "2022-12 (Q4)",
      "revenue": 2949822000,
      "gross_profit": 454800000,
      "operating_income": 177182000,
      "net_income": 126300000,
      "opex": 277618000,
      "cogs": 2495022000,
      "rd": null,
      "sga": 277618000,
      "fcf": 259579000,
      "ocf": 259579000,
      "capex": null,
      "gross_margin": 0.1541787945170929,
      "op_margin": 0.06006531919553112,
      "fcf_margin": 0.08799819107729212,
      "incr_op_margin_yoy": 0.11034173155615269,
      "rev_growth_yoy": 0.11727513859782221,
      "rev_growth_yoy_accel": -0.0035530262071167412,
      "op_leverage_ratio": 0.7937532637244574,
      "fcf_margin_change": -0.003003984511742691
    },
    {
      "date": "2023-03-31T00:00:00",
      "quarter_label": "2023-03 (Q1)",
      "revenue": 2890432000,
      "gross_profit": 436062000,
      "operating_income": 154910000,
      "net_income": 111473000,
      "opex": 281152000,
      "cogs": 2454370000,
      "rd": null,
      "sga": 281152000,
      "fcf": -84583000,
      "ocf": -84583000,
      "capex": null,
      "gross_margin": 0.15086395390031662,
      "op_margin": 0.053594064831831364,
      "fcf_margin": -0.029263099771937206,
      "incr_op_margin_yoy": 0.18447846973476165,
      "rev_growth_yoy": 0.11489966052714914,
      "rev_growth_yoy_accel": -0.002375478070673065,
      "fcf_margin_change": -0.11726129084922933
    },
    {
      "date": "2023-06-30T00:00:00",
      "quarter_label": "2023-06 (Q2)",
      "revenue": 3045622000,
      "gross_profit": 490060000,
      "operating_income": 196667000,
      "net_income": 140595000,
      "opex": 293393000,
      "cogs": 2555562000,
      "rd": null,
      "sga": 293393000,
      "fcf": 299515000,
      "ocf": 299515000,
      "capex": null,
      "gross_margin": 0.16090637643148098,
      "op_margin": 0.0645736732923521,
      "fcf_margin": 0.0983428015689406,
      "incr_op_margin_yoy": 0.1745034502740706,
      "rev_growth_yoy": 0.12493000633821233,
      "rev_growth_yoy_accel": 0.010030345811063185,
      "op_leverage_ratio": 1.2331765447707073,
      "fcf_margin_change": 0.1276059013408778
    },
    {
      "date": "2023-09-30T00:00:00",
      "quarter_label": "2023-09 (Q3)",
      "revenue": 3207598000,
      "gross_profit": 545472000,
      "operating_income": 234983000,
      "net_income": 169409000,
      "opex": 310489000,
      "cogs": 2662126000,
      "rd": null,
      "sga": 308139000,
      "fcf": 260965000,
      "ocf": 260965000,
      "capex": null,
      "gross_margin": 0.1700562227560935,
      "op_margin": 0.07325824495463584,
      "fcf_margin": 0.08135838717944081,
      "incr_op_margin_yoy": 0.2226672647198462,
      "rev_growth_yoy": 0.13488616634605416,
      "rev_growth_yoy_accel": 0.00995616000784183,
      "op_leverage_ratio": 0.9127039028815829,
      "fcf_margin_change": -0.016984414389499783
    },
    {
      "date": "2023-12-31T00:00:00",
      "quarter_label": "2023-12 (Q4)",
      "revenue": 3439221000,
      "gross_profit": 617745000,
      "operating_income": 289196000,
      "net_income": 211517000,
      "opex": 328549000,
      "cogs": 2821476000,
      "rd": null,
      "sga": 328549000,
      "fcf": 423758000,
      "ocf": 423758000,
      "capex": null,
      "gross_margin": 0.1796177099407104,
      "op_margin": 0.08408764659206257,
      "fcf_margin": 0.12321336721309854,
      "incr_op_margin_yoy": 0.2288807292209424,
      "rev_growth_yoy": 0.1659079768202963,
      "rev_growth_yoy_accel": 0.03102181047424213,
      "op_leverage_ratio": 1.241452824601718,
      "fcf_margin_change": 0.04185498003365773
    },
    {
      "date": "2024-03-31T00:00:00",
      "quarter_label": "2024-03 (Q1)",
      "revenue": 3432276000,
      "gross_profit": 589309000,
      "operating_income": 259953000,
      "net_income": 197149000,
      "opex": 329356000,
      "cogs": 2842967000,
      "rd": null,
      "sga": 329356000,
      "fcf": 132264000,
      "ocf": 132264000,
      "capex": null,
      "gross_margin": 0.17169627384277955,
      "op_margin": 0.07573779031756188,
      "fcf_margin": 0.03853536254077469,
      "incr_op_margin_yoy": 0.19386207100198583,
      "rev_growth_yoy": 0.18746125146690876,
      "rev_growth_yoy_accel": 0.02155327464661247,
      "fcf_margin_change": -0.08467800467232385
    },
    {
      "date": "2024-06-30T00:00:00",
      "quarter_label": "2024-06 (Q2)",
      "revenue": 3666897000,
      "gross_profit": 684001000,
      "operating_income": 332808000,
      "net_income": 247572000,
      "opex": 351193000,
      "cogs": 2982896000,
      "rd": null,
      "sga": 351193000,
      "fcf": 279694000,
      "ocf": 279694000,
      "capex": null,
      "gross_margin": 0.18653400954540036,
      "op_margin": 0.09076011679629943,
      "fcf_margin": 0.07627539033684338,
      "incr_op_margin_yoy": 0.2191316244819122,
      "rev_growth_yoy": 0.20398952988913266,
      "rev_growth_yoy_accel": 0.016528278422223902,
      "op_leverage_ratio": 1.030996719474749,
      "fcf_margin_change": 0.03774002779606869
    },
    {
      "date": "2024-09-30T00:00:00",
      "quarter_label": "2024-09 (Q3)",
      "revenue": 3696924000,
      "gross_profit": 734726000,
      "operating_income": 363538000,
      "net_income": 270263000,
      "opex": 371188000,
      "cogs": 2962198000,
      "rd": null,
      "sga": 371188000,
      "fcf": 526444000,
      "ocf": 526444000,
      "capex": null,
      "gross_margin": 0.19873981721019962,
      "op_margin": 0.09833526466868131,
      "fcf_margin": 0.14240054704938485,
      "incr_op_margin_yoy": 0.26271851485512726,
      "rev_growth_yoy": 0.15255215896755142,
      "rev_growth_yoy_accel": -0.05143737092158124,
      "fcf_margin_change": 0.06612515671254146
    },
    {
      "date": "2024-12-31T00:00:00",
      "quarter_label": "2024-12 (Q4)",
      "revenue": 3770019000,
      "gross_profit": 757015000,
      "operating_income": 388564000,
      "net_income": 292161000,
      "opex": 368451000,
      "cogs": 3013004000,
      "rd": null,
      "sga": 368451000,
      "fcf": 469492000,
      "ocf": 469492000,
      "capex": null,
      "gross_margin": 0.20079872276505767,
      "op_margin": 0.10306685457022896,
      "fcf_margin": 0.12453305938245934,
      "incr_op_margin_yoy": 0.30038875688486627,
      "rev_growth_yoy": 0.09618399050250043,
      "rev_growth_yoy_accel": -0.056368168465050994,
      "op_leverage_ratio": Infinity,
      "fcf_margin_change": -0.017867487666925502
    },
    {
      "date": "2025-03-31T00:00:00",
      "quarter_label": "2025-03 (Q1)",
      "revenue": 3867372000,
      "gross_profit": 722718000,
      "operating_income": 318756000,
      "net_income": 240677000,
      "opex": 403962000,
      "cogs": 3144654000,
      "rd": null,
      "sga": 403962000,
      "fcf": 108471000,
      "ocf": 108471000,
      "capex": null,
      "gross_margin": 0.1868757388738399,
      "op_margin": 0.08242186166730275,
      "fcf_margin": 0.028047728535036197,
      "incr_op_margin_yoy": 0.13514948425175133,
      "rev_growth_yoy": 0.1267660293053356,
      "rev_growth_yoy_accel": 0.030582038802835165,
      "op_leverage_ratio": 0.26793079790406243,
      "fcf_margin_change": -0.09648533084742314
    },
    {
      "date": "2025-06-30T00:00:00",
      "quarter_label": "2025-06 (Q2)",
      "revenue": 4304400000,
      "gross_profit": 833771000,
      "operating_income": 415212000,
      "net_income": 302160000,
      "opex": 418559000,
      "cogs": 3470629000,
      "rd": null,
      "sga": 418559000,
      "fcf": 193687000,
      "ocf": 193687000,
      "capex": null,
      "gross_margin": 0.1937020258340303,
      "op_margin": 0.09646222470030666,
      "fcf_margin": 0.0449974444754205,
      "incr_op_margin_yoy": 0.12926056818556148,
      "rev_growth_yoy": 0.17385353338258477,
      "rev_growth_yoy_accel": 0.04708750407724918,
      "op_leverage_ratio": 3.1273048604383447,
      "fcf_margin_change": 0.016949715940384302
    },
    {
      "date": "2025-09-30T00:00:00",
      "quarter_label": "2025-09 (Q3)",
      "revenue": 4301529000,
      "gross_profit": 835313000,
      "operating_income": 405696000,
      "net_income": 295373000,
      "opex": 429617000,
      "cogs": 3466216000,
      "rd": null,
      "sga": 429617000,
      "fcf": 475501000,
      "ocf": 475501000,
      "capex": null,
      "gross_margin": 0.19418978693390188,
      "op_margin": 0.09431437054126568,
      "fcf_margin": 0.11054232111418986,
      "incr_op_margin_yoy": 0.06972816963141225,
      "rev_growth_yoy": 0.16354271821654975,
      "rev_growth_yoy_accel": -0.01031081516603502,
      "fcf_margin_change": 0.06554487663876937
    }
  ],
  "signals": [
    {
      "quarter": "2025-09 (Q3)",
      "signal": "FCF MARGIN EXPANSION",
      "detail": "FCF margin: +4.5% -> +11.1% (+6.6%)",
      "severity": "MEDIUM"
    },
    {
      "quarter": "2025-06 (Q2)",
      "signal": "OPERATING LEVERAGE",
      "detail": "Rev growth +11.3% vs OpEx growth +3.6% (leverage: 3.1x)",
      "severity": "MEDIUM"
    },
    {
      "quarter": "2024-12 (Q4)",
      "signal": "YoY REVENUE GROWTH DECELERATION",
      "detail": "YoY growth: +9.6% vs prior quarter YoY: +15.3% (decel: -5.6%)",
      "severity": "WARNING"
    },
    {
      "quarter": "2024-12 (Q4)",
      "signal": "INCREMENTAL MARGIN (YoY)",
      "detail": "YoY Incr OPM: +30.0% vs year-ago OPM: +8.4%",
      "severity": "HIGH"
    },
    {
      "quarter": "2024-09 (Q3)",
      "signal": "FCF MARGIN EXPANSION",
      "detail": "FCF margin: +7.6% -> +14.2% (+6.6%)",
      "severity": "MEDIUM"
    },
    {
      "quarter": "2024-09 (Q3)",
      "signal": "YoY REVENUE GROWTH DECELERATION",
      "detail": "YoY growth: +15.3% vs prior quarter YoY: +20.4% (decel: -5.1%)",
      "severity": "WARNING"
    },
    {
      "quarter": "2024-09 (Q3)",
      "signal": "INCREMENTAL MARGIN (YoY)",
      "detail": "YoY Incr OPM: +26.3% vs year-ago OPM: +7.3%",
      "severity": "MEDIUM"
    },
    {
      "quarter": "2024-06 (Q2)",
      "signal": "INCREMENTAL MARGIN (YoY)",
      "detail": "YoY Incr OPM: +21.9% vs year-ago OPM: +6.5%",
      "severity": "MEDIUM"
    },
    {
      "quarter": "2024-03 (Q1)",
      "signal": "INCREMENTAL MARGIN (YoY)",
      "detail": "YoY Incr OPM: +19.4% vs year-ago OPM: +5.4%",
      "severity": "MEDIUM"
    },
    {
      "quarter": "2023-12 (Q4)",
      "signal": "INCREMENTAL MARGIN (YoY)",
      "detail": "YoY Incr OPM: +22.9% vs year-ago OPM: +6.0%",
      "severity": "MEDIUM"
    },
    {
      "quarter": "2023-09 (Q3)",
      "signal": "INCREMENTAL MARGIN (YoY)",
      "detail": "YoY Incr OPM: +22.3% vs year-ago OPM: +5.3%",
      "severity": "MEDIUM"
    },
    {
      "quarter": "2023-06 (Q2)",
      "signal": "FCF TURNED POSITIVE",
      "detail": "FCF margin: -2.9% -> +9.8%",
      "severity": "HIGH"
    },
    {
      "quarter": "2023-06 (Q2)",
      "signal": "INCREMENTAL MARGIN (YoY)",
      "detail": "YoY Incr OPM: +17.5% vs year-ago OPM: +5.1%",
      "severity": "MEDIUM"
    },
    {
      "quarter": "2023-03 (Q1)",
      "signal": "INCREMENTAL MARGIN (YoY)",
      "detail": "YoY Incr OPM: +18.4% vs year-ago OPM: +3.9%",
      "severity": "MEDIUM"
    },
    {
      "quarter": "2022-09 (Q3)",
      "signal": "FCF MARGIN EXPANSION",
      "detail": "FCF margin: +2.8% -> +9.1% (+6.3%)",
      "severity": "MEDIUM"
    },
    {
      "quarter": "2022-06 (Q2)",
      "signal": "FCF TURNED POSITIVE",
      "detail": "FCF margin: -3.7% -> +2.8%",
      "severity": "HIGH"
    },
    {
      "quarter": "2021-09 (Q3)",
      "signal": "OPERATING LEVERAGE",
      "detail": "Rev growth +3.4% vs OpEx growth +0.4% (leverage: 8.4x)",
      "severity": "MEDIUM"
    },
    {
      "quarter": "2021-06 (Q2)",
      "signal": "FCF TURNED POSITIVE",
      "detail": "FCF margin: -3.9% -> +3.4%",
      "severity": "HIGH"
    }
  ],
  "data_quality": {
    "n_quarters": 20,
    "coverage": {
      "revenue": [
        20,
        20
      ],
      "gross_profit": [
        20,
        20
      ],
      "op_income": [
        20,
        20
      ],
      "fcf": [
        20,
        20
      ]
    },
    "gaps": [],
    "warnings": []
  },
  "market_cap": null,
  "source": "SEC EDGAR",
  "last_updated": "2026-02-02T20:08:23.947058"
}