{
  "ticker": "EMN",
  "name": "EASTMAN CHEMICAL CO",
  "quarters": [
    {
      "date": "2020-12-31T00:00:00",
      "quarter_label": "2020-12 (Q4)",
      "revenue": 2186000000,
      "gross_profit": 526000000,
      "operating_income": null,
      "net_income": 32000000,
      "opex": null,
      "cogs": 1660000000,
      "rd": 57000000,
      "sga": 174000000,
      "fcf": 301000000,
      "ocf": 406000000,
      "capex": -105000000,
      "gross_margin": 0.24062214089661482,
      "op_margin": null,
      "fcf_margin": 0.13769441903019214
    },
    {
      "date": "2021-03-31T00:00:00",
      "quarter_label": "2021-03 (Q1)",
      "revenue": 2409000000,
      "gross_profit": 598000000,
      "operating_income": null,
      "net_income": 274000000,
      "opex": null,
      "cogs": 1811000000,
      "rd": 58000000,
      "sga": 184000000,
      "fcf": 125000000,
      "ocf": 216000000,
      "capex": -91000000,
      "gross_margin": 0.24823578248235784,
      "op_margin": null,
      "fcf_margin": 0.05188875051888751,
      "fcf_margin_change": -0.08580566851130464
    },
    {
      "date": "2021-06-30T00:00:00",
      "quarter_label": "2021-06 (Q2)",
      "revenue": 2653000000,
      "gross_profit": 681000000,
      "operating_income": null,
      "net_income": -146000000,
      "opex": null,
      "cogs": 1972000000,
      "rd": 63000000,
      "sga": 202000000,
      "fcf": 319000000,
      "ocf": 426000000,
      "capex": -107000000,
      "gross_margin": 0.25669053901243877,
      "op_margin": null,
      "fcf_margin": 0.12024123633622315,
      "fcf_margin_change": 0.06835248581733563
    },
    {
      "date": "2021-09-30T00:00:00",
      "quarter_label": "2021-09 (Q3)",
      "revenue": 2720000000,
      "gross_profit": 662000000,
      "operating_income": null,
      "net_income": 351000000,
      "opex": null,
      "cogs": 2058000000,
      "rd": 66000000,
      "sga": 201000000,
      "fcf": 430000000,
      "ocf": 547000000,
      "capex": -117000000,
      "gross_margin": 0.24338235294117647,
      "op_margin": null,
      "fcf_margin": 0.15808823529411764,
      "fcf_margin_change": 0.03784699895789449
    },
    {
      "date": "2021-12-31T00:00:00",
      "quarter_label": "2021-12 (Q4)",
      "revenue": 2694000000,
      "gross_profit": 559000000,
      "operating_income": null,
      "net_income": 378000000,
      "opex": null,
      "cogs": 2135000000,
      "rd": 67000000,
      "sga": 208000000,
      "fcf": 190000000,
      "ocf": 430000000,
      "capex": -240000000,
      "gross_margin": 0.2074981440237565,
      "op_margin": null,
      "fcf_margin": 0.07052709725315516,
      "rev_growth_yoy": 0.232387923147301,
      "fcf_margin_change": -0.08756113804096248
    },
    {
      "date": "2022-03-31T00:00:00",
      "quarter_label": "2022-03 (Q1)",
      "revenue": 2714000000,
      "gross_profit": 550000000,
      "operating_income": null,
      "net_income": 235000000,
      "opex": null,
      "cogs": 2164000000,
      "rd": 65000000,
      "sga": 196000000,
      "fcf": -95000000,
      "ocf": 17000000,
      "capex": -112000000,
      "gross_margin": 0.20265291083271925,
      "op_margin": null,
      "fcf_margin": -0.03500368459837878,
      "rev_growth_yoy": 0.1266085512660855,
      "rev_growth_yoy_accel": -0.1057793718812155,
      "fcf_margin_change": -0.10553078185153394
    },
    {
      "date": "2022-06-30T00:00:00",
      "quarter_label": "2022-06 (Q2)",
      "revenue": 2784000000,
      "gross_profit": 670000000,
      "operating_income": null,
      "net_income": 256000000,
      "opex": null,
      "cogs": 2114000000,
      "rd": 67000000,
      "sga": 185000000,
      "fcf": 110000000,
      "ocf": 245000000,
      "capex": -135000000,
      "gross_margin": 0.2406609195402299,
      "op_margin": null,
      "fcf_margin": 0.039511494252873564,
      "rev_growth_yoy": 0.04937806257067471,
      "rev_growth_yoy_accel": -0.0772304886954108,
      "fcf_margin_change": 0.07451517885125233
    },
    {
      "date": "2022-09-30T00:00:00",
      "quarter_label": "2022-09 (Q3)",
      "revenue": 2709000000,
      "gross_profit": 541000000,
      "operating_income": null,
      "net_income": 301000000,
      "opex": null,
      "cogs": 2168000000,
      "rd": 68000000,
      "sga": 173000000,
      "fcf": 95000000,
      "ocf": 256000000,
      "capex": -161000000,
      "gross_margin": 0.1997046880767811,
      "op_margin": null,
      "fcf_margin": 0.03506829088224437,
      "rev_growth_yoy": -0.004044117647058824,
      "rev_growth_yoy_accel": -0.05342218021773353,
      "fcf_margin_change": -0.004443203370629194
    },
    {
      "date": "2022-12-31T00:00:00",
      "quarter_label": "2022-12 (Q4)",
      "revenue": 2373000000,
      "gross_profit": 376000000,
      "operating_income": null,
      "net_income": 1000000,
      "opex": null,
      "cogs": 1997000000,
      "rd": 64000000,
      "sga": 172000000,
      "fcf": 254000000,
      "ocf": 457000000,
      "capex": -203000000,
      "gross_margin": 0.15844922039612305,
      "op_margin": null,
      "fcf_margin": 0.10703750526759376,
      "rev_growth_yoy": -0.11915367483296214,
      "rev_growth_yoy_accel": -0.11510955718590332,
      "fcf_margin_change": 0.0719692143853494
    },
    {
      "date": "2023-03-31T00:00:00",
      "quarter_label": "2023-03 (Q1)",
      "revenue": 2412000000,
      "gross_profit": 529000000,
      "operating_income": null,
      "net_income": 134000000,
      "opex": null,
      "cogs": 1883000000,
      "rd": 62000000,
      "sga": 191000000,
      "fcf": -176000000,
      "ocf": -2000000,
      "capex": -174000000,
      "gross_margin": 0.2193200663349917,
      "op_margin": null,
      "fcf_margin": -0.07296849087893864,
      "rev_growth_yoy": -0.11127487103905674,
      "rev_growth_yoy_accel": 0.007878803793905403,
      "fcf_margin_change": -0.1800059961465324
    },
    {
      "date": "2023-06-30T00:00:00",
      "quarter_label": "2023-06 (Q2)",
      "revenue": 2324000000,
      "gross_profit": 584000000,
      "operating_income": null,
      "net_income": 272000000,
      "opex": null,
      "cogs": 1740000000,
      "rd": 60000000,
      "sga": 185000000,
      "fcf": 171000000,
      "ocf": 410000000,
      "capex": -239000000,
      "gross_margin": 0.2512908777969019,
      "op_margin": null,
      "fcf_margin": 0.07358003442340792,
      "rev_growth_yoy": -0.16522988505747127,
      "rev_growth_yoy_accel": -0.05395501401841453,
      "fcf_margin_change": 0.14654852530234658
    },
    {
      "date": "2023-09-30T00:00:00",
      "quarter_label": "2023-09 (Q3)",
      "revenue": 2267000000,
      "gross_profit": 484000000,
      "operating_income": null,
      "net_income": 178000000,
      "opex": null,
      "cogs": 1783000000,
      "rd": 60000000,
      "sga": 160000000,
      "fcf": 278000000,
      "ocf": 514000000,
      "capex": -236000000,
      "gross_margin": 0.21349801499779444,
      "op_margin": null,
      "fcf_margin": 0.12262902514336127,
      "rev_growth_yoy": -0.16315983757844224,
      "rev_growth_yoy_accel": 0.00207004747902903,
      "fcf_margin_change": 0.04904899071995335
    },
    {
      "date": "2023-12-31T00:00:00",
      "quarter_label": "2023-12 (Q4)",
      "revenue": 2207000000,
      "gross_profit": 464000000,
      "operating_income": null,
      "net_income": 310000000,
      "opex": null,
      "cogs": 1743000000,
      "rd": 57000000,
      "sga": 191000000,
      "fcf": 273000000,
      "ocf": 452000000,
      "capex": -179000000,
      "gross_margin": 0.21024014499320345,
      "op_margin": null,
      "fcf_margin": 0.12369732668781151,
      "rev_growth_yoy": -0.06995364517488412,
      "rev_growth_yoy_accel": 0.09320619240355812,
      "fcf_margin_change": 0.0010683015444502425
    },
    {
      "date": "2024-03-31T00:00:00",
      "quarter_label": "2024-03 (Q1)",
      "revenue": 2310000000,
      "gross_profit": 532000000,
      "operating_income": null,
      "net_income": 165000000,
      "opex": null,
      "cogs": 1778000000,
      "rd": 59000000,
      "sga": 191000000,
      "fcf": -201000000,
      "ocf": -16000000,
      "capex": -185000000,
      "gross_margin": 0.23030303030303031,
      "op_margin": null,
      "fcf_margin": -0.08701298701298701,
      "rev_growth_yoy": -0.04228855721393035,
      "rev_growth_yoy_accel": 0.027665087960953766,
      "fcf_margin_change": -0.2107103137007985
    },
    {
      "date": "2024-06-30T00:00:00",
      "quarter_label": "2024-06 (Q2)",
      "revenue": 2363000000,
      "gross_profit": 599000000,
      "operating_income": null,
      "net_income": 230000000,
      "opex": null,
      "cogs": 1764000000,
      "rd": 60000000,
      "sga": 180000000,
      "fcf": 252000000,
      "ocf": 367000000,
      "capex": -115000000,
      "gross_margin": 0.25349132458738893,
      "op_margin": null,
      "fcf_margin": 0.10664409648751587,
      "rev_growth_yoy": 0.016781411359724614,
      "rev_growth_yoy_accel": 0.059069968573654964,
      "fcf_margin_change": 0.19365708350050287
    },
    {
      "date": "2024-09-30T00:00:00",
      "quarter_label": "2024-09 (Q3)",
      "revenue": 2464000000,
      "gross_profit": 605000000,
      "operating_income": null,
      "net_income": 180000000,
      "opex": null,
      "cogs": 1859000000,
      "rd": 65000000,
      "sga": 183000000,
      "fcf": 276000000,
      "ocf": 396000000,
      "capex": -120000000,
      "gross_margin": 0.24553571428571427,
      "op_margin": null,
      "fcf_margin": 0.11201298701298701,
      "rev_growth_yoy": 0.08689898544331716,
      "rev_growth_yoy_accel": 0.07011757408359254,
      "fcf_margin_change": 0.00536889052547114
    },
    {
      "date": "2024-12-31T00:00:00",
      "quarter_label": "2024-12 (Q4)",
      "revenue": 2245000000,
      "gross_profit": 554000000,
      "operating_income": null,
      "net_income": 330000000,
      "opex": null,
      "cogs": 1691000000,
      "rd": 66000000,
      "sga": 182000000,
      "fcf": 361000000,
      "ocf": 540000000,
      "capex": -179000000,
      "gross_margin": 0.2467706013363029,
      "op_margin": null,
      "fcf_margin": 0.16080178173719376,
      "rev_growth_yoy": 0.017217942908926143,
      "rev_growth_yoy_accel": -0.06968104253439102,
      "fcf_margin_change": 0.04878879472420675
    },
    {
      "date": "2025-03-31T00:00:00",
      "quarter_label": "2025-03 (Q1)",
      "revenue": 2290000000,
      "gross_profit": 567000000,
      "operating_income": null,
      "net_income": 182000000,
      "opex": null,
      "cogs": 1723000000,
      "rd": 67000000,
      "sga": 182000000,
      "fcf": -314000000,
      "ocf": -167000000,
      "capex": -147000000,
      "gross_margin": 0.24759825327510918,
      "op_margin": null,
      "fcf_margin": -0.137117903930131,
      "rev_growth_yoy": -0.008658008658008658,
      "rev_growth_yoy_accel": -0.0258759515669348,
      "fcf_margin_change": -0.29791968566732474
    },
    {
      "date": "2025-06-30T00:00:00",
      "quarter_label": "2025-06 (Q2)",
      "revenue": 2287000000,
      "gross_profit": 506000000,
      "operating_income": null,
      "net_income": 140000000,
      "opex": null,
      "cogs": 1781000000,
      "rd": 67000000,
      "sga": 157000000,
      "fcf": 83000000,
      "ocf": 233000000,
      "capex": -150000000,
      "gross_margin": 0.22125054656755574,
      "op_margin": null,
      "fcf_margin": 0.036292085701792744,
      "rev_growth_yoy": -0.03216250528988574,
      "rev_growth_yoy_accel": -0.023504496631877085,
      "fcf_margin_change": 0.17340998963192375
    },
    {
      "date": "2025-09-30T00:00:00",
      "quarter_label": "2025-09 (Q3)",
      "revenue": 2202000000,
      "gross_profit": 433000000,
      "operating_income": null,
      "net_income": 47000000,
      "opex": null,
      "cogs": 1769000000,
      "rd": 63000000,
      "sga": 160000000,
      "fcf": 265000000,
      "ocf": 402000000,
      "capex": -137000000,
      "gross_margin": 0.1966394187102634,
      "op_margin": null,
      "fcf_margin": 0.12034514078110808,
      "rev_growth_yoy": -0.10633116883116883,
      "rev_growth_yoy_accel": -0.0741686635412831,
      "fcf_margin_change": 0.08405305507931535
    }
  ],
  "signals": [
    {
      "quarter": "2025-09 (Q3)",
      "signal": "FCF MARGIN EXPANSION",
      "detail": "FCF margin: +3.6% -> +12.0% (+8.4%)",
      "severity": "MEDIUM"
    },
    {
      "quarter": "2025-09 (Q3)",
      "signal": "YoY REVENUE GROWTH DECELERATION",
      "detail": "YoY growth: -10.6% vs prior quarter YoY: -3.2% (decel: -7.4%)",
      "severity": "WARNING"
    },
    {
      "quarter": "2025-06 (Q2)",
      "signal": "FCF TURNED POSITIVE",
      "detail": "FCF margin: -13.7% -> +3.6%",
      "severity": "HIGH"
    },
    {
      "quarter": "2024-12 (Q4)",
      "signal": "YoY REVENUE GROWTH DECELERATION",
      "detail": "YoY growth: +1.7% vs prior quarter YoY: +8.7% (decel: -7.0%)",
      "severity": "WARNING"
    },
    {
      "quarter": "2024-09 (Q3)",
      "signal": "YoY REVENUE GROWTH ACCELERATION",
      "detail": "YoY growth: +8.7% vs prior quarter YoY: +1.7% (accel: +7.0%)",
      "severity": "MEDIUM"
    },
    {
      "quarter": "2024-06 (Q2)",
      "signal": "FCF TURNED POSITIVE",
      "detail": "FCF margin: -8.7% -> +10.7%",
      "severity": "HIGH"
    },
    {
      "quarter": "2024-06 (Q2)",
      "signal": "YoY REVENUE GROWTH ACCELERATION",
      "detail": "YoY growth: +1.7% vs prior quarter YoY: -4.2% (accel: +5.9%)",
      "severity": "MEDIUM"
    },
    {
      "quarter": "2024-03 (Q1)",
      "signal": "GROSS MARGIN INFLECTION",
      "detail": "GM: +21.3% -> +21.0% -> +23.0% (reversal +2.0%)",
      "severity": "MEDIUM"
    },
    {
      "quarter": "2023-12 (Q4)",
      "signal": "YoY REVENUE GROWTH ACCELERATION",
      "detail": "YoY growth: -7.0% vs prior quarter YoY: -16.3% (accel: +9.3%)",
      "severity": "MEDIUM"
    },
    {
      "quarter": "2023-06 (Q2)",
      "signal": "FCF TURNED POSITIVE",
      "detail": "FCF margin: -7.3% -> +7.4%",
      "severity": "HIGH"
    },
    {
      "quarter": "2023-06 (Q2)",
      "signal": "YoY REVENUE GROWTH DECELERATION",
      "detail": "YoY growth: -16.5% vs prior quarter YoY: -11.1% (decel: -5.4%)",
      "severity": "WARNING"
    },
    {
      "quarter": "2023-03 (Q1)",
      "signal": "GROSS MARGIN INFLECTION",
      "detail": "GM: +20.0% -> +15.8% -> +21.9% (reversal +6.1%)",
      "severity": "HIGH"
    },
    {
      "quarter": "2022-12 (Q4)",
      "signal": "FCF MARGIN EXPANSION",
      "detail": "FCF margin: +3.5% -> +10.7% (+7.2%)",
      "severity": "MEDIUM"
    },
    {
      "quarter": "2022-12 (Q4)",
      "signal": "YoY REVENUE GROWTH DECELERATION",
      "detail": "YoY growth: -11.9% vs prior quarter YoY: -0.4% (decel: -11.5%)",
      "severity": "WARNING"
    },
    {
      "quarter": "2022-09 (Q3)",
      "signal": "YoY REVENUE GROWTH DECELERATION",
      "detail": "YoY growth: -0.4% vs prior quarter YoY: +4.9% (decel: -5.3%)",
      "severity": "WARNING"
    },
    {
      "quarter": "2022-06 (Q2)",
      "signal": "FCF TURNED POSITIVE",
      "detail": "FCF margin: -3.5% -> +4.0%",
      "severity": "HIGH"
    },
    {
      "quarter": "2022-06 (Q2)",
      "signal": "GROSS MARGIN INFLECTION",
      "detail": "GM: +20.7% -> +20.3% -> +24.1% (reversal +3.8%)",
      "severity": "MEDIUM"
    },
    {
      "quarter": "2022-06 (Q2)",
      "signal": "YoY REVENUE GROWTH DECELERATION",
      "detail": "YoY growth: +4.9% vs prior quarter YoY: +12.7% (decel: -7.7%)",
      "severity": "WARNING"
    },
    {
      "quarter": "2022-03 (Q1)",
      "signal": "YoY REVENUE GROWTH DECELERATION",
      "detail": "YoY growth: +12.7% vs prior quarter YoY: +23.2% (decel: -10.6%)",
      "severity": "WARNING"
    },
    {
      "quarter": "2021-06 (Q2)",
      "signal": "FCF MARGIN EXPANSION",
      "detail": "FCF margin: +5.2% -> +12.0% (+6.8%)",
      "severity": "MEDIUM"
    }
  ],
  "data_quality": {
    "n_quarters": 20,
    "coverage": {
      "revenue": [
        20,
        20
      ],
      "gross_profit": [
        20,
        20
      ],
      "op_income": [
        0,
        20
      ],
      "fcf": [
        20,
        20
      ]
    },
    "gaps": [],
    "warnings": [
      "op_income: no data"
    ]
  },
  "market_cap": null,
  "source": "SEC EDGAR",
  "last_updated": "2026-02-02T20:46:06.029517"
}