{
  "ticker": "EMR",
  "name": "EMERSON ELECTRIC CO.",
  "quarters": [
    {
      "date": "2021-03-31T00:00:00",
      "quarter_label": "2021-03 (Q1)",
      "revenue": 4431000000,
      "gross_profit": 1862000000,
      "operating_income": null,
      "net_income": 561000000,
      "opex": null,
      "cogs": 2569000000,
      "rd": null,
      "sga": 1054000000,
      "fcf": 707000000,
      "ocf": 807000000,
      "capex": -100000000,
      "gross_margin": 0.42022116903633494,
      "op_margin": null,
      "fcf_margin": 0.15955766192733017
    },
    {
      "date": "2021-06-30T00:00:00",
      "quarter_label": "2021-06 (Q2)",
      "revenue": 4697000000,
      "gross_profit": 1982000000,
      "operating_income": null,
      "net_income": 627000000,
      "opex": null,
      "cogs": 2715000000,
      "rd": null,
      "sga": 1073000000,
      "fcf": 977000000,
      "ocf": 1105000000,
      "capex": -128000000,
      "gross_margin": 0.421971471151799,
      "op_margin": null,
      "fcf_margin": 0.2080051096444539,
      "fcf_margin_change": 0.048447447717123726
    },
    {
      "date": "2021-09-30T00:00:00",
      "quarter_label": "2021-09 (Q3)",
      "revenue": 4947000000,
      "gross_profit": 1996000000,
      "operating_income": null,
      "net_income": 670000000,
      "opex": null,
      "cogs": 2951000000,
      "rd": null,
      "sga": 1054000000,
      "fcf": 801000000,
      "ocf": 855000000,
      "capex": -54000000,
      "gross_margin": 0.40347685465938954,
      "op_margin": null,
      "fcf_margin": 0.16191631291691935,
      "fcf_margin_change": -0.04608879672753455
    },
    {
      "date": "2021-12-31T00:00:00",
      "quarter_label": "2021-12 (Q4)",
      "revenue": 4473000000,
      "gross_profit": 1822000000,
      "operating_income": null,
      "net_income": 896000000,
      "opex": null,
      "cogs": 2651000000,
      "rd": null,
      "sga": 1011000000,
      "fcf": 450000000,
      "ocf": 523000000,
      "capex": -73000000,
      "gross_margin": 0.4073328862061256,
      "op_margin": null,
      "fcf_margin": 0.1006036217303823,
      "fcf_margin_change": -0.06131269118653705
    },
    {
      "date": "2022-03-31T00:00:00",
      "quarter_label": "2022-03 (Q1)",
      "revenue": 4791000000,
      "gross_profit": 1952000000,
      "operating_income": null,
      "net_income": 674000000,
      "opex": null,
      "cogs": 2839000000,
      "rd": null,
      "sga": 1049000000,
      "fcf": 375000000,
      "ocf": 442000000,
      "capex": -67000000,
      "gross_margin": 0.4074305990398664,
      "op_margin": null,
      "fcf_margin": 0.07827175954915466,
      "rev_growth_yoy": 0.08124576844955991,
      "fcf_margin_change": -0.022331862181227638
    },
    {
      "date": "2022-06-30T00:00:00",
      "quarter_label": "2022-06 (Q2)",
      "revenue": 5005000000,
      "gross_profit": 2097000000,
      "operating_income": null,
      "net_income": 921000000,
      "opex": null,
      "cogs": 2908000000,
      "rd": null,
      "sga": 1052000000,
      "fcf": 681000000,
      "ocf": 740000000,
      "capex": -59000000,
      "gross_margin": 0.41898101898101897,
      "op_margin": null,
      "fcf_margin": 0.13606393606393608,
      "rev_growth_yoy": 0.06557377049180328,
      "rev_growth_yoy_accel": -0.01567199795775663,
      "fcf_margin_change": 0.05779217651478141
    },
    {
      "date": "2022-09-30T00:00:00",
      "quarter_label": "2022-09 (Q3)",
      "revenue": 5360000000,
      "gross_profit": 2317000000,
      "operating_income": null,
      "net_income": 740000000,
      "opex": null,
      "cogs": 3043000000,
      "rd": null,
      "sga": 1136000000,
      "fcf": 1117000000,
      "ocf": 1217000000,
      "capex": -100000000,
      "gross_margin": 0.43227611940298505,
      "op_margin": null,
      "fcf_margin": 0.2083955223880597,
      "rev_growth_yoy": 0.08348494036789973,
      "rev_growth_yoy_accel": 0.01791116987609645,
      "fcf_margin_change": 0.07233158632412362
    },
    {
      "date": "2022-12-31T00:00:00",
      "quarter_label": "2022-12 (Q4)",
      "revenue": 3373000000,
      "gross_profit": 1620000000,
      "operating_income": null,
      "net_income": 2331000000,
      "opex": null,
      "cogs": 1753000000,
      "rd": null,
      "sga": 1030000000,
      "fcf": 359000000,
      "ocf": 418000000,
      "capex": -59000000,
      "gross_margin": 0.4802846131040617,
      "op_margin": null,
      "fcf_margin": 0.10643344203972725,
      "rev_growth_yoy": -0.24591996422982337,
      "rev_growth_yoy_accel": -0.3294049045977231,
      "fcf_margin_change": -0.10196208034833244
    },
    {
      "date": "2023-03-31T00:00:00",
      "quarter_label": "2023-03 (Q1)",
      "revenue": 3756000000,
      "gross_profit": 1801000000,
      "operating_income": null,
      "net_income": 792000000,
      "opex": null,
      "cogs": 1955000000,
      "rd": null,
      "sga": 1000000000,
      "fcf": 6000000,
      "ocf": 68000000,
      "capex": -62000000,
      "gross_margin": 0.47949946751863687,
      "op_margin": null,
      "fcf_margin": 0.001597444089456869,
      "rev_growth_yoy": -0.21603005635566688,
      "rev_growth_yoy_accel": 0.02988990787415649,
      "fcf_margin_change": -0.10483599795027038
    },
    {
      "date": "2023-06-30T00:00:00",
      "quarter_label": "2023-06 (Q2)",
      "revenue": 3946000000,
      "gross_profit": 1994000000,
      "operating_income": null,
      "net_income": 9352000000,
      "opex": null,
      "cogs": 1952000000,
      "rd": null,
      "sga": 1042000000,
      "fcf": 721000000,
      "ocf": 794000000,
      "capex": -73000000,
      "gross_margin": 0.5053218449062341,
      "op_margin": null,
      "fcf_margin": 0.18271667511403952,
      "rev_growth_yoy": -0.2115884115884116,
      "rev_growth_yoy_accel": 0.004441644767255282,
      "fcf_margin_change": 0.18111923102458266
    },
    {
      "date": "2023-09-30T00:00:00",
      "quarter_label": "2023-09 (Q3)",
      "revenue": 4090000000,
      "gross_profit": 2012000000,
      "operating_income": null,
      "net_income": 744000000,
      "opex": null,
      "cogs": 2078000000,
      "rd": null,
      "sga": 1114000000,
      "fcf": -812000000,
      "ocf": -643000000,
      "capex": -169000000,
      "gross_margin": 0.4919315403422983,
      "op_margin": null,
      "fcf_margin": -0.19853300733496332,
      "rev_growth_yoy": -0.23694029850746268,
      "rev_growth_yoy_accel": -0.025351886919051075,
      "fcf_margin_change": -0.3812496824490028
    },
    {
      "date": "2023-12-31T00:00:00",
      "quarter_label": "2023-12 (Q4)",
      "revenue": 4117000000,
      "gross_profit": 1916000000,
      "operating_income": null,
      "net_income": 142000000,
      "opex": null,
      "cogs": 2201000000,
      "rd": null,
      "sga": 1277000000,
      "fcf": 338000000,
      "ocf": 415000000,
      "capex": -77000000,
      "gross_margin": 0.4653874180228322,
      "op_margin": null,
      "fcf_margin": 0.08209861549672091,
      "rev_growth_yoy": 0.2205751556477913,
      "rev_growth_yoy_accel": 0.45751545415525396,
      "fcf_margin_change": 0.28063162283168425
    },
    {
      "date": "2024-03-31T00:00:00",
      "quarter_label": "2024-03 (Q1)",
      "revenue": 4376000000,
      "gross_profit": 2284000000,
      "operating_income": null,
      "net_income": 501000000,
      "opex": null,
      "cogs": 2092000000,
      "rd": null,
      "sga": 1296000000,
      "fcf": 661000000,
      "ocf": 743000000,
      "capex": -82000000,
      "gross_margin": 0.5219378427787934,
      "op_margin": null,
      "fcf_margin": 0.15105118829981717,
      "rev_growth_yoy": 0.1650692225772098,
      "rev_growth_yoy_accel": -0.05550593307058149,
      "fcf_margin_change": 0.06895257280309626
    },
    {
      "date": "2024-06-30T00:00:00",
      "quarter_label": "2024-06 (Q2)",
      "revenue": 4380000000,
      "gross_profit": 2314000000,
      "operating_income": null,
      "net_income": 329000000,
      "opex": null,
      "cogs": 2066000000,
      "rd": null,
      "sga": 1254000000,
      "fcf": 998000000,
      "ocf": 1090000000,
      "capex": -92000000,
      "gross_margin": 0.528310502283105,
      "op_margin": null,
      "fcf_margin": 0.2278538812785388,
      "rev_growth_yoy": 0.10998479472883933,
      "rev_growth_yoy_accel": -0.05508442784837046,
      "fcf_margin_change": 0.07680269297872164
    },
    {
      "date": "2024-09-30T00:00:00",
      "quarter_label": "2024-09 (Q3)",
      "revenue": 4619000000,
      "gross_profit": 2371000000,
      "operating_income": null,
      "net_income": 996000000,
      "opex": null,
      "cogs": 2248000000,
      "rd": null,
      "sga": 1315000000,
      "fcf": 916000000,
      "ocf": 1084000000,
      "capex": -168000000,
      "gross_margin": 0.5133145702533016,
      "op_margin": null,
      "fcf_margin": 0.19831132279714223,
      "rev_growth_yoy": 0.1293398533007335,
      "rev_growth_yoy_accel": 0.019355058571894165,
      "fcf_margin_change": -0.029542558481396586
    },
    {
      "date": "2024-12-31T00:00:00",
      "quarter_label": "2024-12 (Q4)",
      "revenue": 4175000000,
      "gross_profit": 2235000000,
      "operating_income": null,
      "net_income": 585000000,
      "opex": null,
      "cogs": 1940000000,
      "rd": null,
      "sga": 1224000000,
      "fcf": 694000000,
      "ocf": 777000000,
      "capex": -83000000,
      "gross_margin": 0.5353293413173653,
      "op_margin": null,
      "fcf_margin": 0.16622754491017963,
      "rev_growth_yoy": 0.014087928102987613,
      "rev_growth_yoy_accel": -0.11525192519774588,
      "fcf_margin_change": -0.032083777886962594
    },
    {
      "date": "2025-03-31T00:00:00",
      "quarter_label": "2025-03 (Q1)",
      "revenue": 4432000000,
      "gross_profit": 2371000000,
      "operating_income": null,
      "net_income": 485000000,
      "opex": null,
      "cogs": 2061000000,
      "rd": null,
      "sga": 1283000000,
      "fcf": 154000000,
      "ocf": 241000000,
      "capex": -87000000,
      "gross_margin": 0.5349729241877257,
      "op_margin": null,
      "fcf_margin": 0.034747292418772564,
      "rev_growth_yoy": 0.012797074954296161,
      "rev_growth_yoy_accel": -0.0012908531486914513,
      "fcf_margin_change": -0.13148025249140707
    },
    {
      "date": "2025-06-30T00:00:00",
      "quarter_label": "2025-06 (Q2)",
      "revenue": 4553000000,
      "gross_profit": 2393000000,
      "operating_income": null,
      "net_income": 586000000,
      "opex": null,
      "cogs": 2160000000,
      "rd": null,
      "sga": 1266000000,
      "fcf": 977000000,
      "ocf": 1070000000,
      "capex": -93000000,
      "gross_margin": 0.5255875247089831,
      "op_margin": null,
      "fcf_margin": 0.21458379090709423,
      "rev_growth_yoy": 0.03949771689497717,
      "rev_growth_yoy_accel": 0.02670064194068101,
      "fcf_margin_change": 0.17983649848832167
    },
    {
      "date": "2025-09-30T00:00:00",
      "quarter_label": "2025-09 (Q3)",
      "revenue": 4855000000,
      "gross_profit": 2520000000,
      "operating_income": null,
      "net_income": 637000000,
      "opex": null,
      "cogs": 2336000000,
      "rd": null,
      "sga": 1330000000,
      "fcf": 842000000,
      "ocf": 1010000000,
      "capex": -168000000,
      "gross_margin": 0.5190525231719877,
      "op_margin": null,
      "fcf_margin": 0.1734294541709578,
      "rev_growth_yoy": 0.05109331024031175,
      "rev_growth_yoy_accel": 0.011595593345334582,
      "fcf_margin_change": -0.04115433673613644
    },
    {
      "date": "2025-12-31T00:00:00",
      "quarter_label": "2025-12 (Q4)",
      "revenue": 4346000000,
      "gross_profit": 2311000000,
      "operating_income": null,
      "net_income": 605000000,
      "opex": null,
      "cogs": 2035000000,
      "rd": null,
      "sga": 1242000000,
      "fcf": 602000000,
      "ocf": 699000000,
      "capex": -97000000,
      "gross_margin": 0.5317533364012885,
      "op_margin": null,
      "fcf_margin": 0.13851817763460653,
      "rev_growth_yoy": 0.04095808383233533,
      "rev_growth_yoy_accel": -0.01013522640797642,
      "fcf_margin_change": -0.03491127653635126
    }
  ],
  "signals": [
    {
      "quarter": "2025-06 (Q2)",
      "signal": "FCF MARGIN EXPANSION",
      "detail": "FCF margin: +3.5% -> +21.5% (+18.0%)",
      "severity": "MEDIUM"
    },
    {
      "quarter": "2024-12 (Q4)",
      "signal": "GROSS MARGIN INFLECTION",
      "detail": "GM: +52.8% -> +51.3% -> +53.5% (reversal +2.2%)",
      "severity": "MEDIUM"
    },
    {
      "quarter": "2024-12 (Q4)",
      "signal": "YoY REVENUE GROWTH DECELERATION",
      "detail": "YoY growth: +1.4% vs prior quarter YoY: +12.9% (decel: -11.5%)",
      "severity": "WARNING"
    },
    {
      "quarter": "2024-06 (Q2)",
      "signal": "FCF MARGIN EXPANSION",
      "detail": "FCF margin: +15.1% -> +22.8% (+7.7%)",
      "severity": "MEDIUM"
    },
    {
      "quarter": "2024-06 (Q2)",
      "signal": "YoY REVENUE GROWTH DECELERATION",
      "detail": "YoY growth: +11.0% vs prior quarter YoY: +16.5% (decel: -5.5%)",
      "severity": "WARNING"
    },
    {
      "quarter": "2024-03 (Q1)",
      "signal": "FCF MARGIN EXPANSION",
      "detail": "FCF margin: +8.2% -> +15.1% (+6.9%)",
      "severity": "MEDIUM"
    },
    {
      "quarter": "2024-03 (Q1)",
      "signal": "GROSS MARGIN INFLECTION",
      "detail": "GM: +49.2% -> +46.5% -> +52.2% (reversal +5.7%)",
      "severity": "HIGH"
    },
    {
      "quarter": "2024-03 (Q1)",
      "signal": "YoY REVENUE GROWTH DECELERATION",
      "detail": "YoY growth: +16.5% vs prior quarter YoY: +22.1% (decel: -5.6%)",
      "severity": "WARNING"
    },
    {
      "quarter": "2023-12 (Q4)",
      "signal": "FCF TURNED POSITIVE",
      "detail": "FCF margin: -19.9% -> +8.2%",
      "severity": "HIGH"
    },
    {
      "quarter": "2023-12 (Q4)",
      "signal": "YoY REVENUE GROWTH ACCELERATION",
      "detail": "YoY growth: +22.1% vs prior quarter YoY: -23.7% (accel: +45.8%)",
      "severity": "HIGH"
    },
    {
      "quarter": "2023-06 (Q2)",
      "signal": "FCF MARGIN EXPANSION",
      "detail": "FCF margin: +0.2% -> +18.3% (+18.1%)",
      "severity": "MEDIUM"
    },
    {
      "quarter": "2023-06 (Q2)",
      "signal": "GROSS MARGIN INFLECTION",
      "detail": "GM: +48.0% -> +47.9% -> +50.5% (reversal +2.6%)",
      "severity": "MEDIUM"
    },
    {
      "quarter": "2022-12 (Q4)",
      "signal": "YoY REVENUE GROWTH DECELERATION",
      "detail": "YoY growth: -24.6% vs prior quarter YoY: +8.3% (decel: -32.9%)",
      "severity": "WARNING"
    },
    {
      "quarter": "2022-09 (Q3)",
      "signal": "FCF MARGIN EXPANSION",
      "detail": "FCF margin: +13.6% -> +20.8% (+7.2%)",
      "severity": "MEDIUM"
    },
    {
      "quarter": "2022-06 (Q2)",
      "signal": "FCF MARGIN EXPANSION",
      "detail": "FCF margin: +7.8% -> +13.6% (+5.8%)",
      "severity": "MEDIUM"
    }
  ],
  "data_quality": {
    "n_quarters": 20,
    "coverage": {
      "revenue": [
        20,
        20
      ],
      "gross_profit": [
        20,
        20
      ],
      "op_income": [
        0,
        20
      ],
      "fcf": [
        20,
        20
      ]
    },
    "gaps": [],
    "warnings": [
      "op_income: no data"
    ]
  },
  "market_cap": null,
  "source": "SEC EDGAR",
  "last_updated": "2026-02-04T13:46:46.456050"
}