{
  "ticker": "ENFY",
  "name": "ENLIGHTIFY INC.",
  "quarters": [
    {
      "date": "2020-12-31T00:00:00",
      "quarter_label": "2020-12 (Q4)",
      "revenue": 48341342,
      "gross_profit": 8424119,
      "operating_income": -38462563,
      "net_income": -40036663,
      "opex": 46886682,
      "cogs": 39917223,
      "rd": null,
      "sga": null,
      "fcf": -4583698,
      "ocf": -4583698,
      "capex": null,
      "gross_margin": 0.17426324242301755,
      "op_margin": -0.7956453298296932,
      "fcf_margin": -0.09481941978358814
    },
    {
      "date": "2021-03-31T00:00:00",
      "quarter_label": "2021-03 (Q1)",
      "revenue": 86068404,
      "gross_profit": 14446650,
      "operating_income": -14541428,
      "net_income": -14814788,
      "opex": 28988078,
      "cogs": 71621754,
      "rd": null,
      "sga": null,
      "fcf": -4347327,
      "ocf": -4347327,
      "capex": null,
      "gross_margin": 0.16785079458427044,
      "op_margin": -0.16895198846721962,
      "fcf_margin": -0.05051013842431655,
      "op_leverage_ratio": Infinity,
      "fcf_margin_change": 0.04430928135927159
    },
    {
      "date": "2021-06-30T00:00:00",
      "quarter_label": "2021-06 (Q2)",
      "revenue": 52840679,
      "gross_profit": 8393076,
      "operating_income": -31399089,
      "net_income": -33943252,
      "opex": 39792165,
      "cogs": 44447603,
      "rd": null,
      "sga": null,
      "fcf": -2294980,
      "ocf": -2294980,
      "capex": null,
      "gross_margin": 0.15883739873970962,
      "op_margin": -0.5942219061946573,
      "fcf_margin": -0.04343206869086599,
      "fcf_margin_change": 0.0070780697334505635
    },
    {
      "date": "2021-09-30T00:00:00",
      "quarter_label": "2021-09 (Q3)",
      "revenue": 37381030,
      "gross_profit": 7253045,
      "operating_income": -14935567,
      "net_income": -15077208,
      "opex": 22188612,
      "cogs": 30127985,
      "rd": null,
      "sga": null,
      "fcf": 1514956,
      "ocf": 1514956,
      "capex": null,
      "gross_margin": 0.19403010029418666,
      "op_margin": -0.3995493703624539,
      "fcf_margin": 0.040527401197880314,
      "fcf_margin_change": 0.08395946988874631
    },
    {
      "date": "2021-12-31T00:00:00",
      "quarter_label": "2021-12 (Q4)",
      "revenue": 42826589,
      "gross_profit": 7276085,
      "operating_income": -28327187,
      "net_income": -31982936,
      "opex": 35603272,
      "cogs": 35550504,
      "rd": null,
      "sga": null,
      "fcf": 125580,
      "ocf": 125580,
      "capex": null,
      "gross_margin": 0.16989643980285238,
      "op_margin": -0.6614392521431021,
      "fcf_margin": 0.0029322904983163614,
      "incr_op_margin_yoy": -1.8378658119411695,
      "rev_growth_yoy": -0.11407943536197236,
      "op_leverage_ratio": 0.24095817774356598,
      "fcf_margin_change": -0.03759511069956395
    },
    {
      "date": "2022-03-31T00:00:00",
      "quarter_label": "2022-03 (Q1)",
      "revenue": 61138872,
      "gross_profit": 9737891,
      "operating_income": -31973410,
      "net_income": -38078827,
      "opex": 41711301,
      "cogs": 51400981,
      "rd": null,
      "sga": null,
      "fcf": -47410138,
      "ocf": -47410138,
      "capex": null,
      "gross_margin": 0.15927495358435792,
      "op_margin": -0.5229636883061892,
      "fcf_margin": -0.7754499952174453,
      "incr_op_margin_yoy": 0.6992502707230926,
      "rev_growth_yoy": -0.2896478944816962,
      "rev_growth_yoy_accel": -0.17556845911972385,
      "op_leverage_ratio": 2.4924004877702997,
      "fcf_margin_change": -0.7783822857157616
    },
    {
      "date": "2022-06-30T00:00:00",
      "quarter_label": "2022-06 (Q2)",
      "revenue": 35114008,
      "gross_profit": 6119132,
      "operating_income": -15455201,
      "net_income": -13225361,
      "opex": 21574333,
      "cogs": 28994876,
      "rd": null,
      "sga": null,
      "fcf": 25821386,
      "ocf": 25821386,
      "capex": null,
      "gross_margin": 0.17426469800884023,
      "op_margin": -0.44014346069523025,
      "fcf_margin": 0.7353585497844621,
      "incr_op_margin_yoy": -0.8994293401169345,
      "rev_growth_yoy": -0.3354739442314888,
      "rev_growth_yoy_accel": -0.0458260497497926,
      "fcf_margin_change": 1.5108085450019075
    },
    {
      "date": "2022-09-30T00:00:00",
      "quarter_label": "2022-09 (Q3)",
      "revenue": 27597325,
      "gross_profit": 5184809,
      "operating_income": -537660,
      "net_income": -528114,
      "opex": 5722469,
      "cogs": 22412516,
      "rd": null,
      "sga": null,
      "fcf": -2995510,
      "ocf": -2995510,
      "capex": null,
      "gross_margin": 0.18787360731520175,
      "op_margin": -0.01948232301500236,
      "fcf_margin": -0.10854349108111022,
      "incr_op_margin_yoy": -1.4716211292143415,
      "rev_growth_yoy": -0.26172914443502493,
      "rev_growth_yoy_accel": 0.07374479979646387,
      "fcf_margin_change": -0.8439020408655724
    },
    {
      "date": "2022-12-31T00:00:00",
      "quarter_label": "2022-12 (Q4)",
      "revenue": 24539207,
      "gross_profit": 4514417,
      "operating_income": -3679639,
      "net_income": -3596545,
      "opex": 8194056,
      "cogs": 20024790,
      "rd": null,
      "sga": null,
      "fcf": 191663,
      "ocf": 191663,
      "capex": null,
      "gross_margin": 0.18396751777675618,
      "op_margin": -0.1499493850799661,
      "fcf_margin": 0.007810480591324732,
      "incr_op_margin_yoy": -1.3477898586030521,
      "rev_growth_yoy": -0.42701000539641387,
      "rev_growth_yoy_accel": -0.16528086096138894,
      "fcf_margin_change": 0.11635397167243496
    },
    {
      "date": "2023-03-31T00:00:00",
      "quarter_label": "2023-03 (Q1)",
      "revenue": 45261960,
      "gross_profit": 7375956,
      "operating_income": 183378,
      "net_income": 189605,
      "opex": 7192578,
      "cogs": 37886004,
      "rd": null,
      "sga": null,
      "fcf": -2667682,
      "ocf": -2667682,
      "capex": null,
      "gross_margin": 0.16296148023638393,
      "op_margin": 0.004051481641537397,
      "fcf_margin": -0.058938720285201966,
      "incr_op_margin_yoy": -2.025380502203451,
      "rev_growth_yoy": -0.25968604720087085,
      "rev_growth_yoy_accel": 0.16732395819554302,
      "op_leverage_ratio": Infinity,
      "fcf_margin_change": -0.0667492008765267
    },
    {
      "date": "2023-06-30T00:00:00",
      "quarter_label": "2023-06 (Q2)",
      "revenue": 26741863,
      "gross_profit": 4843111,
      "operating_income": -9579439,
      "net_income": -9346930,
      "opex": 14422550,
      "cogs": 21898752,
      "rd": null,
      "sga": null,
      "fcf": 4481407,
      "ocf": 4481407,
      "capex": null,
      "gross_margin": 0.1811059685707013,
      "op_margin": -0.35821883464140103,
      "fcf_margin": 0.1675802093519064,
      "incr_op_margin_yoy": -0.7018227706280767,
      "rev_growth_yoy": -0.2384274959440688,
      "rev_growth_yoy_accel": 0.02125855125680204,
      "fcf_margin_change": 0.22651892963710837
    },
    {
      "date": "2023-09-30T00:00:00",
      "quarter_label": "2023-09 (Q3)",
      "revenue": 22397862,
      "gross_profit": 4649854,
      "operating_income": -1785907,
      "net_income": -1784193,
      "opex": 6435761,
      "cogs": 17748008,
      "rd": null,
      "sga": null,
      "fcf": -2133536,
      "ocf": -626510,
      "capex": -1507026,
      "gross_margin": 0.20760258278223162,
      "op_margin": -0.0797356015498265,
      "fcf_margin": -0.09525623472454647,
      "incr_op_margin_yoy": 0.2400722920809322,
      "rev_growth_yoy": -0.18840460080823052,
      "rev_growth_yoy_accel": 0.0500228951358383,
      "fcf_margin_change": -0.2628364440764529
    },
    {
      "date": "2023-12-31T00:00:00",
      "quarter_label": "2023-12 (Q4)",
      "revenue": 17800114,
      "gross_profit": 3328487,
      "operating_income": -5390183,
      "net_income": -5370003,
      "opex": 8718670,
      "cogs": 14471627,
      "rd": null,
      "sga": null,
      "fcf": -1540301,
      "ocf": -1440164,
      "capex": -100137,
      "gross_margin": 0.18699245409327153,
      "op_margin": -0.30281733027103086,
      "fcf_margin": -0.08653320984348752,
      "incr_op_margin_yoy": 0.2538240680162746,
      "rev_growth_yoy": -0.27462554107799814,
      "rev_growth_yoy_accel": -0.08622094026976762,
      "fcf_margin_change": 0.008723024881058958
    },
    {
      "date": "2024-03-31T00:00:00",
      "quarter_label": "2024-03 (Q1)",
      "revenue": 32938317,
      "gross_profit": 6340910,
      "operating_income": -10971286,
      "net_income": -10901284,
      "opex": 17312196,
      "cogs": 26597407,
      "rd": null,
      "sga": null,
      "fcf": -5293449,
      "ocf": -5249602,
      "capex": -43847,
      "gross_margin": 0.19250862149392758,
      "op_margin": -0.333085810061273,
      "fcf_margin": -0.16070793780993728,
      "incr_op_margin_yoy": 0.9051433898239344,
      "rev_growth_yoy": -0.2722737371514623,
      "rev_growth_yoy_accel": 0.0023518039265358337,
      "op_leverage_ratio": 0.8628402296208839,
      "fcf_margin_change": -0.07417472796644976
    },
    {
      "date": "2024-06-30T00:00:00",
      "quarter_label": "2024-06 (Q2)",
      "revenue": 22709495,
      "gross_profit": 5402729,
      "operating_income": -10703779,
      "net_income": -10349835,
      "opex": 16106508,
      "cogs": 17306766,
      "rd": null,
      "sga": null,
      "fcf": -2568258,
      "ocf": -2556505,
      "capex": -11753,
      "gross_margin": 0.2379061709650523,
      "op_margin": -0.4713349636352548,
      "fcf_margin": -0.11309181467927842,
      "incr_op_margin_yoy": 0.2788287180138321,
      "rev_growth_yoy": -0.15078859689020171,
      "rev_growth_yoy_accel": 0.12148514026126059,
      "fcf_margin_change": 0.047616123130658855
    },
    {
      "date": "2024-09-30T00:00:00",
      "quarter_label": "2024-09 (Q3)",
      "revenue": 17364939,
      "gross_profit": 3986570,
      "operating_income": -1765024,
      "net_income": -1842225,
      "opex": 5751594,
      "cogs": 13378369,
      "rd": null,
      "sga": null,
      "fcf": -2602150,
      "ocf": -2553911,
      "capex": -48239,
      "gross_margin": 0.22957581365532007,
      "op_margin": -0.10164297150712709,
      "fcf_margin": -0.14985079993658487,
      "incr_op_margin_yoy": -0.004149278659737095,
      "rev_growth_yoy": -0.2247055098383944,
      "rev_growth_yoy_accel": -0.07391691294819269,
      "fcf_margin_change": -0.03675898525730645
    },
    {
      "date": "2024-12-31T00:00:00",
      "quarter_label": "2024-12 (Q4)",
      "revenue": 14348138,
      "gross_profit": 3466779,
      "operating_income": -4792605,
      "net_income": -5132650,
      "opex": 8259384,
      "cogs": 10881359,
      "rd": null,
      "sga": null,
      "fcf": -1421162,
      "ocf": -1224353,
      "capex": -196809,
      "gross_margin": 0.24161873826415664,
      "op_margin": -0.3340227840016593,
      "fcf_margin": -0.09904853159343742,
      "incr_op_margin_yoy": -0.1731118640454047,
      "rev_growth_yoy": -0.19392999393149954,
      "rev_growth_yoy_accel": 0.030775515906894868,
      "fcf_margin_change": 0.05080226834314745
    },
    {
      "date": "2025-03-31T00:00:00",
      "quarter_label": "2025-03 (Q1)",
      "revenue": 24785718,
      "gross_profit": 4959304,
      "operating_income": -599223,
      "net_income": -875223,
      "opex": 5558527,
      "cogs": 19826414,
      "rd": null,
      "sga": null,
      "fcf": -3562020,
      "ocf": -3561704,
      "capex": -316,
      "gross_margin": 0.20008716309933003,
      "op_margin": -0.024176140469281543,
      "fcf_margin": -0.1437126009422039,
      "incr_op_margin_yoy": -1.2722400549812398,
      "rev_growth_yoy": -0.2475110977892404,
      "rev_growth_yoy_accel": -0.05358110385774087,
      "op_leverage_ratio": Infinity,
      "fcf_margin_change": -0.044664069348766475
    },
    {
      "date": "2025-06-30T00:00:00",
      "quarter_label": "2025-06 (Q2)",
      "revenue": 18786077,
      "gross_profit": 4697130,
      "operating_income": -7598125,
      "net_income": -7752063,
      "opex": 12295255,
      "cogs": 14088947,
      "rd": null,
      "sga": null,
      "fcf": 4767469,
      "ocf": 4778746,
      "capex": -11277,
      "gross_margin": 0.25003251077912647,
      "op_margin": -0.40445511854337657,
      "fcf_margin": 0.25377671985481587,
      "incr_op_margin_yoy": -0.7915684742232411,
      "rev_growth_yoy": -0.17276553265495337,
      "rev_growth_yoy_accel": 0.07474556513428704,
      "fcf_margin_change": 0.39748932079701976
    },
    {
      "date": "2025-09-30T00:00:00",
      "quarter_label": "2025-09 (Q3)",
      "revenue": 14460511,
      "gross_profit": 3455932,
      "operating_income": 1187599,
      "net_income": 1087797,
      "opex": 2268333,
      "cogs": 11004579,
      "rd": null,
      "sga": null,
      "fcf": -1331144,
      "ocf": -1318192,
      "capex": -12952,
      "gross_margin": 0.2389910010787309,
      "op_margin": 0.08212704239843253,
      "fcf_margin": -0.09205373171114077,
      "incr_op_margin_yoy": -1.016593628762703,
      "rev_growth_yoy": -0.16725817464720147,
      "rev_growth_yoy_accel": 0.0055073580077519,
      "fcf_margin_change": -0.34583045156595665
    }
  ],
  "signals": [
    {
      "quarter": "2025-09 (Q3)",
      "signal": "OP MARGIN TURNED POSITIVE (YoY)",
      "detail": "Op margin: -10.2% (year-ago) -> +8.2%",
      "severity": "HIGH"
    },
    {
      "quarter": "2025-09 (Q3)",
      "signal": "OP MARGIN TURNED POSITIVE (QoQ)",
      "detail": "Op margin: -40.4% -> +8.2%",
      "severity": "HIGH"
    },
    {
      "quarter": "2025-06 (Q2)",
      "signal": "FCF TURNED POSITIVE",
      "detail": "FCF margin: -14.4% -> +25.4%",
      "severity": "HIGH"
    },
    {
      "quarter": "2025-06 (Q2)",
      "signal": "GROSS MARGIN INFLECTION",
      "detail": "GM: +24.2% -> +20.0% -> +25.0% (reversal +5.0%)",
      "severity": "MEDIUM"
    },
    {
      "quarter": "2025-06 (Q2)",
      "signal": "YoY REVENUE GROWTH ACCELERATION",
      "detail": "YoY growth: -17.3% vs prior quarter YoY: -24.8% (accel: +7.5%)",
      "severity": "MEDIUM"
    },
    {
      "quarter": "2025-03 (Q1)",
      "signal": "YoY REVENUE GROWTH DECELERATION",
      "detail": "YoY growth: -24.8% vs prior quarter YoY: -19.4% (decel: -5.4%)",
      "severity": "WARNING"
    },
    {
      "quarter": "2024-12 (Q4)",
      "signal": "FCF MARGIN EXPANSION",
      "detail": "FCF margin: -15.0% -> -9.9% (+5.1%)",
      "severity": "MEDIUM"
    },
    {
      "quarter": "2024-09 (Q3)",
      "signal": "YoY REVENUE GROWTH DECELERATION",
      "detail": "YoY growth: -22.5% vs prior quarter YoY: -15.1% (decel: -7.4%)",
      "severity": "WARNING"
    },
    {
      "quarter": "2024-06 (Q2)",
      "signal": "YoY REVENUE GROWTH ACCELERATION",
      "detail": "YoY growth: -15.1% vs prior quarter YoY: -27.2% (accel: +12.1%)",
      "severity": "MEDIUM"
    },
    {
      "quarter": "2023-12 (Q4)",
      "signal": "YoY REVENUE GROWTH DECELERATION",
      "detail": "YoY growth: -27.5% vs prior quarter YoY: -18.8% (decel: -8.6%)",
      "severity": "WARNING"
    },
    {
      "quarter": "2023-09 (Q3)",
      "signal": "YoY REVENUE GROWTH ACCELERATION",
      "detail": "YoY growth: -18.8% vs prior quarter YoY: -23.8% (accel: +5.0%)",
      "severity": "MEDIUM"
    },
    {
      "quarter": "2023-06 (Q2)",
      "signal": "FCF TURNED POSITIVE",
      "detail": "FCF margin: -5.9% -> +16.8%",
      "severity": "HIGH"
    },
    {
      "quarter": "2023-03 (Q1)",
      "signal": "YoY REVENUE GROWTH ACCELERATION",
      "detail": "YoY growth: -26.0% vs prior quarter YoY: -42.7% (accel: +16.7%)",
      "severity": "HIGH"
    },
    {
      "quarter": "2023-03 (Q1)",
      "signal": "OP MARGIN TURNED POSITIVE (YoY)",
      "detail": "Op margin: -52.3% (year-ago) -> +0.4%",
      "severity": "HIGH"
    },
    {
      "quarter": "2023-03 (Q1)",
      "signal": "OP MARGIN TURNED POSITIVE (QoQ)",
      "detail": "Op margin: -15.0% -> +0.4%",
      "severity": "HIGH"
    },
    {
      "quarter": "2022-12 (Q4)",
      "signal": "FCF TURNED POSITIVE",
      "detail": "FCF margin: -10.9% -> +0.8%",
      "severity": "HIGH"
    },
    {
      "quarter": "2022-12 (Q4)",
      "signal": "YoY REVENUE GROWTH DECELERATION",
      "detail": "YoY growth: -42.7% vs prior quarter YoY: -26.2% (decel: -16.5%)",
      "severity": "WARNING"
    },
    {
      "quarter": "2022-09 (Q3)",
      "signal": "YoY REVENUE GROWTH ACCELERATION",
      "detail": "YoY growth: -26.2% vs prior quarter YoY: -33.5% (accel: +7.4%)",
      "severity": "MEDIUM"
    },
    {
      "quarter": "2022-06 (Q2)",
      "signal": "FCF TURNED POSITIVE",
      "detail": "FCF margin: -77.5% -> +73.5%",
      "severity": "HIGH"
    },
    {
      "quarter": "2022-03 (Q1)",
      "signal": "OPERATING LEVERAGE",
      "detail": "Rev growth +42.8% vs OpEx growth +17.2% (leverage: 2.5x)",
      "severity": "MEDIUM"
    },
    {
      "quarter": "2022-03 (Q1)",
      "signal": "YoY REVENUE GROWTH DECELERATION",
      "detail": "YoY growth: -29.0% vs prior quarter YoY: -11.4% (decel: -17.6%)",
      "severity": "WARNING"
    },
    {
      "quarter": "2021-09 (Q3)",
      "signal": "FCF TURNED POSITIVE",
      "detail": "FCF margin: -4.3% -> +4.1%",
      "severity": "HIGH"
    },
    {
      "quarter": "2021-09 (Q3)",
      "signal": "GROSS MARGIN INFLECTION",
      "detail": "GM: +16.8% -> +15.9% -> +19.4% (reversal +3.5%)",
      "severity": "MEDIUM"
    }
  ],
  "data_quality": {
    "n_quarters": 20,
    "coverage": {
      "revenue": [
        20,
        20
      ],
      "gross_profit": [
        20,
        20
      ],
      "op_income": [
        20,
        20
      ],
      "fcf": [
        20,
        20
      ]
    },
    "gaps": [],
    "warnings": []
  },
  "market_cap": null,
  "source": "SEC EDGAR",
  "last_updated": "2026-02-03T00:34:11.543714",
  "sector": "Basic Materials",
  "industry": "Agricultural Inputs"
}