{
  "ticker": "ENR",
  "name": "ENERGIZER HOLDINGS, INC.",
  "quarters": [
    {
      "date": "2020-12-31T00:00:00",
      "quarter_label": "2020-12 (Q4)",
      "revenue": 848600000,
      "gross_profit": 337900000,
      "operating_income": null,
      "net_income": 67100000,
      "opex": null,
      "cogs": 510700000,
      "rd": 7600000,
      "sga": 124100000,
      "fcf": 76300000,
      "ocf": 76300000,
      "capex": null,
      "gross_margin": 0.3981852462880038,
      "op_margin": null,
      "fcf_margin": 0.08991279754890408
    },
    {
      "date": "2021-03-31T00:00:00",
      "quarter_label": "2021-03 (Q1)",
      "revenue": 685100000,
      "gross_profit": 270500000,
      "operating_income": null,
      "net_income": -10200000,
      "opex": null,
      "cogs": 414600000,
      "rd": 9000000,
      "sga": 123800000,
      "fcf": -63900000,
      "ocf": -63900000,
      "capex": null,
      "gross_margin": 0.394832871113706,
      "op_margin": null,
      "fcf_margin": -0.09327105532039118,
      "fcf_margin_change": -0.18318385286929526
    },
    {
      "date": "2021-06-30T00:00:00",
      "quarter_label": "2021-06 (Q2)",
      "revenue": 721800000,
      "gross_profit": 273300000,
      "operating_income": null,
      "net_income": 20800000,
      "opex": null,
      "cogs": 448500000,
      "rd": 8200000,
      "sga": 117500000,
      "fcf": 5100000,
      "ocf": 5100000,
      "capex": null,
      "gross_margin": 0.3786367414796342,
      "op_margin": null,
      "fcf_margin": 0.007065669160432253,
      "fcf_margin_change": 0.10033672448082342
    },
    {
      "date": "2021-09-30T00:00:00",
      "quarter_label": "2021-09 (Q3)",
      "revenue": 766000000,
      "gross_profit": 279700000,
      "operating_income": null,
      "net_income": 83200000,
      "opex": null,
      "cogs": 486300000,
      "rd": 9700000,
      "sga": 121800000,
      "fcf": 140000000,
      "ocf": 162200000,
      "capex": -22200000,
      "gross_margin": 0.36514360313315924,
      "op_margin": null,
      "fcf_margin": 0.18276762402088773,
      "fcf_margin_change": 0.17570195486045548
    },
    {
      "date": "2021-12-31T00:00:00",
      "quarter_label": "2021-12 (Q4)",
      "revenue": 846300000,
      "gross_profit": 311600000,
      "operating_income": null,
      "net_income": 60000000,
      "opex": null,
      "cogs": 534700000,
      "rd": 8900000,
      "sga": 122100000,
      "fcf": -79000000,
      "ocf": -54600000,
      "capex": -24400000,
      "gross_margin": 0.36819094883611014,
      "op_margin": null,
      "fcf_margin": -0.0933475127023514,
      "rev_growth_yoy": -0.002710346452981381,
      "fcf_margin_change": -0.2761151367232391
    },
    {
      "date": "2022-03-31T00:00:00",
      "quarter_label": "2022-03 (Q1)",
      "revenue": 685400000,
      "gross_profit": 238400000,
      "operating_income": null,
      "net_income": 19000000,
      "opex": null,
      "cogs": 447000000,
      "rd": 7900000,
      "sga": 123400000,
      "fcf": -75600000,
      "ocf": -54100000,
      "capex": -21500000,
      "gross_margin": 0.34782608695652173,
      "op_margin": null,
      "fcf_margin": -0.11030055442077619,
      "rev_growth_yoy": 0.00043789227849948915,
      "rev_growth_yoy_accel": 0.00314823873148087,
      "fcf_margin_change": -0.01695304171842478
    },
    {
      "date": "2022-06-30T00:00:00",
      "quarter_label": "2022-06 (Q2)",
      "revenue": 728000000,
      "gross_profit": 284000000,
      "operating_income": null,
      "net_income": 52400000,
      "opex": null,
      "cogs": 444000000,
      "rd": 8500000,
      "sga": 118900000,
      "fcf": -17400000,
      "ocf": 2500000,
      "capex": -19900000,
      "gross_margin": 0.3901098901098901,
      "op_margin": null,
      "fcf_margin": -0.0239010989010989,
      "rev_growth_yoy": 0.008589637018564699,
      "rev_growth_yoy_accel": 0.00815174474006521,
      "fcf_margin_change": 0.08639945551967729
    },
    {
      "date": "2022-09-30T00:00:00",
      "quarter_label": "2022-09 (Q3)",
      "revenue": 790400000,
      "gross_profit": 285500000,
      "operating_income": null,
      "net_income": -362900000,
      "opex": null,
      "cogs": 504900000,
      "rd": 9400000,
      "sga": 120100000,
      "fcf": 95200000,
      "ocf": 107200000,
      "capex": -12000000,
      "gross_margin": 0.3612095141700405,
      "op_margin": null,
      "fcf_margin": 0.12044534412955465,
      "rev_growth_yoy": 0.03185378590078329,
      "rev_growth_yoy_accel": 0.02326414888221859,
      "fcf_margin_change": 0.14434644303065355
    },
    {
      "date": "2022-12-31T00:00:00",
      "quarter_label": "2022-12 (Q4)",
      "revenue": 765100000,
      "gross_profit": 298300000,
      "operating_income": null,
      "net_income": 49000000,
      "opex": null,
      "cogs": 466800000,
      "rd": 7600000,
      "sga": 120400000,
      "fcf": 151500000,
      "ocf": 161000000,
      "capex": -9500000,
      "gross_margin": 0.3898836753365573,
      "op_margin": null,
      "fcf_margin": 0.19801333159064174,
      "rev_growth_yoy": -0.09594706368899918,
      "rev_growth_yoy_accel": -0.12780084958978247,
      "fcf_margin_change": 0.07756798746108709
    },
    {
      "date": "2023-03-31T00:00:00",
      "quarter_label": "2023-03 (Q1)",
      "revenue": 684100000,
      "gross_profit": 253300000,
      "operating_income": null,
      "net_income": 40000000,
      "opex": null,
      "cogs": 430800000,
      "rd": 8000000,
      "sga": 118300000,
      "fcf": 40000000,
      "ocf": 49200000,
      "capex": -9200000,
      "gross_margin": 0.3702675047507674,
      "op_margin": null,
      "fcf_margin": 0.058470983774302,
      "rev_growth_yoy": -0.0018967026553837175,
      "rev_growth_yoy_accel": 0.09405036103361546,
      "fcf_margin_change": -0.13954234781633973
    },
    {
      "date": "2023-06-30T00:00:00",
      "quarter_label": "2023-06 (Q2)",
      "revenue": 699400000,
      "gross_profit": 265100000,
      "operating_income": null,
      "net_income": 31800000,
      "opex": null,
      "cogs": 434300000,
      "rd": 8800000,
      "sga": 116100000,
      "fcf": 69400000,
      "ocf": 86100000,
      "capex": -16700000,
      "gross_margin": 0.37903917643694596,
      "op_margin": null,
      "fcf_margin": 0.09922790963683158,
      "rev_growth_yoy": -0.039285714285714285,
      "rev_growth_yoy_accel": -0.037389011630330565,
      "fcf_margin_change": 0.040756925862529575
    },
    {
      "date": "2023-09-30T00:00:00",
      "quarter_label": "2023-09 (Q3)",
      "revenue": 811100000,
      "gross_profit": 307300000,
      "operating_income": null,
      "net_income": 19700000,
      "opex": null,
      "cogs": 503800000,
      "rd": 8500000,
      "sga": 134600000,
      "fcf": 77500000,
      "ocf": 98900000,
      "capex": -21400000,
      "gross_margin": 0.3788682036740229,
      "op_margin": null,
      "fcf_margin": 0.09554925409937122,
      "rev_growth_yoy": 0.02618927125506073,
      "rev_growth_yoy_accel": 0.06547498554077502,
      "fcf_margin_change": -0.003678655537460357
    },
    {
      "date": "2023-12-31T00:00:00",
      "quarter_label": "2023-12 (Q4)",
      "revenue": 716600000,
      "gross_profit": 267000000,
      "operating_income": null,
      "net_income": 1900000,
      "opex": null,
      "cogs": 449600000,
      "rd": 7800000,
      "sga": 128100000,
      "fcf": 152600000,
      "ocf": 178100000,
      "capex": -25500000,
      "gross_margin": 0.37259279933017025,
      "op_margin": null,
      "fcf_margin": 0.21295004186435948,
      "rev_growth_yoy": -0.0633904064828127,
      "rev_growth_yoy_accel": -0.08957967773787343,
      "fcf_margin_change": 0.11740078776498826
    },
    {
      "date": "2024-03-31T00:00:00",
      "quarter_label": "2024-03 (Q1)",
      "revenue": 663300000,
      "gross_profit": 253300000,
      "operating_income": null,
      "net_income": 32400000,
      "opex": null,
      "cogs": 410000000,
      "rd": 7900000,
      "sga": 122500000,
      "fcf": 10300000,
      "ocf": 36800000,
      "capex": -26500000,
      "gross_margin": 0.3818784863560983,
      "op_margin": null,
      "fcf_margin": 0.01552841851349314,
      "rev_growth_yoy": -0.03040491156263704,
      "rev_growth_yoy_accel": 0.03298549492017566,
      "fcf_margin_change": -0.19742162335086633
    },
    {
      "date": "2024-06-30T00:00:00",
      "quarter_label": "2024-06 (Q2)",
      "revenue": 701400000,
      "gross_profit": 277200000,
      "operating_income": null,
      "net_income": -43800000,
      "opex": null,
      "cogs": 424200000,
      "rd": 7400000,
      "sga": 129600000,
      "fcf": 27300000,
      "ocf": 45800000,
      "capex": -18500000,
      "gross_margin": 0.39520958083832336,
      "op_margin": null,
      "fcf_margin": 0.038922155688622756,
      "rev_growth_yoy": 0.0028595939376608523,
      "rev_growth_yoy_accel": 0.03326450550029789,
      "fcf_margin_change": 0.023393737175129617
    },
    {
      "date": "2024-09-30T00:00:00",
      "quarter_label": "2024-09 (Q3)",
      "revenue": 805700000,
      "gross_profit": 306800000,
      "operating_income": null,
      "net_income": 47600000,
      "opex": null,
      "cogs": 498900000,
      "rd": 8500000,
      "sga": 146100000,
      "fcf": 141500000,
      "ocf": 168900000,
      "capex": -27400000,
      "gross_margin": 0.3807868933846345,
      "op_margin": null,
      "fcf_margin": 0.17562368127094452,
      "rev_growth_yoy": -0.0066576254469239305,
      "rev_growth_yoy_accel": -0.009517219384584783,
      "fcf_margin_change": 0.13670152558232176
    },
    {
      "date": "2024-12-31T00:00:00",
      "quarter_label": "2024-12 (Q4)",
      "revenue": 731700000,
      "gross_profit": 269600000,
      "operating_income": null,
      "net_income": 22300000,
      "opex": null,
      "cogs": 462100000,
      "rd": 8000000,
      "sga": 131300000,
      "fcf": 42400000,
      "ocf": 77000000,
      "capex": -34600000,
      "gross_margin": 0.3684570179035124,
      "op_margin": null,
      "fcf_margin": 0.05794724613912806,
      "rev_growth_yoy": 0.02107172760256768,
      "rev_growth_yoy_accel": 0.02772935304949161,
      "fcf_margin_change": -0.11767643513181647
    },
    {
      "date": "2025-03-31T00:00:00",
      "quarter_label": "2025-03 (Q1)",
      "revenue": 662900000,
      "gross_profit": 259000000,
      "operating_income": null,
      "net_income": 28300000,
      "opex": null,
      "cogs": 403900000,
      "rd": 8100000,
      "sga": 136000000,
      "fcf": -33800000,
      "ocf": -12800000,
      "capex": -21000000,
      "gross_margin": 0.3907074973600845,
      "op_margin": null,
      "fcf_margin": -0.05098808266706894,
      "rev_growth_yoy": -0.0006030453791647821,
      "rev_growth_yoy_accel": -0.021674772981732465,
      "fcf_margin_change": -0.108935328806197
    },
    {
      "date": "2025-06-30T00:00:00",
      "quarter_label": "2025-06 (Q2)",
      "revenue": 725300000,
      "gross_profit": 399700000,
      "operating_income": null,
      "net_income": 153500000,
      "opex": null,
      "cogs": 325600000,
      "rd": 8200000,
      "sga": 128300000,
      "fcf": 7900000,
      "ocf": 21400000,
      "capex": -13500000,
      "gross_margin": 0.5510823107679581,
      "op_margin": null,
      "fcf_margin": 0.01089204467117055,
      "rev_growth_yoy": 0.034074707727402335,
      "rev_growth_yoy_accel": 0.034677753106567115,
      "fcf_margin_change": 0.061880127338239485
    },
    {
      "date": "2025-09-30T00:00:00",
      "quarter_label": "2025-09 (Q3)",
      "revenue": 832800000,
      "gross_profit": 304400000,
      "operating_income": null,
      "net_income": 34900000,
      "opex": null,
      "cogs": 528400000,
      "rd": 8300000,
      "sga": 136800000,
      "fcf": 46700000,
      "ocf": 61500000,
      "capex": -14800000,
      "gross_margin": 0.3655139289145053,
      "op_margin": null,
      "fcf_margin": 0.05607588856868396,
      "rev_growth_yoy": 0.033635348144470646,
      "rev_growth_yoy_accel": -0.0004393595829316893,
      "fcf_margin_change": 0.04518384389751341
    }
  ],
  "signals": [
    {
      "quarter": "2025-06 (Q2)",
      "signal": "FCF TURNED POSITIVE",
      "detail": "FCF margin: -5.1% -> +1.1%",
      "severity": "HIGH"
    },
    {
      "quarter": "2025-03 (Q1)",
      "signal": "GROSS MARGIN INFLECTION",
      "detail": "GM: +38.1% -> +36.8% -> +39.1% (reversal +2.2%)",
      "severity": "MEDIUM"
    },
    {
      "quarter": "2024-09 (Q3)",
      "signal": "FCF MARGIN EXPANSION",
      "detail": "FCF margin: +3.9% -> +17.6% (+13.7%)",
      "severity": "MEDIUM"
    },
    {
      "quarter": "2023-12 (Q4)",
      "signal": "FCF MARGIN EXPANSION",
      "detail": "FCF margin: +9.6% -> +21.3% (+11.7%)",
      "severity": "MEDIUM"
    },
    {
      "quarter": "2023-12 (Q4)",
      "signal": "YoY REVENUE GROWTH DECELERATION",
      "detail": "YoY growth: -6.3% vs prior quarter YoY: +2.6% (decel: -9.0%)",
      "severity": "WARNING"
    },
    {
      "quarter": "2023-09 (Q3)",
      "signal": "YoY REVENUE GROWTH ACCELERATION",
      "detail": "YoY growth: +2.6% vs prior quarter YoY: -3.9% (accel: +6.5%)",
      "severity": "MEDIUM"
    },
    {
      "quarter": "2023-03 (Q1)",
      "signal": "YoY REVENUE GROWTH ACCELERATION",
      "detail": "YoY growth: -0.2% vs prior quarter YoY: -9.6% (accel: +9.4%)",
      "severity": "MEDIUM"
    },
    {
      "quarter": "2022-12 (Q4)",
      "signal": "FCF MARGIN EXPANSION",
      "detail": "FCF margin: +12.0% -> +19.8% (+7.8%)",
      "severity": "MEDIUM"
    },
    {
      "quarter": "2022-12 (Q4)",
      "signal": "GROSS MARGIN INFLECTION",
      "detail": "GM: +39.0% -> +36.1% -> +39.0% (reversal +2.9%)",
      "severity": "MEDIUM"
    },
    {
      "quarter": "2022-12 (Q4)",
      "signal": "YoY REVENUE GROWTH DECELERATION",
      "detail": "YoY growth: -9.6% vs prior quarter YoY: +3.2% (decel: -12.8%)",
      "severity": "WARNING"
    },
    {
      "quarter": "2022-09 (Q3)",
      "signal": "FCF TURNED POSITIVE",
      "detail": "FCF margin: -2.4% -> +12.0%",
      "severity": "HIGH"
    },
    {
      "quarter": "2022-06 (Q2)",
      "signal": "FCF MARGIN EXPANSION",
      "detail": "FCF margin: -11.0% -> -2.4% (+8.6%)",
      "severity": "MEDIUM"
    },
    {
      "quarter": "2022-06 (Q2)",
      "signal": "GROSS MARGIN INFLECTION",
      "detail": "GM: +36.8% -> +34.8% -> +39.0% (reversal +4.2%)",
      "severity": "MEDIUM"
    },
    {
      "quarter": "2021-09 (Q3)",
      "signal": "FCF MARGIN EXPANSION",
      "detail": "FCF margin: +0.7% -> +18.3% (+17.6%)",
      "severity": "MEDIUM"
    },
    {
      "quarter": "2021-06 (Q2)",
      "signal": "FCF TURNED POSITIVE",
      "detail": "FCF margin: -9.3% -> +0.7%",
      "severity": "HIGH"
    }
  ],
  "data_quality": {
    "n_quarters": 20,
    "coverage": {
      "revenue": [
        20,
        20
      ],
      "gross_profit": [
        20,
        20
      ],
      "op_income": [
        0,
        20
      ],
      "fcf": [
        20,
        20
      ]
    },
    "gaps": [],
    "warnings": [
      "op_income: no data"
    ]
  },
  "market_cap": null,
  "source": "SEC EDGAR",
  "last_updated": "2026-02-02T21:48:48.094172",
  "sector": "Industrials",
  "industry": "Electrical Equipment & Parts"
}