{
  "ticker": "ENS",
  "name": "EnerSys",
  "quarters": [
    {
      "date": "2021-01-03T00:00:00",
      "quarter_label": "2021-01 (Q1)",
      "revenue": 751067000,
      "gross_profit": 189312000,
      "operating_income": 56071000,
      "net_income": 38624000,
      "opex": 118045000,
      "cogs": 561755000,
      "rd": null,
      "sga": null,
      "fcf": 40989000,
      "ocf": 54826000,
      "capex": -13837000,
      "gross_margin": 0.25205740632992796,
      "op_margin": 0.07465512397695545,
      "fcf_margin": 0.05457435887876847
    },
    {
      "date": "2021-03-31T00:00:00",
      "quarter_label": "2021-03 (Q1)",
      "revenue": 813539000,
      "gross_profit": 197301000,
      "operating_income": 51669000,
      "net_income": 33836000,
      "opex": 145632000,
      "cogs": 616238000,
      "rd": null,
      "sga": null,
      "fcf": 69998000,
      "ocf": 86276000,
      "capex": -16278000,
      "gross_margin": 0.24252187049422338,
      "op_margin": 0.0635113989618199,
      "fcf_margin": 0.08604135757474442,
      "op_leverage_ratio": 0.35591791684588864,
      "fcf_margin_change": 0.031466998695975947
    },
    {
      "date": "2021-07-04T00:00:00",
      "quarter_label": "2021-07 (Q3)",
      "revenue": 814893000,
      "gross_profit": 193219000,
      "operating_income": 60900000,
      "net_income": 43929000,
      "opex": 124487000,
      "cogs": 621674000,
      "rd": null,
      "sga": null,
      "fcf": -64578000,
      "ocf": -48143000,
      "capex": -16435000,
      "gross_margin": 0.237109657341516,
      "op_margin": 0.07473373804904447,
      "fcf_margin": -0.07924721405141534,
      "fcf_margin_change": -0.16528857162615976
    },
    {
      "date": "2021-10-03T00:00:00",
      "quarter_label": "2021-10 (Q4)",
      "revenue": 791395000,
      "gross_profit": 177860000,
      "operating_income": 49694000,
      "net_income": 35626000,
      "opex": 125309000,
      "cogs": null,
      "rd": null,
      "sga": null,
      "fcf": -35615000,
      "ocf": -17428000,
      "capex": -18187000,
      "gross_margin": 0.22474238528168614,
      "op_margin": 0.06279291630601659,
      "fcf_margin": -0.045002811491101156,
      "fcf_margin_change": 0.034244402560314184
    },
    {
      "date": "2022-01-02T00:00:00",
      "quarter_label": "2022-01 (Q1)",
      "revenue": 844006000,
      "gross_profit": 184338000,
      "operating_income": 51165000,
      "net_income": 36264000,
      "opex": 130701000,
      "cogs": null,
      "rd": null,
      "sga": null,
      "fcf": -30188000,
      "ocf": -12459000,
      "capex": -17729000,
      "gross_margin": 0.2184083999402848,
      "op_margin": 0.06062160695540079,
      "fcf_margin": -0.035767518240391656,
      "incr_op_margin_yoy": -0.05278731210794177,
      "rev_growth_yoy": 0.12374262216286963,
      "op_leverage_ratio": 1.5449542923425434,
      "fcf_margin_change": 0.0092352932507095
    },
    {
      "date": "2022-03-31T00:00:00",
      "quarter_label": "2022-03 (Q1)",
      "revenue": 907025000,
      "gross_profit": 194551000,
      "operating_income": 44492000,
      "net_income": 28092000,
      "opex": 150059000,
      "cogs": null,
      "rd": null,
      "sga": null,
      "fcf": -9245000,
      "ocf": 12445000,
      "capex": -21690000,
      "gross_margin": 0.21449353656183678,
      "op_margin": 0.049052672197568974,
      "fcf_margin": -0.010192662826272705,
      "incr_op_margin_yoy": -0.07677085338981238,
      "rev_growth_yoy": 0.11491274542462009,
      "rev_growth_yoy_accel": -0.008829876738249545,
      "op_leverage_ratio": 0.5041321543010827,
      "fcf_margin_change": 0.02557485541411895
    },
    {
      "date": "2022-07-03T00:00:00",
      "quarter_label": "2022-07 (Q3)",
      "revenue": 898971000,
      "gross_profit": 185535000,
      "operating_income": 50129000,
      "net_income": 30978000,
      "opex": 127078000,
      "cogs": null,
      "rd": null,
      "sga": null,
      "fcf": -94905000,
      "ocf": -71891000,
      "capex": -23014000,
      "gross_margin": 0.20638596795669717,
      "op_margin": 0.055762644178733244,
      "fcf_margin": -0.10557070250319532,
      "incr_op_margin_yoy": -0.12810723375912844,
      "rev_growth_yoy": 0.10317673608682366,
      "rev_growth_yoy_accel": -0.011736009337796421,
      "fcf_margin_change": -0.09537803967692261
    },
    {
      "date": "2022-10-02T00:00:00",
      "quarter_label": "2022-10 (Q4)",
      "revenue": 899437000,
      "gross_profit": 194891000,
      "operating_income": 54269000,
      "net_income": 34472000,
      "opex": 137357000,
      "cogs": null,
      "rd": null,
      "sga": null,
      "fcf": -15049000,
      "ocf": 1590000,
      "capex": -16639000,
      "gross_margin": 0.21668110162245938,
      "op_margin": 0.06033663280474341,
      "fcf_margin": -0.01673157764245856,
      "incr_op_margin_yoy": 0.04234464374965291,
      "rev_growth_yoy": 0.13652095350615054,
      "rev_growth_yoy_accel": 0.033344217419326874,
      "fcf_margin_change": 0.08883912486073677
    },
    {
      "date": "2023-01-01T00:00:00",
      "quarter_label": "2023-01 (Q1)",
      "revenue": 920227000,
      "gross_profit": 213648000,
      "operating_income": 78530000,
      "net_income": 44410000,
      "opex": 134317000,
      "cogs": 932,
      "rd": null,
      "sga": null,
      "fcf": 188285000,
      "ocf": 206144000,
      "capex": -17859000,
      "gross_margin": 0.23216880182824456,
      "op_margin": 0.08533763951720608,
      "fcf_margin": 0.20460712411176807,
      "incr_op_margin_yoy": 0.35902179189462224,
      "rev_growth_yoy": 0.09030859970189785,
      "rev_growth_yoy_accel": -0.04621235380425269,
      "op_leverage_ratio": Infinity,
      "fcf_margin_change": 0.22133870175422662
    },
    {
      "date": "2023-03-31T00:00:00",
      "quarter_label": "2023-03 (Q1)",
      "revenue": 989944000,
      "gross_profit": 246064000,
      "operating_income": 95433000,
      "net_income": 65950000,
      "opex": 150631000,
      "cogs": null,
      "rd": null,
      "sga": null,
      "fcf": 112835000,
      "ocf": 144095000,
      "capex": -31260000,
      "gross_margin": 0.24856355511018804,
      "op_margin": 0.09640242276330782,
      "fcf_margin": 0.1139811948958729,
      "incr_op_margin_yoy": 0.6143465309518928,
      "rev_growth_yoy": 0.09141864887957885,
      "rev_growth_yoy_accel": 0.0011100491776809968,
      "op_leverage_ratio": 0.6237552935158479,
      "fcf_margin_change": -0.09062592921589517
    },
    {
      "date": "2023-07-02T00:00:00",
      "quarter_label": "2023-07 (Q3)",
      "revenue": 908569000,
      "gross_profit": 240306000,
      "operating_income": 89445000,
      "net_income": 66797000,
      "opex": 144552000,
      "cogs": null,
      "rd": null,
      "sga": null,
      "fcf": 58853000,
      "ocf": 74946000,
      "capex": -16093000,
      "gross_margin": 0.2644884428150201,
      "op_margin": 0.09844601785885276,
      "fcf_margin": 0.06477548760743543,
      "incr_op_margin_yoy": 4.096270056261721,
      "rev_growth_yoy": 0.01067665141589662,
      "rev_growth_yoy_accel": -0.08074199746368223,
      "fcf_margin_change": -0.04920570728843747
    },
    {
      "date": "2023-10-01T00:00:00",
      "quarter_label": "2023-10 (Q4)",
      "revenue": 901033000,
      "gross_profit": 239619000,
      "operating_income": 88614000,
      "net_income": 65229000,
      "opex": 143771000,
      "cogs": null,
      "rd": null,
      "sga": null,
      "fcf": 91016000,
      "ocf": 110777000,
      "capex": -19761000,
      "gross_margin": 0.26593809549705727,
      "op_margin": 0.09834711936188796,
      "fcf_margin": 0.10101294847136565,
      "incr_op_margin_yoy": 21.519423558897245,
      "rev_growth_yoy": 0.001774443346226584,
      "rev_growth_yoy_accel": -0.008902208069670035,
      "fcf_margin_change": 0.03623746086393022
    },
    {
      "date": "2023-12-31T00:00:00",
      "quarter_label": "2023-12 (Q4)",
      "revenue": 861548000,
      "gross_profit": 248648000,
      "operating_income": 92597000,
      "net_income": 76158000,
      "opex": 143961000,
      "cogs": null,
      "rd": null,
      "sga": null,
      "fcf": 111373000,
      "ocf": 134524000,
      "capex": -23151000,
      "gross_margin": 0.2886060904325702,
      "op_margin": 0.10747747078514489,
      "fcf_margin": 0.12927080093041826,
      "incr_op_margin_yoy": -0.23972801172480784,
      "rev_growth_yoy": -0.06376578822399256,
      "rev_growth_yoy_accel": -0.06554023157021915,
      "fcf_margin_change": 0.028257852459052615
    },
    {
      "date": "2024-03-31T00:00:00",
      "quarter_label": "2024-03 (Q1)",
      "revenue": 910721000,
      "gross_profit": 254318000,
      "operating_income": 80914000,
      "net_income": 60912000,
      "opex": 173404000,
      "cogs": null,
      "rd": null,
      "sga": null,
      "fcf": 109350000,
      "ocf": 136782000,
      "capex": -27432000,
      "gross_margin": 0.27924907847738223,
      "op_margin": 0.08884609007588493,
      "fcf_margin": 0.12006970301552286,
      "incr_op_margin_yoy": 0.183267485452457,
      "rev_growth_yoy": -0.08002775914597189,
      "rev_growth_yoy_accel": -0.016261970921979327,
      "op_leverage_ratio": 0.2790679886037375,
      "fcf_margin_change": -0.0092010979148954
    },
    {
      "date": "2024-06-30T00:00:00",
      "quarter_label": "2024-06 (Q2)",
      "revenue": 852916000,
      "gross_profit": 238371000,
      "operating_income": 91331000,
      "net_income": 70111000,
      "opex": 141102000,
      "cogs": null,
      "rd": null,
      "sga": null,
      "fcf": -25739000,
      "ocf": 10398000,
      "capex": -36137000,
      "gross_margin": 0.2794776976865248,
      "op_margin": 0.10708088487025685,
      "fcf_margin": -0.030177649381650712,
      "incr_op_margin_yoy": -0.03388855946669542,
      "rev_growth_yoy": -0.06125346561460935,
      "rev_growth_yoy_accel": 0.01877429353136254,
      "fcf_margin_change": -0.15024735239717357
    },
    {
      "date": "2024-09-29T00:00:00",
      "quarter_label": "2024-09 (Q3)",
      "revenue": 883669000,
      "gross_profit": 252146000,
      "operating_income": 99387000,
      "net_income": 82266000,
      "opex": 150535000,
      "cogs": null,
      "rd": null,
      "sga": null,
      "fcf": 3299000,
      "ocf": 33648000,
      "capex": -30349000,
      "gross_margin": 0.2853398727351531,
      "op_margin": 0.11247084598418639,
      "fcf_margin": 0.003733298327767524,
      "incr_op_margin_yoy": -0.6204215618521078,
      "rev_growth_yoy": -0.019271214261852784,
      "rev_growth_yoy_accel": 0.041982251352756565,
      "op_leverage_ratio": 0.5393423981254961,
      "fcf_margin_change": 0.033910947709418236
    },
    {
      "date": "2024-12-29T00:00:00",
      "quarter_label": "2024-12 (Q4)",
      "revenue": 906152000,
      "gross_profit": 298176000,
      "operating_income": 142649000,
      "net_income": 114812000,
      "opex": 154314000,
      "cogs": null,
      "rd": null,
      "sga": null,
      "fcf": 56785000,
      "ocf": 81064000,
      "capex": -24279000,
      "gross_margin": 0.3290573766873549,
      "op_margin": 0.15742281648112016,
      "fcf_margin": 0.06266608692581377,
      "incr_op_margin_yoy": 1.1221415119720204,
      "rev_growth_yoy": 0.05177192681081031,
      "rev_growth_yoy_accel": 0.0710431410726631,
      "op_leverage_ratio": 1.0135034600565607,
      "fcf_margin_change": 0.058932788598046244
    },
    {
      "date": "2025-03-31T00:00:00",
      "quarter_label": "2025-03 (Q1)",
      "revenue": 974842000,
      "gross_profit": 303711000,
      "operating_income": 131319000,
      "net_income": 96546000,
      "opex": 172392000,
      "cogs": null,
      "rd": null,
      "sga": null,
      "fcf": 104915000,
      "ocf": 135188000,
      "capex": -30273000,
      "gross_margin": 0.31154894844497877,
      "op_margin": 0.13470798344757406,
      "fcf_margin": 0.1076225685803443,
      "incr_op_margin_yoy": 0.7860919199638184,
      "rev_growth_yoy": 0.07040685347104107,
      "rev_growth_yoy_accel": 0.018634926660230762,
      "op_leverage_ratio": 0.6470642558114179,
      "fcf_margin_change": 0.04495648165453053
    },
    {
      "date": "2025-06-29T00:00:00",
      "quarter_label": "2025-06 (Q2)",
      "revenue": 893024000,
      "gross_profit": 253228000,
      "operating_income": 86480000,
      "net_income": 57458000,
      "opex": 160886000,
      "cogs": null,
      "rd": null,
      "sga": null,
      "fcf": -32051000,
      "ocf": 968000,
      "capex": -33019000,
      "gross_margin": 0.28356236786469347,
      "op_margin": 0.09683950263374781,
      "fcf_margin": -0.035890412799656,
      "incr_op_margin_yoy": -0.12094843921412188,
      "rev_growth_yoy": 0.047024560449094636,
      "rev_growth_yoy_accel": -0.023382293021946436,
      "fcf_margin_change": -0.1435129813800003
    },
    {
      "date": "2025-09-28T00:00:00",
      "quarter_label": "2025-09 (Q3)",
      "revenue": 951286000,
      "gross_profit": 277144000,
      "operating_income": 92032000,
      "net_income": 68426000,
      "opex": 164026000,
      "cogs": null,
      "rd": null,
      "sga": null,
      "fcf": 197144000,
      "ocf": 218047000,
      "capex": -20903000,
      "gross_margin": 0.29133614917070155,
      "op_margin": 0.09674482752820918,
      "fcf_margin": 0.20723946321085351,
      "incr_op_margin_yoy": -0.10877442063386426,
      "rev_growth_yoy": 0.07651847015115389,
      "rev_growth_yoy_accel": 0.02949390970205925,
      "op_leverage_ratio": 3.3428036241962897,
      "fcf_margin_change": 0.2431298760105095
    }
  ],
  "signals": [
    {
      "quarter": "2025-09 (Q3)",
      "signal": "FCF TURNED POSITIVE",
      "detail": "FCF margin: -3.6% -> +20.7%",
      "severity": "HIGH"
    },
    {
      "quarter": "2025-09 (Q3)",
      "signal": "OPERATING LEVERAGE",
      "detail": "Rev growth +6.5% vs OpEx growth +2.0% (leverage: 3.3x)",
      "severity": "MEDIUM"
    },
    {
      "quarter": "2025-03 (Q1)",
      "signal": "INCREMENTAL MARGIN (YoY)",
      "detail": "YoY Incr OPM: +78.6% vs year-ago OPM: +8.9%",
      "severity": "HIGH"
    },
    {
      "quarter": "2024-12 (Q4)",
      "signal": "FCF MARGIN EXPANSION",
      "detail": "FCF margin: +0.4% -> +6.3% (+5.9%)",
      "severity": "MEDIUM"
    },
    {
      "quarter": "2024-12 (Q4)",
      "signal": "YoY REVENUE GROWTH ACCELERATION",
      "detail": "YoY growth: +5.2% vs prior quarter YoY: -1.9% (accel: +7.1%)",
      "severity": "MEDIUM"
    },
    {
      "quarter": "2024-12 (Q4)",
      "signal": "INCREMENTAL MARGIN (YoY)",
      "detail": "YoY Incr OPM: +112.2% vs year-ago OPM: +10.7%",
      "severity": "HIGH"
    },
    {
      "quarter": "2024-09 (Q3)",
      "signal": "FCF TURNED POSITIVE",
      "detail": "FCF margin: -3.0% -> +0.4%",
      "severity": "HIGH"
    },
    {
      "quarter": "2023-12 (Q4)",
      "signal": "YoY REVENUE GROWTH DECELERATION",
      "detail": "YoY growth: -6.4% vs prior quarter YoY: +0.2% (decel: -6.6%)",
      "severity": "WARNING"
    },
    {
      "quarter": "2023-10 (Q4)",
      "signal": "INCREMENTAL MARGIN (YoY)",
      "detail": "YoY Incr OPM: +2151.9% vs year-ago OPM: +6.0%",
      "severity": "HIGH"
    },
    {
      "quarter": "2023-07 (Q3)",
      "signal": "YoY REVENUE GROWTH DECELERATION",
      "detail": "YoY growth: +1.1% vs prior quarter YoY: +9.1% (decel: -8.1%)",
      "severity": "WARNING"
    },
    {
      "quarter": "2023-07 (Q3)",
      "signal": "INCREMENTAL MARGIN (YoY)",
      "detail": "YoY Incr OPM: +409.6% vs year-ago OPM: +5.6%",
      "severity": "HIGH"
    },
    {
      "quarter": "2023-03 (Q1)",
      "signal": "INCREMENTAL MARGIN (YoY)",
      "detail": "YoY Incr OPM: +61.4% vs year-ago OPM: +4.9%",
      "severity": "HIGH"
    },
    {
      "quarter": "2023-01 (Q1)",
      "signal": "FCF TURNED POSITIVE",
      "detail": "FCF margin: -1.7% -> +20.5%",
      "severity": "HIGH"
    },
    {
      "quarter": "2023-01 (Q1)",
      "signal": "INCREMENTAL MARGIN (YoY)",
      "detail": "YoY Incr OPM: +35.9% vs year-ago OPM: +6.1%",
      "severity": "HIGH"
    },
    {
      "quarter": "2022-10 (Q4)",
      "signal": "FCF MARGIN EXPANSION",
      "detail": "FCF margin: -10.6% -> -1.7% (+8.9%)",
      "severity": "MEDIUM"
    },
    {
      "quarter": "2022-01 (Q1)",
      "signal": "OPERATING LEVERAGE",
      "detail": "Rev growth +6.6% vs OpEx growth +4.3% (leverage: 1.5x)",
      "severity": "MEDIUM"
    }
  ],
  "data_quality": {
    "n_quarters": 20,
    "coverage": {
      "revenue": [
        20,
        20
      ],
      "gross_profit": [
        20,
        20
      ],
      "op_income": [
        20,
        20
      ],
      "fcf": [
        20,
        20
      ]
    },
    "gaps": [],
    "warnings": []
  },
  "market_cap": null,
  "source": "SEC EDGAR",
  "last_updated": "2026-02-02T20:52:24.063302"
}