{
  "ticker": "ENSG",
  "name": "ENSIGN GROUP, INC",
  "quarters": [
    {
      "date": "2020-12-31T00:00:00",
      "quarter_label": "2020-12 (Q4)",
      "revenue": 629029000,
      "gross_profit": 135206000,
      "operating_income": 55859000,
      "net_income": 46321000,
      "opex": 573170000,
      "cogs": 493823000,
      "rd": null,
      "sga": null,
      "fcf": 91190000,
      "ocf": 91190000,
      "capex": null,
      "gross_margin": 0.2149439850944869,
      "op_margin": 0.08880194712803384,
      "fcf_margin": 0.1449694688162231
    },
    {
      "date": "2021-03-31T00:00:00",
      "quarter_label": "2021-03 (Q1)",
      "revenue": 627253000,
      "gross_profit": 145067000,
      "operating_income": 63679000,
      "net_income": 49206000,
      "opex": 563574000,
      "cogs": 482186000,
      "rd": null,
      "sga": null,
      "fcf": 34294000,
      "ocf": 34294000,
      "capex": null,
      "gross_margin": 0.23127350526820917,
      "op_margin": 0.10152043912105642,
      "fcf_margin": 0.05467331363899415,
      "fcf_margin_change": -0.09029615517722896
    },
    {
      "date": "2021-06-30T00:00:00",
      "quarter_label": "2021-06 (Q2)",
      "revenue": 638536000,
      "gross_profit": 150012000,
      "operating_income": 64854000,
      "net_income": 49425000,
      "opex": 573682000,
      "cogs": 488524000,
      "rd": null,
      "sga": null,
      "fcf": 74103000,
      "ocf": 74103000,
      "capex": null,
      "gross_margin": 0.23493115501710163,
      "op_margin": 0.10156670884648633,
      "fcf_margin": 0.11605140508914141,
      "op_leverage_ratio": 1.0029229209929877,
      "fcf_margin_change": 0.06137809145014726
    },
    {
      "date": "2021-09-30T00:00:00",
      "quarter_label": "2021-09 (Q3)",
      "revenue": 668530000,
      "gross_profit": 154424000,
      "operating_income": 66318000,
      "net_income": 47281000,
      "opex": 602212000,
      "cogs": 514106000,
      "rd": null,
      "sga": null,
      "fcf": 96092000,
      "ocf": 96092000,
      "capex": null,
      "gross_margin": 0.230990381882638,
      "op_margin": 0.09919973673582337,
      "fcf_margin": 0.14373625716123434,
      "op_leverage_ratio": 0.9445358617195405,
      "fcf_margin_change": 0.027684852072092925
    },
    {
      "date": "2021-12-31T00:00:00",
      "quarter_label": "2021-12 (Q4)",
      "revenue": 693142000,
      "gross_profit": 158079000,
      "operating_income": 65614000,
      "net_income": 48740000,
      "opex": 627528000,
      "cogs": 535063000,
      "rd": null,
      "sga": null,
      "fcf": 71195000,
      "ocf": 71195000,
      "capex": null,
      "gross_margin": 0.22806149389302624,
      "op_margin": 0.09466169991141786,
      "fcf_margin": 0.1027134411130764,
      "incr_op_margin_yoy": 0.15215322945424484,
      "rev_growth_yoy": 0.10192375868203214,
      "op_leverage_ratio": 0.8757503586450434,
      "fcf_margin_change": -0.04102281604815794
    },
    {
      "date": "2022-03-31T00:00:00",
      "quarter_label": "2022-03 (Q1)",
      "revenue": 713445000,
      "gross_profit": 157804000,
      "operating_income": 69110000,
      "net_income": 50340000,
      "opex": 644335000,
      "cogs": 555641000,
      "rd": null,
      "sga": null,
      "fcf": 45874000,
      "ocf": 45874000,
      "capex": null,
      "gross_margin": 0.22118593584649132,
      "op_margin": 0.09686801365206849,
      "fcf_margin": 0.06429928025285761,
      "incr_op_margin_yoy": 0.0630104882123631,
      "rev_growth_yoy": 0.137411857735236,
      "rev_growth_yoy_accel": 0.03548809905320387,
      "op_leverage_ratio": 1.093656423317575,
      "fcf_margin_change": -0.03841416086021879
    },
    {
      "date": "2022-06-30T00:00:00",
      "quarter_label": "2022-06 (Q2)",
      "revenue": 732486000,
      "gross_profit": 168845000,
      "operating_income": 78232000,
      "net_income": 57691000,
      "opex": 654254000,
      "cogs": 563641000,
      "rd": null,
      "sga": null,
      "fcf": 83939000,
      "ocf": 83939000,
      "capex": null,
      "gross_margin": 0.2305095250967254,
      "op_margin": 0.10680340648148906,
      "fcf_margin": 0.11459468167309682,
      "incr_op_margin_yoy": 0.1423948908994146,
      "rev_growth_yoy": 0.1471334427502913,
      "rev_growth_yoy_accel": 0.009721585015055295,
      "op_leverage_ratio": 1.7336965573193834,
      "fcf_margin_change": 0.05029540142023921
    },
    {
      "date": "2022-09-30T00:00:00",
      "quarter_label": "2022-09 (Q3)",
      "revenue": 770005000,
      "gross_profit": 168382000,
      "operating_income": 74287000,
      "net_income": 56179000,
      "opex": 695718000,
      "cogs": 601623000,
      "rd": null,
      "sga": null,
      "fcf": 92524000,
      "ocf": 92524000,
      "capex": null,
      "gross_margin": 0.21867650210063572,
      "op_margin": 0.09647599690911098,
      "fcf_margin": 0.12016025869961883,
      "incr_op_margin_yoy": 0.07853165804385316,
      "rev_growth_yoy": 0.15178825183611805,
      "rev_growth_yoy_accel": 0.004654809085826744,
      "op_leverage_ratio": 0.8082153914774506,
      "fcf_margin_change": 0.005565577026522009
    },
    {
      "date": "2022-12-31T00:00:00",
      "quarter_label": "2022-12 (Q4)",
      "revenue": 809532000,
      "gross_profit": 176003000,
      "operating_income": 75196000,
      "net_income": 60471000,
      "opex": 734336000,
      "cogs": 633529000,
      "rd": null,
      "sga": null,
      "fcf": 50176000,
      "ocf": 50176000,
      "capex": null,
      "gross_margin": 0.21741327087749465,
      "op_margin": 0.09288823666019379,
      "fcf_margin": 0.06198149054021336,
      "incr_op_margin_yoy": 0.08232666036601083,
      "rev_growth_yoy": 0.16791653081186828,
      "rev_growth_yoy_accel": 0.016128278975750227,
      "op_leverage_ratio": 0.9247913737162351,
      "fcf_margin_change": -0.05817876815940547
    },
    {
      "date": "2023-03-31T00:00:00",
      "quarter_label": "2023-03 (Q1)",
      "revenue": 886841000,
      "gross_profit": 190515000,
      "operating_income": 74875000,
      "net_income": 59852000,
      "opex": 811966000,
      "cogs": 696326000,
      "rd": null,
      "sga": null,
      "fcf": 48344000,
      "ocf": 48344000,
      "capex": null,
      "gross_margin": 0.21482430334186173,
      "op_margin": 0.08442888860573654,
      "fcf_margin": 0.054512590193732585,
      "incr_op_margin_yoy": 0.03324759510023299,
      "rev_growth_yoy": 0.2430404586197955,
      "rev_growth_yoy_accel": 0.07512392780792723,
      "op_leverage_ratio": 0.9033608567826494,
      "fcf_margin_change": -0.007468900346480775
    },
    {
      "date": "2023-06-30T00:00:00",
      "quarter_label": "2023-06 (Q2)",
      "revenue": 921345000,
      "gross_profit": 198660000,
      "operating_income": 77874000,
      "net_income": 63993000,
      "opex": 843471000,
      "cogs": 722685000,
      "rd": null,
      "sga": null,
      "fcf": 119738000,
      "ocf": 119738000,
      "capex": null,
      "gross_margin": 0.2156195561923058,
      "op_margin": 0.08452208456115787,
      "fcf_margin": 0.1299600041244051,
      "incr_op_margin_yoy": -0.0018955940675318625,
      "rev_growth_yoy": 0.25783291421269483,
      "rev_growth_yoy_accel": 0.014792455592899323,
      "op_leverage_ratio": 1.002725460325271,
      "fcf_margin_change": 0.0754474139306725
    },
    {
      "date": "2023-09-30T00:00:00",
      "quarter_label": "2023-09 (Q3)",
      "revenue": 940791000,
      "gross_profit": 199722000,
      "operating_income": 79792000,
      "net_income": 63863000,
      "opex": 860999000,
      "cogs": 741069000,
      "rd": null,
      "sga": null,
      "fcf": 123315000,
      "ocf": 123315000,
      "capex": null,
      "gross_margin": 0.2122915716668208,
      "op_margin": 0.08481373652596591,
      "fcf_margin": 0.13107587126152354,
      "incr_op_margin_yoy": 0.032233321232419516,
      "rev_growth_yoy": 0.22179855974961202,
      "rev_growth_yoy_accel": -0.03603435446308281,
      "op_leverage_ratio": 1.0156540132144982,
      "fcf_margin_change": 0.001115867137118448
    },
    {
      "date": "2023-12-31T00:00:00",
      "quarter_label": "2023-12 (Q4)",
      "revenue": 980378000,
      "gross_profit": 199220000,
      "operating_income": 22826000,
      "net_income": 21691000,
      "opex": 957552000,
      "cogs": 781158000,
      "rd": null,
      "sga": null,
      "fcf": 85269000,
      "ocf": 85269000,
      "capex": null,
      "gross_margin": 0.2032073343139075,
      "op_margin": 0.02328285620444359,
      "fcf_margin": 0.0869756359281828,
      "incr_op_margin_yoy": -0.30653336923311053,
      "rev_growth_yoy": 0.21104292356571452,
      "rev_growth_yoy_accel": -0.010755636183897493,
      "op_leverage_ratio": 0.37522892724355106,
      "fcf_margin_change": -0.04410023533334073
    },
    {
      "date": "2024-03-31T00:00:00",
      "quarter_label": "2024-03 (Q1)",
      "revenue": 1010172000,
      "gross_profit": 210909000,
      "operating_income": 82218000,
      "net_income": 68835000,
      "opex": 927954000,
      "cogs": 799263000,
      "rd": null,
      "sga": null,
      "fcf": 35312000,
      "ocf": 35312000,
      "capex": null,
      "gross_margin": 0.20878523657357362,
      "op_margin": 0.08139009990377877,
      "fcf_margin": 0.03495642326257311,
      "incr_op_margin_yoy": 0.059538964250675015,
      "rev_growth_yoy": 0.13906776975805132,
      "rev_growth_yoy_accel": -0.0719751538076632,
      "op_leverage_ratio": Infinity,
      "fcf_margin_change": -0.052019212665609695
    },
    {
      "date": "2024-06-30T00:00:00",
      "quarter_label": "2024-06 (Q2)",
      "revenue": 1036285000,
      "gross_profit": 215925000,
      "operating_income": 85971000,
      "net_income": 71007000,
      "opex": 950314000,
      "cogs": 820360000,
      "rd": null,
      "sga": null,
      "fcf": 76937000,
      "ocf": 76937000,
      "capex": null,
      "gross_margin": 0.2083644943234728,
      "op_margin": 0.08296076851445307,
      "fcf_margin": 0.0742430894975803,
      "incr_op_margin_yoy": 0.0704454497998956,
      "rev_growth_yoy": 0.12475240002387813,
      "rev_growth_yoy_accel": -0.014315369734173189,
      "op_leverage_ratio": 1.0727933954030693,
      "fcf_margin_change": 0.039286666235007185
    },
    {
      "date": "2024-09-30T00:00:00",
      "quarter_label": "2024-09 (Q3)",
      "revenue": 1081776000,
      "gross_profit": 221784000,
      "operating_income": 89338000,
      "net_income": 78444000,
      "opex": 992438000,
      "cogs": 859992000,
      "rd": null,
      "sga": null,
      "fcf": 134481000,
      "ocf": 134481000,
      "capex": null,
      "gross_margin": 0.2050184141633758,
      "op_margin": 0.08258456464184823,
      "fcf_margin": 0.12431501530815992,
      "incr_op_margin_yoy": 0.0677093307798702,
      "rev_growth_yoy": 0.14985793869201555,
      "rev_growth_yoy_accel": 0.025105538668137417,
      "op_leverage_ratio": 0.9903388016216176,
      "fcf_margin_change": 0.05007192581057962
    },
    {
      "date": "2024-12-31T00:00:00",
      "quarter_label": "2024-12 (Q4)",
      "revenue": 1132252000,
      "gross_profit": 234983000,
      "operating_income": 100777000,
      "net_income": 79687000,
      "opex": 1031475000,
      "cogs": 897269000,
      "rd": null,
      "sga": null,
      "fcf": 100456000,
      "ocf": 100456000,
      "capex": null,
      "gross_margin": 0.20753595489343363,
      "op_margin": 0.08900580436157322,
      "fcf_margin": 0.08872229856957638,
      "incr_op_margin_yoy": 0.5132609926649723,
      "rev_growth_yoy": 0.15491371695407283,
      "rev_growth_yoy_accel": 0.0050557782620572755,
      "op_leverage_ratio": 1.186245395781901,
      "fcf_margin_change": -0.03559271673858354
    },
    {
      "date": "2025-03-31T00:00:00",
      "quarter_label": "2025-03 (Q1)",
      "revenue": 1173041000,
      "gross_profit": 245192000,
      "operating_income": 101373000,
      "net_income": 80277000,
      "opex": 1071668000,
      "cogs": 927849000,
      "rd": null,
      "sga": null,
      "fcf": 72220000,
      "ocf": 72220000,
      "capex": null,
      "gross_margin": 0.20902253203425966,
      "op_margin": 0.0864189742728515,
      "fcf_margin": 0.06156647551108614,
      "incr_op_margin_yoy": 0.11760985822962013,
      "rev_growth_yoy": 0.161228978827368,
      "rev_growth_yoy_accel": 0.006315261873295175,
      "op_leverage_ratio": 0.92450282999268,
      "fcf_margin_change": -0.027155823058490236
    },
    {
      "date": "2025-06-30T00:00:00",
      "quarter_label": "2025-06 (Q2)",
      "revenue": 1227769000,
      "gross_profit": 255989000,
      "operating_income": 103902000,
      "net_income": 84396000,
      "opex": 1123867000,
      "cogs": 971780000,
      "rd": null,
      "sga": null,
      "fcf": 155730000,
      "ocf": 155730000,
      "capex": null,
      "gross_margin": 0.20849931868291185,
      "op_margin": 0.08462666837165624,
      "fcf_margin": 0.126839820845778,
      "incr_op_margin_yoy": 0.09364228865074889,
      "rev_growth_yoy": 0.18477928369126254,
      "rev_growth_yoy_accel": 0.023550304863894533,
      "op_leverage_ratio": 0.9578432992202031,
      "fcf_margin_change": 0.06527334533469185
    },
    {
      "date": "2025-09-30T00:00:00",
      "quarter_label": "2025-09 (Q3)",
      "revenue": 1296405000,
      "gross_profit": 251746000,
      "operating_income": 96218000,
      "net_income": 83844000,
      "opex": 1200187000,
      "cogs": 1044659000,
      "rd": null,
      "sga": null,
      "fcf": 153000000,
      "ocf": 153000000,
      "capex": null,
      "gross_margin": 0.19418777311102625,
      "op_margin": 0.07421909048484077,
      "fcf_margin": 0.11801867471970565,
      "incr_op_margin_yoy": 0.03205531405355287,
      "rev_growth_yoy": 0.19840429072192395,
      "rev_growth_yoy_accel": 0.013625007030661412,
      "op_leverage_ratio": 0.82321231642614,
      "fcf_margin_change": -0.008821146126072349
    }
  ],
  "signals": [
    {
      "quarter": "2025-06 (Q2)",
      "signal": "FCF MARGIN EXPANSION",
      "detail": "FCF margin: +6.2% -> +12.7% (+6.5%)",
      "severity": "MEDIUM"
    },
    {
      "quarter": "2024-12 (Q4)",
      "signal": "INCREMENTAL MARGIN (YoY)",
      "detail": "YoY Incr OPM: +51.3% vs year-ago OPM: +2.3%",
      "severity": "HIGH"
    },
    {
      "quarter": "2024-09 (Q3)",
      "signal": "FCF MARGIN EXPANSION",
      "detail": "FCF margin: +7.4% -> +12.4% (+5.0%)",
      "severity": "MEDIUM"
    },
    {
      "quarter": "2024-03 (Q1)",
      "signal": "YoY REVENUE GROWTH DECELERATION",
      "detail": "YoY growth: +13.9% vs prior quarter YoY: +21.1% (decel: -7.2%)",
      "severity": "WARNING"
    },
    {
      "quarter": "2023-06 (Q2)",
      "signal": "FCF MARGIN EXPANSION",
      "detail": "FCF margin: +5.5% -> +13.0% (+7.5%)",
      "severity": "MEDIUM"
    },
    {
      "quarter": "2023-03 (Q1)",
      "signal": "YoY REVENUE GROWTH ACCELERATION",
      "detail": "YoY growth: +24.3% vs prior quarter YoY: +16.8% (accel: +7.5%)",
      "severity": "MEDIUM"
    },
    {
      "quarter": "2022-06 (Q2)",
      "signal": "FCF MARGIN EXPANSION",
      "detail": "FCF margin: +6.4% -> +11.5% (+5.0%)",
      "severity": "MEDIUM"
    },
    {
      "quarter": "2022-06 (Q2)",
      "signal": "OPERATING LEVERAGE",
      "detail": "Rev growth +2.7% vs OpEx growth +1.5% (leverage: 1.7x)",
      "severity": "MEDIUM"
    },
    {
      "quarter": "2021-06 (Q2)",
      "signal": "FCF MARGIN EXPANSION",
      "detail": "FCF margin: +5.5% -> +11.6% (+6.1%)",
      "severity": "MEDIUM"
    }
  ],
  "data_quality": {
    "n_quarters": 20,
    "coverage": {
      "revenue": [
        20,
        20
      ],
      "gross_profit": [
        20,
        20
      ],
      "op_income": [
        20,
        20
      ],
      "fcf": [
        20,
        20
      ]
    },
    "gaps": [],
    "warnings": []
  },
  "market_cap": null,
  "source": "SEC EDGAR",
  "last_updated": "2026-02-02T20:38:25.923010",
  "sector": "Healthcare",
  "industry": "Medical Care Facilities"
}