{
  "ticker": "ENTA",
  "name": "ENANTA PHARMACEUTICALS, INC",
  "quarters": [
    {
      "date": "2020-12-31T00:00:00",
      "quarter_label": "2020-12 (Q4)",
      "revenue": 31743000,
      "gross_profit": null,
      "operating_income": -12299000,
      "net_income": -8328000,
      "opex": 44042000,
      "cogs": null,
      "rd": 36665000,
      "sga": null,
      "fcf": -15078000,
      "ocf": -14890000,
      "capex": -188000,
      "gross_margin": null,
      "op_margin": -0.38745550200044104,
      "fcf_margin": -0.4750023627256403
    },
    {
      "date": "2021-03-31T00:00:00",
      "quarter_label": "2021-03 (Q1)",
      "revenue": 20132000,
      "gross_profit": null,
      "operating_income": -29700000,
      "net_income": -22045000,
      "opex": 49832000,
      "cogs": null,
      "rd": 41506000,
      "sga": null,
      "fcf": -4709000,
      "ocf": -4579000,
      "capex": -130000,
      "gross_margin": null,
      "op_margin": -1.475263262467713,
      "fcf_margin": -0.2339062189548977,
      "fcf_margin_change": 0.2410961437707426
    },
    {
      "date": "2021-06-30T00:00:00",
      "quarter_label": "2021-06 (Q2)",
      "revenue": 21624000,
      "gross_profit": null,
      "operating_income": -33847000,
      "net_income": -24024000,
      "opex": 55471000,
      "cogs": null,
      "rd": 46994000,
      "sga": null,
      "fcf": -29905000,
      "ocf": -29506000,
      "capex": -399000,
      "gross_margin": null,
      "op_margin": -1.565251572327044,
      "fcf_margin": -1.382954125046245,
      "op_leverage_ratio": 0.6549198062780329,
      "fcf_margin_change": -1.1490479060913472
    },
    {
      "date": "2021-09-30T00:00:00",
      "quarter_label": "2021-09 (Q3)",
      "revenue": 23575000,
      "gross_profit": null,
      "operating_income": -33727000,
      "net_income": -24599000,
      "opex": 57302000,
      "cogs": null,
      "rd": 48946000,
      "sga": null,
      "fcf": -21054000,
      "ocf": -21021000,
      "capex": -33000,
      "gross_margin": null,
      "op_margin": -1.430625662778367,
      "fcf_margin": -0.8930646871686109,
      "op_leverage_ratio": 2.7333729205953374,
      "fcf_margin_change": 0.48988943787763406
    },
    {
      "date": "2021-12-31T00:00:00",
      "quarter_label": "2021-12 (Q4)",
      "revenue": 27648000,
      "gross_profit": null,
      "operating_income": -30409000,
      "net_income": -30115000,
      "opex": 58057000,
      "cogs": null,
      "rd": 48549000,
      "sga": null,
      "fcf": -13634000,
      "ocf": -13271000,
      "capex": -363000,
      "gross_margin": null,
      "op_margin": -1.0998625578703705,
      "fcf_margin": -0.49312789351851855,
      "incr_op_margin_yoy": 4.422466422466423,
      "rev_growth_yoy": -0.12900481996030622,
      "op_leverage_ratio": 13.112501092048063,
      "fcf_margin_change": 0.3999367936500923
    },
    {
      "date": "2022-03-31T00:00:00",
      "quarter_label": "2022-03 (Q1)",
      "revenue": 18716000,
      "gross_profit": null,
      "operating_income": -33847000,
      "net_income": -33592000,
      "opex": 52563000,
      "cogs": null,
      "rd": 42087000,
      "sga": null,
      "fcf": -26449000,
      "ocf": -26375000,
      "capex": -74000,
      "gross_margin": null,
      "op_margin": -1.8084526608249627,
      "fcf_margin": -1.4131758922846762,
      "incr_op_margin_yoy": 2.928672316384181,
      "rev_growth_yoy": -0.07033578382674349,
      "rev_growth_yoy_accel": 0.058669036133562724,
      "fcf_margin_change": -0.9200479987661576
    },
    {
      "date": "2022-06-30T00:00:00",
      "quarter_label": "2022-06 (Q2)",
      "revenue": 19479000,
      "gross_profit": null,
      "operating_income": -32540000,
      "net_income": -31700000,
      "opex": 52019000,
      "cogs": null,
      "rd": 39090000,
      "sga": null,
      "fcf": -29853000,
      "ocf": -29602000,
      "capex": -251000,
      "gross_margin": null,
      "op_margin": -1.670516966990092,
      "fcf_margin": -1.5325735407361774,
      "incr_op_margin_yoy": -0.6093240093240093,
      "rev_growth_yoy": -0.09919533851276359,
      "rev_growth_yoy_accel": -0.028859554686020097,
      "op_leverage_ratio": Infinity,
      "fcf_margin_change": -0.11939764845150114
    },
    {
      "date": "2022-09-30T00:00:00",
      "quarter_label": "2022-09 (Q3)",
      "revenue": 20317000,
      "gross_profit": null,
      "operating_income": -27048000,
      "net_income": -26348000,
      "opex": 47365000,
      "cogs": null,
      "rd": 34796000,
      "sga": null,
      "fcf": -16971000,
      "ocf": -15534000,
      "capex": -1437000,
      "gross_margin": null,
      "op_margin": -1.3312989122409804,
      "fcf_margin": -0.8353103312496923,
      "incr_op_margin_yoy": -2.0500306936771024,
      "rev_growth_yoy": -0.13819724284199364,
      "rev_growth_yoy_accel": -0.03900190432923005,
      "op_leverage_ratio": Infinity,
      "fcf_margin_change": 0.697263209486485
    },
    {
      "date": "2022-12-31T00:00:00",
      "quarter_label": "2022-12 (Q4)",
      "revenue": 23585000,
      "gross_profit": null,
      "operating_income": -30013000,
      "net_income": -28986000,
      "opex": 53598000,
      "cogs": null,
      "rd": 40902000,
      "sga": null,
      "fcf": -38797000,
      "ocf": -35641000,
      "capex": -3156000,
      "gross_margin": null,
      "op_margin": -1.2725461098155608,
      "fcf_margin": -1.6449862200551197,
      "incr_op_margin_yoy": -0.09746492739355156,
      "rev_growth_yoy": -0.14695457175925927,
      "rev_growth_yoy_accel": -0.008757328917265633,
      "op_leverage_ratio": 1.222314270047092,
      "fcf_margin_change": -0.8096758888054274
    },
    {
      "date": "2023-03-31T00:00:00",
      "quarter_label": "2023-03 (Q1)",
      "revenue": 17795000,
      "gross_profit": null,
      "operating_income": -39451000,
      "net_income": -37658000,
      "opex": 57246000,
      "cogs": null,
      "rd": 43468000,
      "sga": null,
      "fcf": -16166000,
      "ocf": -13783000,
      "capex": -2383000,
      "gross_margin": null,
      "op_margin": -2.2169710592863163,
      "fcf_margin": -0.9084574318628829,
      "rev_growth_yoy": -0.049209232742038894,
      "rev_growth_yoy_accel": 0.09774533901722038,
      "fcf_margin_change": 0.7365287881922369
    },
    {
      "date": "2023-06-30T00:00:00",
      "quarter_label": "2023-06 (Q2)",
      "revenue": 18892000,
      "gross_profit": null,
      "operating_income": -36713000,
      "net_income": -39065000,
      "opex": 55605000,
      "cogs": null,
      "rd": 42987000,
      "sga": null,
      "fcf": -34279000,
      "ocf": -32128000,
      "capex": -2151000,
      "gross_margin": null,
      "op_margin": -1.9433093372856236,
      "fcf_margin": -1.81447173406733,
      "rev_growth_yoy": -0.03013501719800811,
      "rev_growth_yoy_accel": 0.019074215544030784,
      "op_leverage_ratio": Infinity,
      "fcf_margin_change": -0.9060143022044471
    },
    {
      "date": "2023-09-30T00:00:00",
      "quarter_label": "2023-09 (Q3)",
      "revenue": 18932000,
      "gross_profit": null,
      "operating_income": -31030000,
      "net_income": -28107000,
      "opex": 49962000,
      "cogs": null,
      "rd": 36167000,
      "sga": null,
      "fcf": -22970000,
      "ocf": -21602000,
      "capex": -1368000,
      "gross_margin": null,
      "op_margin": -1.639023874920769,
      "fcf_margin": -1.213289668286499,
      "incr_op_margin_yoy": 2.8750902527075812,
      "rev_growth_yoy": -0.06816951321553379,
      "rev_growth_yoy_accel": -0.038034496017525676,
      "fcf_margin_change": 0.6011820657808309
    },
    {
      "date": "2023-12-31T00:00:00",
      "quarter_label": "2023-12 (Q4)",
      "revenue": 18003000,
      "gross_profit": null,
      "operating_income": -34886000,
      "net_income": -33407000,
      "opex": 52889000,
      "cogs": null,
      "rd": 36371000,
      "sga": null,
      "fcf": -25775000,
      "ocf": -24988000,
      "capex": -787000,
      "gross_margin": null,
      "op_margin": -1.937788146420041,
      "fcf_margin": -1.4317058268066434,
      "incr_op_margin_yoy": 0.872984593335722,
      "rev_growth_yoy": -0.2366758532965868,
      "rev_growth_yoy_accel": -0.16850634008105303,
      "fcf_margin_change": -0.2184161585201443
    },
    {
      "date": "2024-03-31T00:00:00",
      "quarter_label": "2024-03 (Q1)",
      "revenue": 17054000,
      "gross_profit": null,
      "operating_income": -32766000,
      "net_income": -31157000,
      "opex": 49820000,
      "cogs": null,
      "rd": 35585000,
      "sga": null,
      "fcf": -30269000,
      "ocf": -28601000,
      "capex": -1668000,
      "gross_margin": null,
      "op_margin": -1.9213087838630234,
      "fcf_margin": -1.7748915210507799,
      "rev_growth_yoy": -0.04164091036808092,
      "rev_growth_yoy_accel": 0.19503494292850587,
      "fcf_margin_change": -0.3431856942441365
    },
    {
      "date": "2024-06-30T00:00:00",
      "quarter_label": "2024-06 (Q2)",
      "revenue": 17971000,
      "gross_profit": null,
      "operating_income": -24185000,
      "net_income": -22658000,
      "opex": 42156000,
      "cogs": null,
      "rd": 28742000,
      "sga": null,
      "fcf": -21317000,
      "ocf": -14775000,
      "capex": -6542000,
      "gross_margin": null,
      "op_margin": -1.3457793111123477,
      "fcf_margin": -1.1861888598297257,
      "rev_growth_yoy": -0.04875079398687275,
      "rev_growth_yoy_accel": -0.007109883618791828,
      "op_leverage_ratio": Infinity,
      "fcf_margin_change": 0.5887026612210542
    },
    {
      "date": "2024-09-30T00:00:00",
      "quarter_label": "2024-09 (Q3)",
      "revenue": 14607000,
      "gross_profit": null,
      "operating_income": -29854000,
      "net_income": -28823000,
      "opex": 44461000,
      "cogs": null,
      "rd": 30778000,
      "sga": null,
      "fcf": -19351000,
      "ocf": -10400000,
      "capex": -8951000,
      "gross_margin": null,
      "op_margin": -2.043814609433833,
      "fcf_margin": -1.324775792428288,
      "incr_op_margin_yoy": -0.271907514450867,
      "rev_growth_yoy": -0.228449186562434,
      "rev_growth_yoy_accel": -0.17969839257556125,
      "fcf_margin_change": -0.13858693259856225
    },
    {
      "date": "2024-12-31T00:00:00",
      "quarter_label": "2024-12 (Q4)",
      "revenue": 16959000,
      "gross_profit": null,
      "operating_income": -23543000,
      "net_income": -22290000,
      "opex": 40502000,
      "cogs": null,
      "rd": 27656000,
      "sga": null,
      "fcf": -25546000,
      "ocf": -16801000,
      "capex": -8745000,
      "gross_margin": null,
      "op_margin": -1.3882304381154549,
      "fcf_margin": -1.5063388171472374,
      "incr_op_margin_yoy": -10.864942528735632,
      "rev_growth_yoy": -0.05799033494417597,
      "rev_growth_yoy_accel": 0.17045885161825802,
      "op_leverage_ratio": Infinity,
      "fcf_margin_change": -0.18156302471894947
    },
    {
      "date": "2025-03-31T00:00:00",
      "quarter_label": "2025-03 (Q1)",
      "revenue": 14926000,
      "gross_profit": null,
      "operating_income": -24527000,
      "net_income": -22644000,
      "opex": 39453000,
      "cogs": null,
      "rd": 28065000,
      "sga": null,
      "fcf": -16026000,
      "ocf": -13488000,
      "capex": -2538000,
      "gross_margin": null,
      "op_margin": -1.6432399839206753,
      "fcf_margin": -1.0736969047300013,
      "incr_op_margin_yoy": -3.8717105263157894,
      "rev_growth_yoy": -0.12478011023806732,
      "rev_growth_yoy_accel": -0.06678977529389135,
      "fcf_margin_change": 0.43264191241723604
    },
    {
      "date": "2025-06-30T00:00:00",
      "quarter_label": "2025-06 (Q2)",
      "revenue": 18314000,
      "gross_profit": null,
      "operating_income": -18893000,
      "net_income": -18255000,
      "opex": 37207000,
      "cogs": null,
      "rd": 27210000,
      "sga": null,
      "fcf": 17351000,
      "ocf": 17506000,
      "capex": -155000,
      "gross_margin": null,
      "op_margin": -1.031615157802774,
      "fcf_margin": 0.9474172764005678,
      "rev_growth_yoy": 0.019086305714762674,
      "rev_growth_yoy_accel": 0.14386641595282998,
      "op_leverage_ratio": Infinity,
      "fcf_margin_change": 2.021114181130569
    },
    {
      "date": "2025-09-30T00:00:00",
      "quarter_label": "2025-09 (Q3)",
      "revenue": 15125000,
      "gross_profit": null,
      "operating_income": -18386000,
      "net_income": -18700000,
      "opex": 33511000,
      "cogs": null,
      "rd": 23809000,
      "sga": null,
      "fcf": -7947000,
      "ocf": -6489000,
      "capex": -1458000,
      "gross_margin": null,
      "op_margin": -1.2156033057851239,
      "fcf_margin": -0.5254214876033058,
      "rev_growth_yoy": 0.03546244951050866,
      "rev_growth_yoy_accel": 0.01637614379574599,
      "fcf_margin_change": -1.4728387640038736
    }
  ],
  "signals": [
    {
      "quarter": "2025-06 (Q2)",
      "signal": "FCF TURNED POSITIVE",
      "detail": "FCF margin: -107.4% -> +94.7%",
      "severity": "HIGH"
    },
    {
      "quarter": "2025-06 (Q2)",
      "signal": "YoY REVENUE GROWTH ACCELERATION",
      "detail": "YoY growth: +1.9% vs prior quarter YoY: -12.5% (accel: +14.4%)",
      "severity": "MEDIUM"
    },
    {
      "quarter": "2025-03 (Q1)",
      "signal": "FCF MARGIN EXPANSION",
      "detail": "FCF margin: -150.6% -> -107.4% (+43.3%)",
      "severity": "MEDIUM"
    },
    {
      "quarter": "2025-03 (Q1)",
      "signal": "YoY REVENUE GROWTH DECELERATION",
      "detail": "YoY growth: -12.5% vs prior quarter YoY: -5.8% (decel: -6.7%)",
      "severity": "WARNING"
    },
    {
      "quarter": "2024-12 (Q4)",
      "signal": "YoY REVENUE GROWTH ACCELERATION",
      "detail": "YoY growth: -5.8% vs prior quarter YoY: -22.8% (accel: +17.0%)",
      "severity": "HIGH"
    },
    {
      "quarter": "2024-09 (Q3)",
      "signal": "YoY REVENUE GROWTH DECELERATION",
      "detail": "YoY growth: -22.8% vs prior quarter YoY: -4.9% (decel: -18.0%)",
      "severity": "WARNING"
    },
    {
      "quarter": "2024-06 (Q2)",
      "signal": "FCF MARGIN EXPANSION",
      "detail": "FCF margin: -177.5% -> -118.6% (+58.9%)",
      "severity": "MEDIUM"
    },
    {
      "quarter": "2024-03 (Q1)",
      "signal": "YoY REVENUE GROWTH ACCELERATION",
      "detail": "YoY growth: -4.2% vs prior quarter YoY: -23.7% (accel: +19.5%)",
      "severity": "HIGH"
    },
    {
      "quarter": "2023-12 (Q4)",
      "signal": "YoY REVENUE GROWTH DECELERATION",
      "detail": "YoY growth: -23.7% vs prior quarter YoY: -6.8% (decel: -16.9%)",
      "severity": "WARNING"
    },
    {
      "quarter": "2023-09 (Q3)",
      "signal": "FCF MARGIN EXPANSION",
      "detail": "FCF margin: -181.4% -> -121.3% (+60.1%)",
      "severity": "MEDIUM"
    },
    {
      "quarter": "2023-03 (Q1)",
      "signal": "FCF MARGIN EXPANSION",
      "detail": "FCF margin: -164.5% -> -90.8% (+73.7%)",
      "severity": "MEDIUM"
    },
    {
      "quarter": "2023-03 (Q1)",
      "signal": "YoY REVENUE GROWTH ACCELERATION",
      "detail": "YoY growth: -4.9% vs prior quarter YoY: -14.7% (accel: +9.8%)",
      "severity": "MEDIUM"
    },
    {
      "quarter": "2022-09 (Q3)",
      "signal": "FCF MARGIN EXPANSION",
      "detail": "FCF margin: -153.3% -> -83.5% (+69.7%)",
      "severity": "MEDIUM"
    },
    {
      "quarter": "2022-03 (Q1)",
      "signal": "YoY REVENUE GROWTH ACCELERATION",
      "detail": "YoY growth: -7.0% vs prior quarter YoY: -12.9% (accel: +5.9%)",
      "severity": "MEDIUM"
    },
    {
      "quarter": "2021-12 (Q4)",
      "signal": "FCF MARGIN EXPANSION",
      "detail": "FCF margin: -89.3% -> -49.3% (+40.0%)",
      "severity": "MEDIUM"
    },
    {
      "quarter": "2021-12 (Q4)",
      "signal": "OPERATING LEVERAGE",
      "detail": "Rev growth +17.3% vs OpEx growth +1.3% (leverage: 13.1x)",
      "severity": "MEDIUM"
    },
    {
      "quarter": "2021-09 (Q3)",
      "signal": "FCF MARGIN EXPANSION",
      "detail": "FCF margin: -138.3% -> -89.3% (+49.0%)",
      "severity": "MEDIUM"
    },
    {
      "quarter": "2021-09 (Q3)",
      "signal": "OPERATING LEVERAGE",
      "detail": "Rev growth +9.0% vs OpEx growth +3.3% (leverage: 2.7x)",
      "severity": "MEDIUM"
    },
    {
      "quarter": "2021-03 (Q1)",
      "signal": "FCF MARGIN EXPANSION",
      "detail": "FCF margin: -47.5% -> -23.4% (+24.1%)",
      "severity": "MEDIUM"
    }
  ],
  "data_quality": {
    "n_quarters": 20,
    "coverage": {
      "revenue": [
        20,
        20
      ],
      "gross_profit": [
        0,
        20
      ],
      "op_income": [
        20,
        20
      ],
      "fcf": [
        20,
        20
      ]
    },
    "gaps": [],
    "warnings": [
      "gross_profit: no data"
    ]
  },
  "market_cap": null,
  "source": "SEC EDGAR",
  "last_updated": "2026-02-02T22:37:28.187215",
  "sector": "Healthcare",
  "industry": "Biotechnology"
}