{
  "ticker": "ENVA",
  "name": "ENOVA INTERNATIONAL, INC.",
  "quarters": [
    {
      "date": "2020-12-31T00:00:00",
      "quarter_label": "2020-12 (Q4)",
      "revenue": 263852000,
      "gross_profit": 243503000,
      "operating_income": 120141000,
      "net_income": 230691000,
      "opex": 123362000,
      "cogs": null,
      "rd": null,
      "sga": null,
      "fcf": 107982000,
      "ocf": 117638000,
      "capex": -9656000,
      "gross_margin": 0.9228772190470416,
      "op_margin": 0.4553348089080242,
      "fcf_margin": 0.409252156511984
    },
    {
      "date": "2021-03-31T00:00:00",
      "quarter_label": "2021-03 (Q1)",
      "revenue": 259444000,
      "gross_profit": 238366000,
      "operating_income": 123455000,
      "net_income": 75920000,
      "opex": 114911000,
      "cogs": null,
      "rd": null,
      "sga": null,
      "fcf": 109922000,
      "ocf": 117028000,
      "capex": -7106000,
      "gross_margin": 0.9187570342732921,
      "op_margin": 0.4758444982346865,
      "fcf_margin": 0.4236829527759362,
      "fcf_margin_change": 0.014430796263952217
    },
    {
      "date": "2021-06-30T00:00:00",
      "quarter_label": "2021-06 (Q2)",
      "revenue": 264720000,
      "gross_profit": 259133000,
      "operating_income": 122709000,
      "net_income": 80177000,
      "opex": 136424000,
      "cogs": null,
      "rd": null,
      "sga": null,
      "fcf": 95606000,
      "ocf": 102902000,
      "capex": -7296000,
      "gross_margin": 0.9788946811725597,
      "op_margin": 0.4635426110607434,
      "fcf_margin": 0.3611589604110003,
      "op_leverage_ratio": 0.1086229972639652,
      "fcf_margin_change": -0.06252399236493589
    },
    {
      "date": "2021-09-30T00:00:00",
      "quarter_label": "2021-09 (Q3)",
      "revenue": 320160000,
      "gross_profit": 246382000,
      "operating_income": 86219000,
      "net_income": 51548000,
      "opex": 160163000,
      "cogs": null,
      "rd": null,
      "sga": null,
      "fcf": 97598000,
      "ocf": 105227000,
      "capex": -7629000,
      "gross_margin": 0.7695589705147426,
      "op_margin": 0.2692997251374313,
      "fcf_margin": 0.3048413293353323,
      "op_leverage_ratio": 1.203551908968326,
      "fcf_margin_change": -0.056317631075668007
    },
    {
      "date": "2021-12-31T00:00:00",
      "quarter_label": "2021-12 (Q4)",
      "revenue": 363608000,
      "gross_profit": 280379000,
      "operating_income": 80680000,
      "net_income": 48650000,
      "opex": 199699000,
      "cogs": null,
      "rd": null,
      "sga": null,
      "fcf": 139068000,
      "ocf": 146711000,
      "capex": -7643000,
      "gross_margin": 0.771102395986887,
      "op_margin": 0.2218873072099624,
      "fcf_margin": 0.3824668324129282,
      "incr_op_margin_yoy": -0.3955752034965315,
      "rev_growth_yoy": 0.3780755878295408,
      "op_leverage_ratio": 0.5497587943432168,
      "fcf_margin_change": 0.07762550307759591
    },
    {
      "date": "2022-03-31T00:00:00",
      "quarter_label": "2022-03 (Q1)",
      "revenue": 385731000,
      "gross_profit": 268689000,
      "operating_income": 90746000,
      "net_income": 52443000,
      "opex": 177943000,
      "cogs": null,
      "rd": null,
      "sga": null,
      "fcf": 153539000,
      "ocf": 153539000,
      "capex": null,
      "gross_margin": 0.6965709263709684,
      "op_margin": 0.23525721292818053,
      "fcf_margin": 0.39804682537830766,
      "incr_op_margin_yoy": -0.259005281620436,
      "rev_growth_yoy": 0.48676014862552225,
      "rev_growth_yoy_accel": 0.10868456079598143,
      "op_leverage_ratio": Infinity,
      "fcf_margin_change": 0.01557999296537943
    },
    {
      "date": "2022-06-30T00:00:00",
      "quarter_label": "2022-06 (Q2)",
      "revenue": 407990000,
      "gross_profit": 264572000,
      "operating_income": 89485000,
      "net_income": 52401000,
      "opex": 175087000,
      "cogs": null,
      "rd": null,
      "sga": null,
      "fcf": 238635000,
      "ocf": 238635000,
      "capex": null,
      "gross_margin": 0.6484766783499596,
      "op_margin": 0.21933135616069022,
      "fcf_margin": 0.5849040417657295,
      "incr_op_margin_yoy": -0.2318978153137433,
      "rev_growth_yoy": 0.5412133575098217,
      "rev_growth_yoy_accel": 0.05445320888429944,
      "op_leverage_ratio": Infinity,
      "fcf_margin_change": 0.18685721638742187
    },
    {
      "date": "2022-09-30T00:00:00",
      "quarter_label": "2022-09 (Q3)",
      "revenue": 456200000,
      "gross_profit": 294195000,
      "operating_income": 98512000,
      "net_income": 51708000,
      "opex": 195683000,
      "cogs": null,
      "rd": null,
      "sga": null,
      "fcf": 232686000,
      "ocf": 232686000,
      "capex": null,
      "gross_margin": 0.6448816308636562,
      "op_margin": 0.21594037702761948,
      "fcf_margin": 0.5100526085050416,
      "incr_op_margin_yoy": 0.0903631284916201,
      "rev_growth_yoy": 0.4249125437281359,
      "rev_growth_yoy_accel": -0.11630081378168577,
      "op_leverage_ratio": 1.0045201001526838,
      "fcf_margin_change": -0.07485143326068788
    },
    {
      "date": "2022-12-31T00:00:00",
      "quarter_label": "2022-12 (Q4)",
      "revenue": 486164000,
      "gross_profit": 290108000,
      "operating_income": 105249000,
      "net_income": 50872000,
      "opex": 184859000,
      "cogs": null,
      "rd": null,
      "sga": null,
      "fcf": 269138000,
      "ocf": 269138000,
      "capex": null,
      "gross_margin": 0.5967286759200598,
      "op_margin": 0.2164886746036317,
      "fcf_margin": 0.5535950831406686,
      "incr_op_margin_yoy": 0.20047162113646005,
      "rev_growth_yoy": 0.33705529031264436,
      "rev_growth_yoy_accel": -0.08785725341549155,
      "op_leverage_ratio": Infinity,
      "fcf_margin_change": 0.04354247463562699
    },
    {
      "date": "2023-03-31T00:00:00",
      "quarter_label": "2023-03 (Q1)",
      "revenue": 483256000,
      "gross_profit": 285890000,
      "operating_income": 109268000,
      "net_income": 50923000,
      "opex": 176622000,
      "cogs": null,
      "rd": null,
      "sga": null,
      "fcf": 282016000,
      "ocf": 282016000,
      "capex": null,
      "gross_margin": 0.5915912063171487,
      "op_margin": 0.2261079014021554,
      "fcf_margin": 0.5835747512705481,
      "incr_op_margin_yoy": 0.18992053319661625,
      "rev_growth_yoy": 0.25283163655500857,
      "rev_growth_yoy_accel": -0.0842236537576358,
      "fcf_margin_change": 0.02997966812987951
    },
    {
      "date": "2023-06-30T00:00:00",
      "quarter_label": "2023-06 (Q2)",
      "revenue": 499431000,
      "gross_profit": 299385000,
      "operating_income": 111596000,
      "net_income": 48145000,
      "opex": 187789000,
      "cogs": null,
      "rd": null,
      "sga": null,
      "fcf": 299323000,
      "ocf": 299323000,
      "capex": null,
      "gross_margin": 0.5994521765769446,
      "op_margin": 0.22344628186876667,
      "fcf_margin": 0.5993280353041761,
      "incr_op_margin_yoy": 0.24180619197077896,
      "rev_growth_yoy": 0.2241255913135126,
      "rev_growth_yoy_accel": -0.028706045241495975,
      "op_leverage_ratio": 0.5293894919853154,
      "fcf_margin_change": 0.015753284033627968
    },
    {
      "date": "2023-09-30T00:00:00",
      "quarter_label": "2023-09 (Q3)",
      "revenue": 551360000,
      "gross_profit": 319611000,
      "operating_income": 103732000,
      "net_income": 41285000,
      "opex": 215879000,
      "cogs": null,
      "rd": null,
      "sga": null,
      "fcf": 271242000,
      "ocf": 271242000,
      "capex": null,
      "gross_margin": 0.5796775246662798,
      "op_margin": 0.18813842135809633,
      "fcf_margin": 0.49195081253627393,
      "incr_op_margin_yoy": 0.05485498108448928,
      "rev_growth_yoy": 0.2085927224901359,
      "rev_growth_yoy_accel": -0.015532868823376678,
      "op_leverage_ratio": 0.6951089393485571,
      "fcf_margin_change": -0.10737722276790218
    },
    {
      "date": "2023-12-31T00:00:00",
      "quarter_label": "2023-12 (Q4)",
      "revenue": 583592000,
      "gross_profit": 325036000,
      "operating_income": 97539000,
      "net_income": 34768000,
      "opex": 227497000,
      "cogs": null,
      "rd": null,
      "sga": null,
      "fcf": 314288000,
      "ocf": 314288000,
      "capex": null,
      "gross_margin": 0.5569576005154286,
      "op_margin": 0.16713560158466875,
      "fcf_margin": 0.5385406242717515,
      "incr_op_margin_yoy": -0.0791353614977214,
      "rev_growth_yoy": 0.20040151060136085,
      "rev_growth_yoy_accel": -0.008191211888775057,
      "op_leverage_ratio": 1.0862530881244077,
      "fcf_margin_change": 0.046589811735477604
    },
    {
      "date": "2024-03-31T00:00:00",
      "quarter_label": "2024-03 (Q1)",
      "revenue": 609889000,
      "gross_profit": 345866000,
      "operating_income": 130792000,
      "net_income": 48428000,
      "opex": 215074000,
      "cogs": null,
      "rd": null,
      "sga": null,
      "fcf": 348563000,
      "ocf": 348563000,
      "capex": null,
      "gross_margin": 0.5670966356173008,
      "op_margin": 0.21445213801199892,
      "fcf_margin": 0.5715187517728636,
      "incr_op_margin_yoy": 0.16997149242298612,
      "rev_growth_yoy": 0.2620412369427384,
      "rev_growth_yoy_accel": 0.06163972634137754,
      "op_leverage_ratio": Infinity,
      "fcf_margin_change": 0.032978127501112064
    },
    {
      "date": "2024-06-30T00:00:00",
      "quarter_label": "2024-06 (Q2)",
      "revenue": 628436000,
      "gross_profit": 370191000,
      "operating_income": 145056000,
      "net_income": 53911000,
      "opex": 225135000,
      "cogs": null,
      "rd": null,
      "sga": null,
      "fcf": 360942000,
      "ocf": 360942000,
      "capex": null,
      "gross_margin": 0.5890671444665805,
      "op_margin": 0.23082064044707815,
      "fcf_margin": 0.5743496553348312,
      "incr_op_margin_yoy": 0.2593697918685322,
      "rev_growth_yoy": 0.2583039498949805,
      "rev_growth_yoy_accel": -0.0037372870477578868,
      "op_leverage_ratio": 0.6500842358697481,
      "fcf_margin_change": 0.0028309035619675793
    },
    {
      "date": "2024-09-30T00:00:00",
      "quarter_label": "2024-09 (Q3)",
      "revenue": 689924000,
      "gross_profit": 400356000,
      "operating_income": 153714000,
      "net_income": 43414000,
      "opex": 246642000,
      "cogs": null,
      "rd": null,
      "sga": null,
      "fcf": 398551000,
      "ocf": 398551000,
      "capex": null,
      "gross_margin": 0.5802900029568474,
      "op_margin": 0.22279845316295707,
      "fcf_margin": 0.5776737727633768,
      "incr_op_margin_yoy": 0.36071418261597527,
      "rev_growth_yoy": 0.25131311665699363,
      "rev_growth_yoy_accel": -0.006990833237986882,
      "op_leverage_ratio": 1.0242182098456856,
      "fcf_margin_change": 0.0033241174285456587
    },
    {
      "date": "2024-12-31T00:00:00",
      "quarter_label": "2024-12 (Q4)",
      "revenue": 729551000,
      "gross_profit": 413036000,
      "operating_income": 155196000,
      "net_income": 63695000,
      "opex": 257840000,
      "cogs": null,
      "rd": null,
      "sga": null,
      "fcf": 430520000,
      "ocf": 430520000,
      "capex": null,
      "gross_margin": 0.5661509613447175,
      "op_margin": 0.21272810262750652,
      "fcf_margin": 0.5901163866542573,
      "incr_op_margin_yoy": 0.39502188970875385,
      "rev_growth_yoy": 0.2501045250791649,
      "rev_growth_yoy_accel": -0.0012085915778287104,
      "op_leverage_ratio": 1.265075695988792,
      "fcf_margin_change": 0.012442613890880416
    },
    {
      "date": "2025-03-31T00:00:00",
      "quarter_label": "2025-03 (Q1)",
      "revenue": 745541000,
      "gross_profit": 426182000,
      "operating_income": 171904000,
      "net_income": 72945000,
      "opex": 254278000,
      "cogs": null,
      "rd": null,
      "sga": null,
      "fcf": 391144000,
      "ocf": 391144000,
      "capex": null,
      "gross_margin": 0.571641264531394,
      "op_margin": 0.2305761856155463,
      "fcf_margin": 0.5246445198855596,
      "incr_op_margin_yoy": 0.3030696193200248,
      "rev_growth_yoy": 0.2224208011621787,
      "rev_growth_yoy_accel": -0.02768372391698623,
      "op_leverage_ratio": Infinity,
      "fcf_margin_change": -0.06547186676869765
    },
    {
      "date": "2025-06-30T00:00:00",
      "quarter_label": "2025-06 (Q2)",
      "revenue": 764043000,
      "gross_profit": 441458000,
      "operating_income": 184106000,
      "net_income": 76149000,
      "opex": 257352000,
      "cogs": null,
      "rd": null,
      "sga": null,
      "fcf": 447364000,
      "ocf": 447364000,
      "capex": null,
      "gross_margin": 0.5777920876181053,
      "op_margin": 0.2409628777437919,
      "fcf_margin": 0.5855220190486661,
      "incr_op_margin_yoy": 0.28796448560914994,
      "rev_growth_yoy": 0.21578490092865463,
      "rev_growth_yoy_accel": -0.006635900233524061,
      "op_leverage_ratio": 2.05282566366331,
      "fcf_margin_change": 0.060877499163106474
    },
    {
      "date": "2025-09-30T00:00:00",
      "quarter_label": "2025-09 (Q3)",
      "revenue": 802678000,
      "gross_profit": 460707000,
      "operating_income": 196775000,
      "net_income": 80314000,
      "opex": 263932000,
      "cogs": null,
      "rd": null,
      "sga": null,
      "fcf": 481802000,
      "ocf": 481802000,
      "capex": null,
      "gross_margin": 0.5739624108297474,
      "op_margin": 0.24514811667941566,
      "fcf_margin": 0.6002431859350823,
      "incr_op_margin_yoy": 0.3819021941571918,
      "rev_growth_yoy": 0.16342959514381294,
      "rev_growth_yoy_accel": -0.05235530578484168,
      "op_leverage_ratio": 1.9777198363972792,
      "fcf_margin_change": 0.014721166886416226
    }
  ],
  "signals": [
    {
      "quarter": "2025-09 (Q3)",
      "signal": "OPERATING LEVERAGE",
      "detail": "Rev growth +5.1% vs OpEx growth +2.6% (leverage: 2.0x)",
      "severity": "MEDIUM"
    },
    {
      "quarter": "2025-09 (Q3)",
      "signal": "YoY REVENUE GROWTH DECELERATION",
      "detail": "YoY growth: +16.3% vs prior quarter YoY: +21.6% (decel: -5.2%)",
      "severity": "WARNING"
    },
    {
      "quarter": "2025-09 (Q3)",
      "signal": "INCREMENTAL MARGIN (YoY)",
      "detail": "YoY Incr OPM: +38.2% vs year-ago OPM: +22.3%",
      "severity": "MEDIUM"
    },
    {
      "quarter": "2025-06 (Q2)",
      "signal": "FCF MARGIN EXPANSION",
      "detail": "FCF margin: +52.5% -> +58.6% (+6.1%)",
      "severity": "MEDIUM"
    },
    {
      "quarter": "2025-06 (Q2)",
      "signal": "OPERATING LEVERAGE",
      "detail": "Rev growth +2.5% vs OpEx growth +1.2% (leverage: 2.1x)",
      "severity": "MEDIUM"
    },
    {
      "quarter": "2024-12 (Q4)",
      "signal": "INCREMENTAL MARGIN (YoY)",
      "detail": "YoY Incr OPM: +39.5% vs year-ago OPM: +16.7%",
      "severity": "HIGH"
    },
    {
      "quarter": "2024-09 (Q3)",
      "signal": "INCREMENTAL MARGIN (YoY)",
      "detail": "YoY Incr OPM: +36.1% vs year-ago OPM: +18.8%",
      "severity": "MEDIUM"
    },
    {
      "quarter": "2024-03 (Q1)",
      "signal": "YoY REVENUE GROWTH ACCELERATION",
      "detail": "YoY growth: +26.2% vs prior quarter YoY: +20.0% (accel: +6.2%)",
      "severity": "MEDIUM"
    },
    {
      "quarter": "2023-03 (Q1)",
      "signal": "YoY REVENUE GROWTH DECELERATION",
      "detail": "YoY growth: +25.3% vs prior quarter YoY: +33.7% (decel: -8.4%)",
      "severity": "WARNING"
    },
    {
      "quarter": "2022-12 (Q4)",
      "signal": "YoY REVENUE GROWTH DECELERATION",
      "detail": "YoY growth: +33.7% vs prior quarter YoY: +42.5% (decel: -8.8%)",
      "severity": "WARNING"
    },
    {
      "quarter": "2022-09 (Q3)",
      "signal": "YoY REVENUE GROWTH DECELERATION",
      "detail": "YoY growth: +42.5% vs prior quarter YoY: +54.1% (decel: -11.6%)",
      "severity": "WARNING"
    },
    {
      "quarter": "2022-06 (Q2)",
      "signal": "FCF MARGIN EXPANSION",
      "detail": "FCF margin: +39.8% -> +58.5% (+18.7%)",
      "severity": "MEDIUM"
    },
    {
      "quarter": "2022-06 (Q2)",
      "signal": "YoY REVENUE GROWTH ACCELERATION",
      "detail": "YoY growth: +54.1% vs prior quarter YoY: +48.7% (accel: +5.4%)",
      "severity": "MEDIUM"
    },
    {
      "quarter": "2022-03 (Q1)",
      "signal": "YoY REVENUE GROWTH ACCELERATION",
      "detail": "YoY growth: +48.7% vs prior quarter YoY: +37.8% (accel: +10.9%)",
      "severity": "MEDIUM"
    },
    {
      "quarter": "2021-12 (Q4)",
      "signal": "FCF MARGIN EXPANSION",
      "detail": "FCF margin: +30.5% -> +38.2% (+7.8%)",
      "severity": "MEDIUM"
    },
    {
      "quarter": "2021-06 (Q2)",
      "signal": "GROSS MARGIN INFLECTION",
      "detail": "GM: +92.3% -> +91.9% -> +97.9% (reversal +6.0%)",
      "severity": "HIGH"
    }
  ],
  "data_quality": {
    "n_quarters": 20,
    "coverage": {
      "revenue": [
        20,
        20
      ],
      "gross_profit": [
        20,
        20
      ],
      "op_income": [
        20,
        20
      ],
      "fcf": [
        20,
        20
      ]
    },
    "gaps": [],
    "warnings": []
  },
  "market_cap": null,
  "source": "SEC EDGAR",
  "last_updated": "2026-02-02T21:14:01.524031",
  "sector": "Financial Services",
  "industry": "Credit Services"
}