{
  "ticker": "ENVB",
  "name": "Enveric Biosciences, Inc.",
  "quarters": [
    {
      "date": "2015-12-31T00:00:00",
      "quarter_label": "2015-12 (Q4)",
      "revenue": 7582359,
      "gross_profit": 3328418,
      "operating_income": null,
      "net_income": null,
      "opex": 5063290,
      "cogs": 4253941,
      "rd": null,
      "sga": null,
      "fcf": null,
      "ocf": null,
      "capex": null,
      "gross_margin": 0.43896866397383716,
      "op_margin": null,
      "fcf_margin": null
    },
    {
      "date": "2016-03-31T00:00:00",
      "quarter_label": "2016-03 (Q1)",
      "revenue": 7012964,
      "gross_profit": 3147403,
      "operating_income": null,
      "net_income": null,
      "opex": 4128719,
      "cogs": 3865561,
      "rd": null,
      "sga": null,
      "fcf": null,
      "ocf": null,
      "capex": null,
      "gross_margin": 0.44879782642546007,
      "op_margin": null,
      "fcf_margin": null
    },
    {
      "date": "2016-06-30T00:00:00",
      "quarter_label": "2016-06 (Q2)",
      "revenue": 6686938,
      "gross_profit": 1517400,
      "operating_income": null,
      "net_income": null,
      "opex": 2454039,
      "cogs": 5169538,
      "rd": null,
      "sga": null,
      "fcf": null,
      "ocf": null,
      "capex": null,
      "gross_margin": 0.22692000434279486,
      "op_margin": null,
      "fcf_margin": null
    },
    {
      "date": "2016-09-30T00:00:00",
      "quarter_label": "2016-09 (Q3)",
      "revenue": 10058558,
      "gross_profit": 1696598,
      "operating_income": null,
      "net_income": null,
      "opex": 2988285,
      "cogs": 8361960,
      "rd": null,
      "sga": null,
      "fcf": null,
      "ocf": null,
      "capex": null,
      "gross_margin": 0.16867208997552136,
      "op_margin": null,
      "fcf_margin": null,
      "op_leverage_ratio": 2.3160690653827762
    },
    {
      "date": "2016-12-31T00:00:00",
      "quarter_label": "2016-12 (Q4)",
      "revenue": 12387129,
      "gross_profit": 2067002,
      "operating_income": null,
      "net_income": null,
      "opex": 4237221,
      "cogs": 10320127,
      "rd": null,
      "sga": null,
      "fcf": null,
      "ocf": null,
      "capex": null,
      "gross_margin": 0.16686691484362517,
      "op_margin": null,
      "fcf_margin": null,
      "rev_growth_yoy": 0.6336774610645579,
      "op_leverage_ratio": 0.5539053892652559
    },
    {
      "date": "2017-03-31T00:00:00",
      "quarter_label": "2017-03 (Q1)",
      "revenue": 12340927,
      "gross_profit": 3301350,
      "operating_income": null,
      "net_income": null,
      "opex": 3931899,
      "cogs": 9039577,
      "rd": null,
      "sga": null,
      "fcf": null,
      "ocf": null,
      "capex": null,
      "gross_margin": 0.2675123189692314,
      "op_margin": null,
      "fcf_margin": null,
      "rev_growth_yoy": 0.7597305504491396,
      "rev_growth_yoy_accel": 0.1260530893845817
    },
    {
      "date": "2017-06-30T00:00:00",
      "quarter_label": "2017-06 (Q2)",
      "revenue": 12268259,
      "gross_profit": 2332791,
      "operating_income": null,
      "net_income": null,
      "opex": 5841065,
      "cogs": 9935468,
      "rd": null,
      "sga": 4840272,
      "fcf": null,
      "ocf": null,
      "capex": null,
      "gross_margin": 0.19014849621286933,
      "op_margin": null,
      "fcf_margin": null,
      "rev_growth_yoy": 0.8346601987337104,
      "rev_growth_yoy_accel": 0.07492964828457083
    },
    {
      "date": "2017-09-30T00:00:00",
      "quarter_label": "2017-09 (Q3)",
      "revenue": 12529928,
      "gross_profit": 2563438,
      "operating_income": null,
      "net_income": null,
      "opex": 6508883,
      "cogs": 9966490,
      "rd": null,
      "sga": 5685905,
      "fcf": null,
      "ocf": null,
      "capex": null,
      "gross_margin": 0.2045852138974781,
      "op_margin": null,
      "fcf_margin": null,
      "rev_growth_yoy": 0.24569824024477466,
      "rev_growth_yoy_accel": -0.5889619584889358,
      "op_leverage_ratio": 0.18655343807834926
    },
    {
      "date": "2017-12-31T00:00:00",
      "quarter_label": "2017-12 (Q4)",
      "revenue": 11454598,
      "gross_profit": 2040166,
      "operating_income": null,
      "net_income": null,
      "opex": 5926587,
      "cogs": 9414432,
      "rd": null,
      "sga": 4950488,
      "fcf": null,
      "ocf": null,
      "capex": null,
      "gross_margin": 0.1781089131194303,
      "op_margin": null,
      "fcf_margin": null,
      "rev_growth_yoy": -0.07528225466934267,
      "rev_growth_yoy_accel": -0.32098049491411734
    },
    {
      "date": "2018-03-31T00:00:00",
      "quarter_label": "2018-03 (Q1)",
      "revenue": 11063010,
      "gross_profit": 2342885,
      "operating_income": null,
      "net_income": null,
      "opex": 3709678,
      "cogs": 8720125,
      "rd": null,
      "sga": 2878942,
      "fcf": null,
      "ocf": null,
      "capex": null,
      "gross_margin": 0.2117764514359112,
      "op_margin": null,
      "fcf_margin": null,
      "rev_growth_yoy": -0.1035511351780948,
      "rev_growth_yoy_accel": -0.028268880508752134
    },
    {
      "date": "2018-06-30T00:00:00",
      "quarter_label": "2018-06 (Q2)",
      "revenue": 11075840,
      "gross_profit": 2388999,
      "operating_income": null,
      "net_income": null,
      "opex": 3333870,
      "cogs": 8686841,
      "rd": null,
      "sga": 2524588,
      "fcf": null,
      "ocf": null,
      "capex": null,
      "gross_margin": 0.2156946109730729,
      "op_margin": null,
      "fcf_margin": null,
      "rev_growth_yoy": -0.09719545373145448,
      "rev_growth_yoy_accel": 0.006355681446640324
    },
    {
      "date": "2018-09-30T00:00:00",
      "quarter_label": "2018-09 (Q3)",
      "revenue": 10576254,
      "gross_profit": 2345798,
      "operating_income": null,
      "net_income": null,
      "opex": -3754580,
      "cogs": 8230456,
      "rd": null,
      "sga": 2655902,
      "fcf": null,
      "ocf": null,
      "capex": null,
      "gross_margin": 0.22179856875600756,
      "op_margin": null,
      "fcf_margin": null,
      "rev_growth_yoy": -0.15592060864196505,
      "rev_growth_yoy_accel": -0.05872515491051057
    },
    {
      "date": "2018-12-31T00:00:00",
      "quarter_label": "2018-12 (Q4)",
      "revenue": 10283176,
      "gross_profit": 1905822,
      "operating_income": null,
      "net_income": null,
      "opex": 12706377,
      "cogs": 8377354,
      "rd": null,
      "sga": 2735390,
      "fcf": null,
      "ocf": null,
      "capex": null,
      "gross_margin": 0.1853339863092881,
      "op_margin": null,
      "fcf_margin": null,
      "rev_growth_yoy": -0.1022665308725806,
      "rev_growth_yoy_accel": 0.05365407776938445
    },
    {
      "date": "2019-03-31T00:00:00",
      "quarter_label": "2019-03 (Q1)",
      "revenue": 10686196,
      "gross_profit": 2139964,
      "operating_income": null,
      "net_income": null,
      "opex": 3438326,
      "cogs": 8546232,
      "rd": null,
      "sga": 2877309,
      "fcf": null,
      "ocf": null,
      "capex": null,
      "gross_margin": 0.20025498315771112,
      "op_margin": null,
      "fcf_margin": null,
      "rev_growth_yoy": -0.03406071222931192,
      "rev_growth_yoy_accel": 0.06820581864326869,
      "op_leverage_ratio": Infinity
    },
    {
      "date": "2019-06-30T00:00:00",
      "quarter_label": "2019-06 (Q2)",
      "revenue": 11015057,
      "gross_profit": 2382175,
      "operating_income": null,
      "net_income": null,
      "opex": 3858611,
      "cogs": 8632882,
      "rd": null,
      "sga": 3296041,
      "fcf": null,
      "ocf": null,
      "capex": null,
      "gross_margin": 0.21626533571274303,
      "op_margin": null,
      "fcf_margin": null,
      "rev_growth_yoy": -0.005487890760429909,
      "rev_growth_yoy_accel": 0.028572821468882008,
      "op_leverage_ratio": 0.25176328615615556
    },
    {
      "date": "2019-09-30T00:00:00",
      "quarter_label": "2019-09 (Q3)",
      "revenue": 9148857,
      "gross_profit": 1899451,
      "operating_income": null,
      "net_income": null,
      "opex": 3464451,
      "cogs": 7249406,
      "rd": null,
      "sga": 2902401,
      "fcf": null,
      "ocf": null,
      "capex": null,
      "gross_margin": 0.20761620823235077,
      "op_margin": null,
      "fcf_margin": null,
      "rev_growth_yoy": -0.1349624356601118,
      "rev_growth_yoy_accel": -0.12947454489968188
    },
    {
      "date": "2019-12-31T00:00:00",
      "quarter_label": "2019-12 (Q4)",
      "revenue": 9064565,
      "gross_profit": 1729130,
      "operating_income": null,
      "net_income": null,
      "opex": 3714226,
      "cogs": 7335435,
      "rd": null,
      "sga": 3134566,
      "fcf": null,
      "ocf": null,
      "capex": null,
      "gross_margin": 0.1907570854199843,
      "op_margin": null,
      "fcf_margin": null,
      "rev_growth_yoy": -0.11850531392246909,
      "rev_growth_yoy_accel": 0.016457121737642702
    },
    {
      "date": "2020-03-31T00:00:00",
      "quarter_label": "2020-03 (Q1)",
      "revenue": 9602528,
      "gross_profit": 1881566,
      "operating_income": null,
      "net_income": null,
      "opex": 3484141,
      "cogs": 7720962,
      "rd": null,
      "sga": 2924518,
      "fcf": null,
      "ocf": null,
      "capex": null,
      "gross_margin": 0.1959448595203263,
      "op_margin": null,
      "fcf_margin": null,
      "rev_growth_yoy": -0.10140820924489874,
      "rev_growth_yoy_accel": 0.01709710467757035,
      "op_leverage_ratio": Infinity
    },
    {
      "date": "2020-06-30T00:00:00",
      "quarter_label": "2020-06 (Q2)",
      "revenue": 8254941,
      "gross_profit": 1818130,
      "operating_income": null,
      "net_income": null,
      "opex": 3004586,
      "cogs": 6436811,
      "rd": null,
      "sga": 2470723,
      "fcf": null,
      "ocf": null,
      "capex": null,
      "gross_margin": 0.22024748571794758,
      "op_margin": null,
      "fcf_margin": null,
      "rev_growth_yoy": -0.25057664249944417,
      "rev_growth_yoy_accel": -0.14916843325454543
    },
    {
      "date": "2020-09-30T00:00:00",
      "quarter_label": "2020-09 (Q3)",
      "revenue": 8483030,
      "gross_profit": 1887497,
      "operating_income": null,
      "net_income": null,
      "opex": 3006252,
      "cogs": 6595533,
      "rd": null,
      "sga": 2449919,
      "fcf": null,
      "ocf": null,
      "capex": null,
      "gross_margin": 0.22250269066595307,
      "op_margin": null,
      "fcf_margin": null,
      "rev_growth_yoy": -0.07277706931040676,
      "rev_growth_yoy_accel": 0.1777995731890374,
      "op_leverage_ratio": Infinity
    }
  ],
  "signals": [
    {
      "quarter": "2020-09 (Q3)",
      "signal": "OPERATING LEVERAGE",
      "detail": "Rev growth +2.8% vs OpEx growth +0.1% (leverage: 49.8x)",
      "severity": "MEDIUM"
    },
    {
      "quarter": "2020-09 (Q3)",
      "signal": "YoY REVENUE GROWTH ACCELERATION",
      "detail": "YoY growth: -7.3% vs prior quarter YoY: -25.1% (accel: +17.8%)",
      "severity": "HIGH"
    },
    {
      "quarter": "2020-06 (Q2)",
      "signal": "YoY REVENUE GROWTH DECELERATION",
      "detail": "YoY growth: -25.1% vs prior quarter YoY: -10.1% (decel: -14.9%)",
      "severity": "WARNING"
    },
    {
      "quarter": "2019-09 (Q3)",
      "signal": "YoY REVENUE GROWTH DECELERATION",
      "detail": "YoY growth: -13.5% vs prior quarter YoY: -0.5% (decel: -12.9%)",
      "severity": "WARNING"
    },
    {
      "quarter": "2019-03 (Q1)",
      "signal": "YoY REVENUE GROWTH ACCELERATION",
      "detail": "YoY growth: -3.4% vs prior quarter YoY: -10.2% (accel: +6.8%)",
      "severity": "MEDIUM"
    },
    {
      "quarter": "2018-12 (Q4)",
      "signal": "YoY REVENUE GROWTH ACCELERATION",
      "detail": "YoY growth: -10.2% vs prior quarter YoY: -15.6% (accel: +5.4%)",
      "severity": "MEDIUM"
    },
    {
      "quarter": "2018-09 (Q3)",
      "signal": "YoY REVENUE GROWTH DECELERATION",
      "detail": "YoY growth: -15.6% vs prior quarter YoY: -9.7% (decel: -5.9%)",
      "severity": "WARNING"
    },
    {
      "quarter": "2018-03 (Q1)",
      "signal": "GROSS MARGIN INFLECTION",
      "detail": "GM: +20.5% -> +17.8% -> +21.2% (reversal +3.4%)",
      "severity": "MEDIUM"
    },
    {
      "quarter": "2017-12 (Q4)",
      "signal": "YoY REVENUE GROWTH DECELERATION",
      "detail": "YoY growth: -7.5% vs prior quarter YoY: +24.6% (decel: -32.1%)",
      "severity": "WARNING"
    },
    {
      "quarter": "2017-09 (Q3)",
      "signal": "YoY REVENUE GROWTH DECELERATION",
      "detail": "YoY growth: +24.6% vs prior quarter YoY: +83.5% (decel: -58.9%)",
      "severity": "WARNING"
    },
    {
      "quarter": "2017-06 (Q2)",
      "signal": "YoY REVENUE GROWTH ACCELERATION",
      "detail": "YoY growth: +83.5% vs prior quarter YoY: +76.0% (accel: +7.5%)",
      "severity": "MEDIUM"
    },
    {
      "quarter": "2017-03 (Q1)",
      "signal": "GROSS MARGIN INFLECTION",
      "detail": "GM: +16.9% -> +16.7% -> +26.8% (reversal +10.1%)",
      "severity": "HIGH"
    },
    {
      "quarter": "2017-03 (Q1)",
      "signal": "YoY REVENUE GROWTH ACCELERATION",
      "detail": "YoY growth: +76.0% vs prior quarter YoY: +63.4% (accel: +12.6%)",
      "severity": "MEDIUM"
    },
    {
      "quarter": "2016-09 (Q3)",
      "signal": "OPERATING LEVERAGE",
      "detail": "Rev growth +50.4% vs OpEx growth +21.8% (leverage: 2.3x)",
      "severity": "MEDIUM"
    }
  ],
  "data_quality": {
    "n_quarters": 20,
    "coverage": {
      "revenue": [
        20,
        20
      ],
      "gross_profit": [
        20,
        20
      ],
      "op_income": [
        0,
        20
      ],
      "fcf": [
        0,
        20
      ]
    },
    "gaps": [],
    "warnings": [
      "op_income: no data",
      "fcf: no data"
    ]
  },
  "market_cap": null,
  "source": "SEC EDGAR",
  "last_updated": "2026-02-03T00:23:12.013848"
}