{
  "ticker": "EOG",
  "name": "EOG RESOURCES, INC",
  "quarters": [
    {
      "date": "2020-12-31T00:00:00",
      "quarter_label": "2020-12 (Q4)",
      "revenue": 2965498000,
      "gross_profit": null,
      "operating_income": 487662000,
      "net_income": 337466000,
      "opex": 2477836000,
      "cogs": null,
      "rd": null,
      "sga": null,
      "fcf": 1121000000,
      "ocf": 1121000000,
      "capex": null,
      "gross_margin": null,
      "op_margin": 0.16444522977253737,
      "fcf_margin": 0.3780140806029881
    },
    {
      "date": "2021-03-31T00:00:00",
      "quarter_label": "2021-03 (Q1)",
      "revenue": 3694000000,
      "gross_profit": null,
      "operating_income": 932000000,
      "net_income": 677000000,
      "opex": 2762000000,
      "cogs": null,
      "rd": null,
      "sga": null,
      "fcf": 1870000000,
      "ocf": 1870000000,
      "capex": null,
      "gross_margin": null,
      "op_margin": 0.2523010286951814,
      "fcf_margin": 0.5062263129399025,
      "op_leverage_ratio": 2.142084575175768,
      "fcf_margin_change": 0.12821223233691442
    },
    {
      "date": "2021-06-30T00:00:00",
      "quarter_label": "2021-06 (Q2)",
      "revenue": 4139000000,
      "gross_profit": null,
      "operating_income": 1171000000,
      "net_income": 907000000,
      "opex": 2968000000,
      "cogs": null,
      "rd": null,
      "sga": null,
      "fcf": 1559000000,
      "ocf": 1559000000,
      "capex": null,
      "gross_margin": null,
      "op_margin": 0.2829185793669969,
      "fcf_margin": 0.37666102923411454,
      "op_leverage_ratio": 1.615174962284681,
      "fcf_margin_change": -0.12956528370578796
    },
    {
      "date": "2021-09-30T00:00:00",
      "quarter_label": "2021-09 (Q3)",
      "revenue": 4765000000,
      "gross_profit": null,
      "operating_income": 1471000000,
      "net_income": 1095000000,
      "opex": 3294000000,
      "cogs": null,
      "rd": null,
      "sga": null,
      "fcf": 2196000000,
      "ocf": 2196000000,
      "capex": null,
      "gross_margin": null,
      "op_margin": 0.3087093389296957,
      "fcf_margin": 0.4608604407135362,
      "op_leverage_ratio": 1.3769722985161348,
      "fcf_margin_change": 0.08419941147942167
    },
    {
      "date": "2021-12-31T00:00:00",
      "quarter_label": "2021-12 (Q4)",
      "revenue": 6044000000,
      "gross_profit": null,
      "operating_income": 2528000000,
      "net_income": 1985000000,
      "opex": 3516000000,
      "cogs": null,
      "rd": null,
      "sga": null,
      "fcf": 3166000000,
      "ocf": 3166000000,
      "capex": null,
      "gross_margin": null,
      "op_margin": 0.4182660489741893,
      "fcf_margin": 0.5238252812706816,
      "incr_op_margin_yoy": 0.6627697497029399,
      "rev_growth_yoy": 1.038106247247511,
      "op_leverage_ratio": 3.9827061058960322,
      "fcf_margin_change": 0.06296484055714541
    },
    {
      "date": "2022-03-31T00:00:00",
      "quarter_label": "2022-03 (Q1)",
      "revenue": 3983000000,
      "gross_profit": null,
      "operating_income": 546000000,
      "net_income": 390000000,
      "opex": 3437000000,
      "cogs": null,
      "rd": null,
      "sga": null,
      "fcf": 828000000,
      "ocf": 828000000,
      "capex": null,
      "gross_margin": null,
      "op_margin": 0.13708260105448156,
      "fcf_margin": 0.20788350489580718,
      "incr_op_margin_yoy": -1.3356401384083045,
      "rev_growth_yoy": 0.07823497563616676,
      "rev_growth_yoy_accel": -0.9598712716113443,
      "fcf_margin_change": -0.3159417763748744
    },
    {
      "date": "2022-06-30T00:00:00",
      "quarter_label": "2022-06 (Q2)",
      "revenue": 7407000000,
      "gross_profit": null,
      "operating_income": 2903000000,
      "net_income": 2238000000,
      "opex": 4504000000,
      "cogs": null,
      "rd": null,
      "sga": null,
      "fcf": 2048000000,
      "ocf": 2048000000,
      "capex": null,
      "gross_margin": null,
      "op_margin": 0.39192655596057785,
      "fcf_margin": 0.276495207236398,
      "incr_op_margin_yoy": 0.5299877600979193,
      "rev_growth_yoy": 0.789562696303455,
      "rev_growth_yoy_accel": 0.7113277206672882,
      "op_leverage_ratio": 2.769099507019171,
      "fcf_margin_change": 0.0686117023405908
    },
    {
      "date": "2022-09-30T00:00:00",
      "quarter_label": "2022-09 (Q3)",
      "revenue": 7593000000,
      "gross_profit": null,
      "operating_income": 3664000000,
      "net_income": 2854000000,
      "opex": 3929000000,
      "cogs": null,
      "rd": null,
      "sga": null,
      "fcf": 4773000000,
      "ocf": 4773000000,
      "capex": null,
      "gross_margin": null,
      "op_margin": 0.482549716844462,
      "fcf_margin": 0.6286052943500593,
      "incr_op_margin_yoy": 0.7754596888260255,
      "rev_growth_yoy": 0.5934942287513116,
      "rev_growth_yoy_accel": -0.19606846755214336,
      "op_leverage_ratio": Infinity,
      "fcf_margin_change": 0.3521100871136613
    },
    {
      "date": "2022-12-31T00:00:00",
      "quarter_label": "2022-12 (Q4)",
      "revenue": 6719000000,
      "gross_profit": null,
      "operating_income": 2853000000,
      "net_income": 2277000000,
      "opex": 3866000000,
      "cogs": null,
      "rd": null,
      "sga": null,
      "fcf": 3444000000,
      "ocf": 3444000000,
      "capex": null,
      "gross_margin": null,
      "op_margin": 0.42461675844619734,
      "fcf_margin": 0.5125762762315821,
      "incr_op_margin_yoy": 0.48148148148148145,
      "rev_growth_yoy": 0.11168100595632031,
      "rev_growth_yoy_accel": -0.48181322279499134,
      "fcf_margin_change": -0.11602901811847721
    },
    {
      "date": "2023-03-31T00:00:00",
      "quarter_label": "2023-03 (Q1)",
      "revenue": 6044000000,
      "gross_profit": null,
      "operating_income": 2572000000,
      "net_income": 2023000000,
      "opex": 3472000000,
      "cogs": null,
      "rd": null,
      "sga": null,
      "fcf": 3255000000,
      "ocf": 3255000000,
      "capex": null,
      "gross_margin": null,
      "op_margin": 0.4255459960291198,
      "fcf_margin": 0.5385506287227002,
      "incr_op_margin_yoy": 0.9830179524502669,
      "rev_growth_yoy": 0.5174491589254331,
      "rev_growth_yoy_accel": 0.4057681529691128,
      "fcf_margin_change": 0.025974352491118124
    },
    {
      "date": "2023-06-30T00:00:00",
      "quarter_label": "2023-06 (Q2)",
      "revenue": 5573000000,
      "gross_profit": null,
      "operating_income": 1970000000,
      "net_income": 1553000000,
      "opex": 3603000000,
      "cogs": null,
      "rd": null,
      "sga": null,
      "fcf": 2277000000,
      "ocf": 2277000000,
      "capex": null,
      "gross_margin": null,
      "op_margin": 0.3534900412704109,
      "fcf_margin": 0.4085770680064597,
      "incr_op_margin_yoy": 0.5087241003271538,
      "rev_growth_yoy": -0.24760361819900095,
      "rev_growth_yoy_accel": -0.765052777124434,
      "fcf_margin_change": -0.1299735607162405
    },
    {
      "date": "2023-09-30T00:00:00",
      "quarter_label": "2023-09 (Q3)",
      "revenue": 6212000000,
      "gross_profit": null,
      "operating_income": 2557000000,
      "net_income": 2030000000,
      "opex": 3655000000,
      "cogs": null,
      "rd": null,
      "sga": null,
      "fcf": 2704000000,
      "ocf": 2704000000,
      "capex": null,
      "gross_margin": null,
      "op_margin": 0.41162266580811335,
      "fcf_margin": 0.4352865421764327,
      "incr_op_margin_yoy": 0.8015930485155685,
      "rev_growth_yoy": -0.18187804556828657,
      "rev_growth_yoy_accel": 0.06572557263071438,
      "op_leverage_ratio": 7.944612762080912,
      "fcf_margin_change": 0.02670947416997299
    },
    {
      "date": "2023-12-31T00:00:00",
      "quarter_label": "2023-12 (Q4)",
      "revenue": 6357000000,
      "gross_profit": null,
      "operating_income": 2504000000,
      "net_income": 1988000000,
      "opex": 3853000000,
      "cogs": null,
      "rd": null,
      "sga": null,
      "fcf": 3104000000,
      "ocf": 3104000000,
      "capex": null,
      "gross_margin": null,
      "op_margin": 0.39389649205600125,
      "fcf_margin": 0.4882806355198993,
      "incr_op_margin_yoy": 0.9640883977900553,
      "rev_growth_yoy": -0.05387706503944039,
      "rev_growth_yoy_accel": 0.12800098052884618,
      "op_leverage_ratio": 0.4308823912011291,
      "fcf_margin_change": 0.05299409334346661
    },
    {
      "date": "2024-03-31T00:00:00",
      "quarter_label": "2024-03 (Q1)",
      "revenue": 6123000000,
      "gross_profit": null,
      "operating_income": 2271000000,
      "net_income": 1789000000,
      "opex": 3852000000,
      "cogs": null,
      "rd": null,
      "sga": null,
      "fcf": 2903000000,
      "ocf": 2903000000,
      "capex": null,
      "gross_margin": null,
      "op_margin": 0.3708966193042626,
      "fcf_margin": 0.47411399640699003,
      "incr_op_margin_yoy": -3.810126582278481,
      "rev_growth_yoy": 0.013070814030443415,
      "rev_growth_yoy_accel": 0.06694787906988381,
      "fcf_margin_change": -0.014166639112909274
    },
    {
      "date": "2024-06-30T00:00:00",
      "quarter_label": "2024-06 (Q2)",
      "revenue": 6025000000,
      "gross_profit": null,
      "operating_income": 2130000000,
      "net_income": 1690000000,
      "opex": 3895000000,
      "cogs": null,
      "rd": null,
      "sga": null,
      "fcf": 2889000000,
      "ocf": 2889000000,
      "capex": null,
      "gross_margin": null,
      "op_margin": 0.35352697095435687,
      "fcf_margin": 0.4795020746887967,
      "incr_op_margin_yoy": 0.35398230088495575,
      "rev_growth_yoy": 0.08110532926610443,
      "rev_growth_yoy_accel": 0.06803451523566102,
      "fcf_margin_change": 0.005388078281806652
    },
    {
      "date": "2024-09-30T00:00:00",
      "quarter_label": "2024-09 (Q3)",
      "revenue": 5965000000,
      "gross_profit": null,
      "operating_income": 2089000000,
      "net_income": 1673000000,
      "opex": 3876000000,
      "cogs": null,
      "rd": null,
      "sga": null,
      "fcf": 3588000000,
      "ocf": 3588000000,
      "capex": null,
      "gross_margin": null,
      "op_margin": 0.3502095557418273,
      "fcf_margin": 0.6015088013411567,
      "incr_op_margin_yoy": 1.894736842105263,
      "rev_growth_yoy": -0.03976175144880876,
      "rev_growth_yoy_accel": -0.1208670807149132,
      "fcf_margin_change": 0.12200672665236001
    },
    {
      "date": "2024-12-31T00:00:00",
      "quarter_label": "2024-12 (Q4)",
      "revenue": 5585000000,
      "gross_profit": null,
      "operating_income": 1592000000,
      "net_income": 1251000000,
      "opex": 3993000000,
      "cogs": null,
      "rd": null,
      "sga": null,
      "fcf": 2763000000,
      "ocf": 2763000000,
      "capex": null,
      "gross_margin": null,
      "op_margin": 0.28504923903312446,
      "fcf_margin": 0.4947179946284691,
      "incr_op_margin_yoy": 1.1813471502590673,
      "rev_growth_yoy": -0.12144093125688217,
      "rev_growth_yoy_accel": -0.0816791798080734,
      "fcf_margin_change": -0.10679080671268759
    },
    {
      "date": "2025-03-31T00:00:00",
      "quarter_label": "2025-03 (Q1)",
      "revenue": 5669000000,
      "gross_profit": null,
      "operating_income": 1859000000,
      "net_income": 1463000000,
      "opex": 3810000000,
      "cogs": null,
      "rd": null,
      "sga": null,
      "fcf": 2289000000,
      "ocf": 2289000000,
      "capex": null,
      "gross_margin": null,
      "op_margin": 0.32792379608396544,
      "fcf_margin": 0.40377491621097195,
      "incr_op_margin_yoy": 0.9074889867841409,
      "rev_growth_yoy": -0.07414666013392128,
      "rev_growth_yoy_accel": 0.04729427112296089,
      "op_leverage_ratio": Infinity,
      "fcf_margin_change": -0.09094307841749716
    },
    {
      "date": "2025-06-30T00:00:00",
      "quarter_label": "2025-06 (Q2)",
      "revenue": 5478000000,
      "gross_profit": null,
      "operating_income": 1747000000,
      "net_income": 1345000000,
      "opex": 3731000000,
      "cogs": null,
      "rd": null,
      "sga": null,
      "fcf": 2032000000,
      "ocf": 2032000000,
      "capex": null,
      "gross_margin": null,
      "op_margin": 0.318912011683096,
      "fcf_margin": 0.370938298649142,
      "incr_op_margin_yoy": 0.70018281535649,
      "rev_growth_yoy": -0.0907883817427386,
      "rev_growth_yoy_accel": -0.016641721608817314,
      "fcf_margin_change": -0.03283661756182993
    },
    {
      "date": "2025-09-30T00:00:00",
      "quarter_label": "2025-09 (Q3)",
      "revenue": 5847000000,
      "gross_profit": null,
      "operating_income": 1836000000,
      "net_income": 1471000000,
      "opex": 4011000000,
      "cogs": null,
      "rd": null,
      "sga": null,
      "fcf": 3111000000,
      "ocf": 3111000000,
      "capex": null,
      "gross_margin": null,
      "op_margin": 0.31400718317085685,
      "fcf_margin": 0.5320677270395074,
      "incr_op_margin_yoy": 2.1440677966101696,
      "rev_growth_yoy": -0.01978206202849958,
      "rev_growth_yoy_accel": 0.07100631971423901,
      "op_leverage_ratio": 0.8975766703176341,
      "fcf_margin_change": 0.16112942839036543
    }
  ],
  "signals": [
    {
      "quarter": "2025-09 (Q3)",
      "signal": "FCF MARGIN EXPANSION",
      "detail": "FCF margin: +37.1% -> +53.2% (+16.1%)",
      "severity": "MEDIUM"
    },
    {
      "quarter": "2025-09 (Q3)",
      "signal": "YoY REVENUE GROWTH ACCELERATION",
      "detail": "YoY growth: -2.0% vs prior quarter YoY: -9.1% (accel: +7.1%)",
      "severity": "MEDIUM"
    },
    {
      "quarter": "2025-09 (Q3)",
      "signal": "INCREMENTAL MARGIN (YoY)",
      "detail": "YoY Incr OPM: +214.4% vs year-ago OPM: +35.0%",
      "severity": "HIGH"
    },
    {
      "quarter": "2025-06 (Q2)",
      "signal": "INCREMENTAL MARGIN (YoY)",
      "detail": "YoY Incr OPM: +70.0% vs year-ago OPM: +35.4%",
      "severity": "HIGH"
    },
    {
      "quarter": "2025-03 (Q1)",
      "signal": "INCREMENTAL MARGIN (YoY)",
      "detail": "YoY Incr OPM: +90.7% vs year-ago OPM: +37.1%",
      "severity": "HIGH"
    },
    {
      "quarter": "2024-12 (Q4)",
      "signal": "YoY REVENUE GROWTH DECELERATION",
      "detail": "YoY growth: -12.1% vs prior quarter YoY: -4.0% (decel: -8.2%)",
      "severity": "WARNING"
    },
    {
      "quarter": "2024-12 (Q4)",
      "signal": "INCREMENTAL MARGIN (YoY)",
      "detail": "YoY Incr OPM: +118.1% vs year-ago OPM: +39.4%",
      "severity": "HIGH"
    },
    {
      "quarter": "2024-09 (Q3)",
      "signal": "FCF MARGIN EXPANSION",
      "detail": "FCF margin: +48.0% -> +60.2% (+12.2%)",
      "severity": "MEDIUM"
    },
    {
      "quarter": "2024-09 (Q3)",
      "signal": "YoY REVENUE GROWTH DECELERATION",
      "detail": "YoY growth: -4.0% vs prior quarter YoY: +8.1% (decel: -12.1%)",
      "severity": "WARNING"
    },
    {
      "quarter": "2024-09 (Q3)",
      "signal": "INCREMENTAL MARGIN (YoY)",
      "detail": "YoY Incr OPM: +189.5% vs year-ago OPM: +41.2%",
      "severity": "HIGH"
    },
    {
      "quarter": "2024-06 (Q2)",
      "signal": "YoY REVENUE GROWTH ACCELERATION",
      "detail": "YoY growth: +8.1% vs prior quarter YoY: +1.3% (accel: +6.8%)",
      "severity": "MEDIUM"
    },
    {
      "quarter": "2024-03 (Q1)",
      "signal": "YoY REVENUE GROWTH ACCELERATION",
      "detail": "YoY growth: +1.3% vs prior quarter YoY: -5.4% (accel: +6.7%)",
      "severity": "MEDIUM"
    },
    {
      "quarter": "2023-12 (Q4)",
      "signal": "FCF MARGIN EXPANSION",
      "detail": "FCF margin: +43.5% -> +48.8% (+5.3%)",
      "severity": "MEDIUM"
    },
    {
      "quarter": "2023-12 (Q4)",
      "signal": "YoY REVENUE GROWTH ACCELERATION",
      "detail": "YoY growth: -5.4% vs prior quarter YoY: -18.2% (accel: +12.8%)",
      "severity": "MEDIUM"
    },
    {
      "quarter": "2023-12 (Q4)",
      "signal": "INCREMENTAL MARGIN (YoY)",
      "detail": "YoY Incr OPM: +96.4% vs year-ago OPM: +42.5%",
      "severity": "HIGH"
    },
    {
      "quarter": "2023-09 (Q3)",
      "signal": "OPERATING LEVERAGE",
      "detail": "Rev growth +11.5% vs OpEx growth +1.4% (leverage: 7.9x)",
      "severity": "MEDIUM"
    },
    {
      "quarter": "2023-09 (Q3)",
      "signal": "YoY REVENUE GROWTH ACCELERATION",
      "detail": "YoY growth: -18.2% vs prior quarter YoY: -24.8% (accel: +6.6%)",
      "severity": "MEDIUM"
    },
    {
      "quarter": "2023-09 (Q3)",
      "signal": "INCREMENTAL MARGIN (YoY)",
      "detail": "YoY Incr OPM: +80.2% vs year-ago OPM: +48.3%",
      "severity": "HIGH"
    },
    {
      "quarter": "2023-06 (Q2)",
      "signal": "YoY REVENUE GROWTH DECELERATION",
      "detail": "YoY growth: -24.8% vs prior quarter YoY: +51.7% (decel: -76.5%)",
      "severity": "WARNING"
    },
    {
      "quarter": "2023-06 (Q2)",
      "signal": "INCREMENTAL MARGIN (YoY)",
      "detail": "YoY Incr OPM: +50.9% vs year-ago OPM: +39.2%",
      "severity": "MEDIUM"
    },
    {
      "quarter": "2023-03 (Q1)",
      "signal": "YoY REVENUE GROWTH ACCELERATION",
      "detail": "YoY growth: +51.7% vs prior quarter YoY: +11.2% (accel: +40.6%)",
      "severity": "HIGH"
    },
    {
      "quarter": "2023-03 (Q1)",
      "signal": "INCREMENTAL MARGIN (YoY)",
      "detail": "YoY Incr OPM: +98.3% vs year-ago OPM: +13.7%",
      "severity": "HIGH"
    },
    {
      "quarter": "2022-12 (Q4)",
      "signal": "YoY REVENUE GROWTH DECELERATION",
      "detail": "YoY growth: +11.2% vs prior quarter YoY: +59.3% (decel: -48.2%)",
      "severity": "WARNING"
    },
    {
      "quarter": "2022-09 (Q3)",
      "signal": "FCF MARGIN EXPANSION",
      "detail": "FCF margin: +27.6% -> +62.9% (+35.2%)",
      "severity": "MEDIUM"
    },
    {
      "quarter": "2022-09 (Q3)",
      "signal": "YoY REVENUE GROWTH DECELERATION",
      "detail": "YoY growth: +59.3% vs prior quarter YoY: +79.0% (decel: -19.6%)",
      "severity": "WARNING"
    },
    {
      "quarter": "2022-09 (Q3)",
      "signal": "INCREMENTAL MARGIN (YoY)",
      "detail": "YoY Incr OPM: +77.5% vs year-ago OPM: +30.9%",
      "severity": "HIGH"
    },
    {
      "quarter": "2022-06 (Q2)",
      "signal": "FCF MARGIN EXPANSION",
      "detail": "FCF margin: +20.8% -> +27.6% (+6.9%)",
      "severity": "MEDIUM"
    },
    {
      "quarter": "2022-06 (Q2)",
      "signal": "OPERATING LEVERAGE",
      "detail": "Rev growth +86.0% vs OpEx growth +31.0% (leverage: 2.8x)",
      "severity": "MEDIUM"
    },
    {
      "quarter": "2022-06 (Q2)",
      "signal": "YoY REVENUE GROWTH ACCELERATION",
      "detail": "YoY growth: +79.0% vs prior quarter YoY: +7.8% (accel: +71.1%)",
      "severity": "HIGH"
    },
    {
      "quarter": "2022-06 (Q2)",
      "signal": "INCREMENTAL MARGIN (YoY)",
      "detail": "YoY Incr OPM: +53.0% vs year-ago OPM: +28.3%",
      "severity": "HIGH"
    },
    {
      "quarter": "2022-03 (Q1)",
      "signal": "YoY REVENUE GROWTH DECELERATION",
      "detail": "YoY growth: +7.8% vs prior quarter YoY: +103.8% (decel: -96.0%)",
      "severity": "WARNING"
    },
    {
      "quarter": "2021-12 (Q4)",
      "signal": "FCF MARGIN EXPANSION",
      "detail": "FCF margin: +46.1% -> +52.4% (+6.3%)",
      "severity": "MEDIUM"
    },
    {
      "quarter": "2021-12 (Q4)",
      "signal": "OPERATING LEVERAGE",
      "detail": "Rev growth +26.8% vs OpEx growth +6.7% (leverage: 4.0x)",
      "severity": "MEDIUM"
    },
    {
      "quarter": "2021-12 (Q4)",
      "signal": "INCREMENTAL MARGIN (YoY)",
      "detail": "YoY Incr OPM: +66.3% vs year-ago OPM: +16.4%",
      "severity": "HIGH"
    },
    {
      "quarter": "2021-09 (Q3)",
      "signal": "FCF MARGIN EXPANSION",
      "detail": "FCF margin: +37.7% -> +46.1% (+8.4%)",
      "severity": "MEDIUM"
    },
    {
      "quarter": "2021-06 (Q2)",
      "signal": "OPERATING LEVERAGE",
      "detail": "Rev growth +12.0% vs OpEx growth +7.5% (leverage: 1.6x)",
      "severity": "MEDIUM"
    },
    {
      "quarter": "2021-03 (Q1)",
      "signal": "FCF MARGIN EXPANSION",
      "detail": "FCF margin: +37.8% -> +50.6% (+12.8%)",
      "severity": "MEDIUM"
    },
    {
      "quarter": "2021-03 (Q1)",
      "signal": "OPERATING LEVERAGE",
      "detail": "Rev growth +24.6% vs OpEx growth +11.5% (leverage: 2.1x)",
      "severity": "MEDIUM"
    }
  ],
  "data_quality": {
    "n_quarters": 20,
    "coverage": {
      "revenue": [
        20,
        20
      ],
      "gross_profit": [
        0,
        20
      ],
      "op_income": [
        20,
        20
      ],
      "fcf": [
        20,
        20
      ]
    },
    "gaps": [],
    "warnings": [
      "gross_profit: no data"
    ]
  },
  "market_cap": null,
  "source": "SEC EDGAR",
  "last_updated": "2026-02-02T19:57:07.545857"
}