{
  "ticker": "EP",
  "name": "EMPIRE PETROLEUM CORPORATION",
  "quarters": [
    {
      "date": "2020-12-31T00:00:00",
      "quarter_label": "2020-12 (Q4)",
      "revenue": 1769997,
      "gross_profit": null,
      "operating_income": -13668679,
      "net_income": -13808891,
      "opex": 15438676,
      "cogs": null,
      "rd": null,
      "sga": null,
      "fcf": 246869,
      "ocf": 246869,
      "capex": null,
      "gross_margin": null,
      "op_margin": -7.722430602989722,
      "fcf_margin": 0.13947424769646502
    },
    {
      "date": "2021-03-31T00:00:00",
      "quarter_label": "2021-03 (Q1)",
      "revenue": 2098543,
      "gross_profit": null,
      "operating_income": -860352,
      "net_income": -997180,
      "opex": 2958895,
      "cogs": null,
      "rd": null,
      "sga": null,
      "fcf": -626106,
      "ocf": -626106,
      "capex": null,
      "gross_margin": null,
      "op_margin": -0.40997587373715955,
      "fcf_margin": -0.2983527142403086,
      "op_leverage_ratio": Infinity,
      "fcf_margin_change": -0.4378269619367736
    },
    {
      "date": "2021-06-30T00:00:00",
      "quarter_label": "2021-06 (Q2)",
      "revenue": 4719430,
      "gross_profit": null,
      "operating_income": -2067772,
      "net_income": -5271962,
      "opex": 6787202,
      "cogs": null,
      "rd": null,
      "sga": null,
      "fcf": -1885245,
      "ocf": -1885245,
      "capex": null,
      "gross_margin": null,
      "op_margin": -0.4381401991342175,
      "fcf_margin": -0.39946455398215464,
      "op_leverage_ratio": 0.9652798058753811,
      "fcf_margin_change": -0.10111183974184601
    },
    {
      "date": "2021-09-30T00:00:00",
      "quarter_label": "2021-09 (Q3)",
      "revenue": 10095662,
      "gross_profit": null,
      "operating_income": 2299365,
      "net_income": -3726225,
      "opex": 7796297,
      "cogs": null,
      "rd": null,
      "sga": null,
      "fcf": 3141742,
      "ocf": 3141742,
      "capex": null,
      "gross_margin": null,
      "op_margin": 0.2277577240600963,
      "fcf_margin": 0.31119722510519865,
      "op_leverage_ratio": 7.662088662684635,
      "fcf_margin_change": 0.7106617790873533
    },
    {
      "date": "2021-12-31T00:00:00",
      "quarter_label": "2021-12 (Q4)",
      "revenue": 10990260,
      "gross_profit": null,
      "operating_income": 155389,
      "net_income": -8619595,
      "opex": 10834871,
      "cogs": null,
      "rd": null,
      "sga": null,
      "fcf": 2539891,
      "ocf": 2539891,
      "capex": null,
      "gross_margin": null,
      "op_margin": 0.014138791984902995,
      "fcf_margin": 0.23110381374053024,
      "incr_op_margin_yoy": 1.4993138482058483,
      "rev_growth_yoy": 5.209196964740618,
      "op_leverage_ratio": 0.2273587530108814,
      "fcf_margin_change": -0.08009341136466841
    },
    {
      "date": "2022-03-31T00:00:00",
      "quarter_label": "2022-03 (Q1)",
      "revenue": 13046085,
      "gross_profit": null,
      "operating_income": 3734075,
      "net_income": 3623427,
      "opex": 9312010,
      "cogs": null,
      "rd": null,
      "sga": null,
      "fcf": 3060704,
      "ocf": 3060704,
      "capex": null,
      "gross_margin": null,
      "op_margin": 0.28622188189023756,
      "fcf_margin": 0.234607087106975,
      "incr_op_margin_yoy": 0.4196765812818987,
      "rev_growth_yoy": 5.216734658284343,
      "rev_growth_yoy_accel": 0.007537693543724799,
      "op_leverage_ratio": Infinity,
      "fcf_margin_change": 0.0035032733664447646
    },
    {
      "date": "2022-06-30T00:00:00",
      "quarter_label": "2022-06 (Q2)",
      "revenue": 16540367,
      "gross_profit": null,
      "operating_income": 5823937,
      "net_income": 5534280,
      "opex": 10716430,
      "cogs": null,
      "rd": null,
      "sga": null,
      "fcf": 7983384,
      "ocf": 7983384,
      "capex": null,
      "gross_margin": null,
      "op_margin": 0.35210446056003475,
      "fcf_margin": 0.4826606326207877,
      "incr_op_margin_yoy": 0.667604353191291,
      "rev_growth_yoy": 2.504738284072441,
      "rev_growth_yoy_accel": -2.7119963742119024,
      "op_leverage_ratio": 1.7759231783261538,
      "fcf_margin_change": 0.24805354551381267
    },
    {
      "date": "2022-09-30T00:00:00",
      "quarter_label": "2022-09 (Q3)",
      "revenue": 14792266,
      "gross_profit": null,
      "operating_income": 1442159,
      "net_income": 215941,
      "opex": 13350107,
      "cogs": null,
      "rd": null,
      "sga": null,
      "fcf": 3673899,
      "ocf": 3863078,
      "capex": -189179,
      "gross_margin": null,
      "op_margin": 0.0974941229423538,
      "fcf_margin": 0.24836620704359968,
      "incr_op_margin_yoy": -0.18251613293349833,
      "rev_growth_yoy": 0.46521010707371147,
      "rev_growth_yoy_accel": -2.0395281769987292,
      "fcf_margin_change": -0.234294425577188
    },
    {
      "date": "2022-12-31T00:00:00",
      "quarter_label": "2022-12 (Q4)",
      "revenue": 8508156,
      "gross_profit": null,
      "operating_income": -2216008,
      "net_income": -2289518,
      "opex": 10724164,
      "cogs": null,
      "rd": null,
      "sga": null,
      "fcf": 3148617,
      "ocf": 3148617,
      "capex": null,
      "gross_margin": null,
      "op_margin": -0.26045690746620065,
      "fcf_margin": 0.3700704359440518,
      "incr_op_margin_yoy": 0.9553979204739205,
      "rev_growth_yoy": -0.22584579436701224,
      "rev_growth_yoy_accel": -0.6910559014407237,
      "fcf_margin_change": 0.12170422890045213
    },
    {
      "date": "2023-03-31T00:00:00",
      "quarter_label": "2023-03 (Q1)",
      "revenue": 10052245,
      "gross_profit": null,
      "operating_income": -2222714,
      "net_income": -2459591,
      "opex": 12274959,
      "cogs": null,
      "rd": null,
      "sga": null,
      "fcf": -5066714,
      "ocf": -5066714,
      "capex": null,
      "gross_margin": null,
      "op_margin": -0.2211161785252946,
      "fcf_margin": -0.5040380531911031,
      "incr_op_margin_yoy": 1.9896818133233574,
      "rev_growth_yoy": -0.22948187138133777,
      "rev_growth_yoy_accel": -0.0036360770143255283,
      "op_leverage_ratio": 1.2550063972301808,
      "fcf_margin_change": -0.8741084891351549
    },
    {
      "date": "2023-06-30T00:00:00",
      "quarter_label": "2023-06 (Q2)",
      "revenue": 9710182,
      "gross_profit": null,
      "operating_income": -2301506,
      "net_income": -2464909,
      "opex": 12011688,
      "cogs": null,
      "rd": null,
      "sga": null,
      "fcf": -2917916,
      "ocf": -2917916,
      "capex": null,
      "gross_margin": null,
      "op_margin": -0.23701986224357072,
      "fcf_margin": -0.30050064973035523,
      "incr_op_margin_yoy": 1.1896373231471769,
      "rev_growth_yoy": -0.4129403537418487,
      "rev_growth_yoy_accel": -0.1834584823605109,
      "fcf_margin_change": 0.20353740346074783
    },
    {
      "date": "2023-09-30T00:00:00",
      "quarter_label": "2023-09 (Q3)",
      "revenue": 9146097,
      "gross_profit": null,
      "operating_income": -2633902,
      "net_income": -2747628,
      "opex": 11779999,
      "cogs": null,
      "rd": null,
      "sga": null,
      "fcf": 2000921,
      "ocf": 2027399,
      "capex": -26478,
      "gross_margin": null,
      "op_margin": -0.2879809824890333,
      "fcf_margin": 0.21877321003702455,
      "incr_op_margin_yoy": 0.7219162231948778,
      "rev_growth_yoy": -0.381697368070585,
      "rev_growth_yoy_accel": 0.031242985671263657,
      "fcf_margin_change": 0.5192738597673798
    },
    {
      "date": "2023-12-31T00:00:00",
      "quarter_label": "2023-12 (Q4)",
      "revenue": 11167767,
      "gross_profit": null,
      "operating_income": -4466969,
      "net_income": -4797477,
      "opex": 15634736,
      "cogs": null,
      "rd": null,
      "sga": null,
      "fcf": -3930269,
      "ocf": -3930269,
      "capex": null,
      "gross_margin": null,
      "op_margin": -0.3999876609173526,
      "fcf_margin": -0.3519297098515755,
      "incr_op_margin_yoy": -0.846349710540376,
      "rev_growth_yoy": 0.31259546721992404,
      "rev_growth_yoy_accel": 0.6942928352905091,
      "op_leverage_ratio": 0.6754993953851077,
      "fcf_margin_change": -0.5707029198886
    },
    {
      "date": "2024-03-31T00:00:00",
      "quarter_label": "2024-03 (Q1)",
      "revenue": 9387241,
      "gross_profit": null,
      "operating_income": -4398147,
      "net_income": -3975196,
      "opex": 13785388,
      "cogs": null,
      "rd": null,
      "sga": null,
      "fcf": 3909000,
      "ocf": 3909000,
      "capex": null,
      "gross_margin": null,
      "op_margin": -0.46852392518739,
      "fcf_margin": 0.41641628248385226,
      "rev_growth_yoy": -0.06615477438124519,
      "rev_growth_yoy_accel": -0.3787502416011692,
      "fcf_margin_change": 0.7683459923354278
    },
    {
      "date": "2024-06-30T00:00:00",
      "quarter_label": "2024-06 (Q2)",
      "revenue": 12798242,
      "gross_profit": null,
      "operating_income": -1925306,
      "net_income": -4389771,
      "opex": 14723548,
      "cogs": null,
      "rd": null,
      "sga": null,
      "fcf": -1803000,
      "ocf": -1803000,
      "capex": null,
      "gross_margin": null,
      "op_margin": -0.1504351925834814,
      "fcf_margin": -0.14087872381222358,
      "incr_op_margin_yoy": 0.1218240578227107,
      "rev_growth_yoy": 0.3180228753693803,
      "rev_growth_yoy_accel": 0.38417764975062546,
      "op_leverage_ratio": 5.339320134452666,
      "fcf_margin_change": -0.5572950062960759
    },
    {
      "date": "2024-09-30T00:00:00",
      "quarter_label": "2024-09 (Q3)",
      "revenue": 11377568,
      "gross_profit": null,
      "operating_income": -3416603,
      "net_income": -3639614,
      "opex": 14794171,
      "cogs": null,
      "rd": null,
      "sga": null,
      "fcf": 12811000,
      "ocf": 12811000,
      "capex": null,
      "gross_margin": null,
      "op_margin": -0.3002929096973975,
      "fcf_margin": 1.125987557270587,
      "incr_op_margin_yoy": -0.35075562263636856,
      "rev_growth_yoy": 0.2439806837823828,
      "rev_growth_yoy_accel": -0.07404219158699749,
      "fcf_margin_change": 1.2668662810828106
    },
    {
      "date": "2024-12-31T00:00:00",
      "quarter_label": "2024-12 (Q4)",
      "revenue": 10087241,
      "gross_profit": null,
      "operating_income": -3925401,
      "net_income": -4193408,
      "opex": 14012642,
      "cogs": null,
      "rd": null,
      "sga": null,
      "fcf": -8759997,
      "ocf": -8759997,
      "capex": null,
      "gross_margin": null,
      "op_margin": -0.38914515872080385,
      "fcf_margin": -0.8684234866600292,
      "incr_op_margin_yoy": -0.5012077451167302,
      "rev_growth_yoy": -0.09675398850996801,
      "rev_growth_yoy_accel": -0.3407346722923508,
      "fcf_margin_change": -1.9944110439306164
    },
    {
      "date": "2025-03-31T00:00:00",
      "quarter_label": "2025-03 (Q1)",
      "revenue": 9002000,
      "gross_profit": null,
      "operating_income": -3956000,
      "net_income": -4221000,
      "opex": 12958000,
      "cogs": null,
      "rd": null,
      "sga": null,
      "fcf": 1613000,
      "ocf": 1613000,
      "capex": null,
      "gross_margin": null,
      "op_margin": -0.4394578982448345,
      "fcf_margin": 0.17918240391024218,
      "rev_growth_yoy": -0.04103878871331843,
      "rev_growth_yoy_accel": 0.05571519979664958,
      "fcf_margin_change": 1.0476058905702714
    },
    {
      "date": "2025-06-30T00:00:00",
      "quarter_label": "2025-06 (Q2)",
      "revenue": 8754000,
      "gross_profit": null,
      "operating_income": -4903000,
      "net_income": -5056000,
      "opex": 13657000,
      "cogs": null,
      "rd": null,
      "sga": null,
      "fcf": -3138000,
      "ocf": -3138000,
      "capex": null,
      "gross_margin": null,
      "op_margin": -0.5600868174548778,
      "fcf_margin": -0.3584647018505826,
      "incr_op_margin_yoy": 0.7362798764267816,
      "rev_growth_yoy": -0.31599980684847184,
      "rev_growth_yoy_accel": -0.2749610181351534,
      "fcf_margin_change": -0.5376471057608248
    },
    {
      "date": "2025-09-30T00:00:00",
      "quarter_label": "2025-09 (Q3)",
      "revenue": 9388000,
      "gross_profit": null,
      "operating_income": -3549000,
      "net_income": -3844000,
      "opex": 12937000,
      "cogs": null,
      "rd": null,
      "sga": null,
      "fcf": 330000,
      "ocf": 330000,
      "capex": null,
      "gross_margin": null,
      "op_margin": -0.37803579037068596,
      "fcf_margin": 0.03515125692373242,
      "incr_op_margin_yoy": 0.0665456018592981,
      "rev_growth_yoy": -0.1748675991213588,
      "rev_growth_yoy_accel": 0.14113220772711305,
      "op_leverage_ratio": Infinity,
      "fcf_margin_change": 0.39361595877431504
    }
  ],
  "signals": [
    {
      "quarter": "2025-09 (Q3)",
      "signal": "FCF TURNED POSITIVE",
      "detail": "FCF margin: -35.8% -> +3.5%",
      "severity": "HIGH"
    },
    {
      "quarter": "2025-09 (Q3)",
      "signal": "YoY REVENUE GROWTH ACCELERATION",
      "detail": "YoY growth: -17.5% vs prior quarter YoY: -31.6% (accel: +14.1%)",
      "severity": "MEDIUM"
    },
    {
      "quarter": "2025-06 (Q2)",
      "signal": "YoY REVENUE GROWTH DECELERATION",
      "detail": "YoY growth: -31.6% vs prior quarter YoY: -4.1% (decel: -27.5%)",
      "severity": "WARNING"
    },
    {
      "quarter": "2025-03 (Q1)",
      "signal": "FCF TURNED POSITIVE",
      "detail": "FCF margin: -86.8% -> +17.9%",
      "severity": "HIGH"
    },
    {
      "quarter": "2025-03 (Q1)",
      "signal": "YoY REVENUE GROWTH ACCELERATION",
      "detail": "YoY growth: -4.1% vs prior quarter YoY: -9.7% (accel: +5.6%)",
      "severity": "MEDIUM"
    },
    {
      "quarter": "2024-12 (Q4)",
      "signal": "YoY REVENUE GROWTH DECELERATION",
      "detail": "YoY growth: -9.7% vs prior quarter YoY: +24.4% (decel: -34.1%)",
      "severity": "WARNING"
    },
    {
      "quarter": "2024-09 (Q3)",
      "signal": "FCF TURNED POSITIVE",
      "detail": "FCF margin: -14.1% -> +112.6%",
      "severity": "HIGH"
    },
    {
      "quarter": "2024-09 (Q3)",
      "signal": "YoY REVENUE GROWTH DECELERATION",
      "detail": "YoY growth: +24.4% vs prior quarter YoY: +31.8% (decel: -7.4%)",
      "severity": "WARNING"
    },
    {
      "quarter": "2024-06 (Q2)",
      "signal": "OPERATING LEVERAGE",
      "detail": "Rev growth +36.3% vs OpEx growth +6.8% (leverage: 5.3x)",
      "severity": "MEDIUM"
    },
    {
      "quarter": "2024-06 (Q2)",
      "signal": "YoY REVENUE GROWTH ACCELERATION",
      "detail": "YoY growth: +31.8% vs prior quarter YoY: -6.6% (accel: +38.4%)",
      "severity": "HIGH"
    },
    {
      "quarter": "2024-03 (Q1)",
      "signal": "FCF TURNED POSITIVE",
      "detail": "FCF margin: -35.2% -> +41.6%",
      "severity": "HIGH"
    },
    {
      "quarter": "2024-03 (Q1)",
      "signal": "YoY REVENUE GROWTH DECELERATION",
      "detail": "YoY growth: -6.6% vs prior quarter YoY: +31.3% (decel: -37.9%)",
      "severity": "WARNING"
    },
    {
      "quarter": "2023-12 (Q4)",
      "signal": "YoY REVENUE GROWTH ACCELERATION",
      "detail": "YoY growth: +31.3% vs prior quarter YoY: -38.2% (accel: +69.4%)",
      "severity": "HIGH"
    },
    {
      "quarter": "2023-09 (Q3)",
      "signal": "FCF TURNED POSITIVE",
      "detail": "FCF margin: -30.1% -> +21.9%",
      "severity": "HIGH"
    },
    {
      "quarter": "2023-06 (Q2)",
      "signal": "FCF MARGIN EXPANSION",
      "detail": "FCF margin: -50.4% -> -30.1% (+20.4%)",
      "severity": "MEDIUM"
    },
    {
      "quarter": "2023-06 (Q2)",
      "signal": "YoY REVENUE GROWTH DECELERATION",
      "detail": "YoY growth: -41.3% vs prior quarter YoY: -22.9% (decel: -18.3%)",
      "severity": "WARNING"
    },
    {
      "quarter": "2022-12 (Q4)",
      "signal": "FCF MARGIN EXPANSION",
      "detail": "FCF margin: +24.8% -> +37.0% (+12.2%)",
      "severity": "MEDIUM"
    },
    {
      "quarter": "2022-12 (Q4)",
      "signal": "YoY REVENUE GROWTH DECELERATION",
      "detail": "YoY growth: -22.6% vs prior quarter YoY: +46.5% (decel: -69.1%)",
      "severity": "WARNING"
    },
    {
      "quarter": "2022-09 (Q3)",
      "signal": "YoY REVENUE GROWTH DECELERATION",
      "detail": "YoY growth: +46.5% vs prior quarter YoY: +250.5% (decel: -204.0%)",
      "severity": "WARNING"
    },
    {
      "quarter": "2022-06 (Q2)",
      "signal": "FCF MARGIN EXPANSION",
      "detail": "FCF margin: +23.5% -> +48.3% (+24.8%)",
      "severity": "MEDIUM"
    },
    {
      "quarter": "2022-06 (Q2)",
      "signal": "OPERATING LEVERAGE",
      "detail": "Rev growth +26.8% vs OpEx growth +15.1% (leverage: 1.8x)",
      "severity": "MEDIUM"
    },
    {
      "quarter": "2022-06 (Q2)",
      "signal": "YoY REVENUE GROWTH DECELERATION",
      "detail": "YoY growth: +250.5% vs prior quarter YoY: +521.7% (decel: -271.2%)",
      "severity": "WARNING"
    },
    {
      "quarter": "2022-06 (Q2)",
      "signal": "OP MARGIN TURNED POSITIVE (YoY)",
      "detail": "Op margin: -43.8% (year-ago) -> +35.2%",
      "severity": "HIGH"
    },
    {
      "quarter": "2022-03 (Q1)",
      "signal": "OP MARGIN TURNED POSITIVE (YoY)",
      "detail": "Op margin: -41.0% (year-ago) -> +28.6%",
      "severity": "HIGH"
    },
    {
      "quarter": "2021-12 (Q4)",
      "signal": "OP MARGIN TURNED POSITIVE (YoY)",
      "detail": "Op margin: -772.2% (year-ago) -> +1.4%",
      "severity": "HIGH"
    },
    {
      "quarter": "2021-09 (Q3)",
      "signal": "FCF TURNED POSITIVE",
      "detail": "FCF margin: -39.9% -> +31.1%",
      "severity": "HIGH"
    },
    {
      "quarter": "2021-09 (Q3)",
      "signal": "OPERATING LEVERAGE",
      "detail": "Rev growth +113.9% vs OpEx growth +14.9% (leverage: 7.7x)",
      "severity": "MEDIUM"
    },
    {
      "quarter": "2021-09 (Q3)",
      "signal": "OP MARGIN TURNED POSITIVE (QoQ)",
      "detail": "Op margin: -43.8% -> +22.8%",
      "severity": "HIGH"
    }
  ],
  "data_quality": {
    "n_quarters": 20,
    "coverage": {
      "revenue": [
        20,
        20
      ],
      "gross_profit": [
        0,
        20
      ],
      "op_income": [
        20,
        20
      ],
      "fcf": [
        20,
        20
      ]
    },
    "gaps": [],
    "warnings": [
      "gross_profit: no data"
    ]
  },
  "market_cap": null,
  "source": "SEC EDGAR",
  "last_updated": "2026-02-02T23:20:57.239701"
}