{
  "ticker": "EPR",
  "name": "EPR PROPERTIES",
  "quarters": [
    {
      "date": "2020-12-31T00:00:00",
      "quarter_label": "2020-12 (Q4)",
      "revenue": 93412000,
      "gross_profit": null,
      "operating_income": null,
      "net_income": -19977000,
      "opex": null,
      "cogs": null,
      "rd": null,
      "sga": null,
      "fcf": 5795000,
      "ocf": 5795000,
      "capex": null,
      "gross_margin": null,
      "op_margin": null,
      "fcf_margin": 0.0620369973879159
    },
    {
      "date": "2021-03-31T00:00:00",
      "quarter_label": "2021-03 (Q1)",
      "revenue": 111765000,
      "gross_profit": null,
      "operating_income": null,
      "net_income": 3380000,
      "opex": null,
      "cogs": null,
      "rd": null,
      "sga": null,
      "fcf": 78306000,
      "ocf": 78306000,
      "capex": null,
      "gross_margin": null,
      "op_margin": null,
      "fcf_margin": 0.7006307878137162,
      "fcf_margin_change": 0.6385937904258003
    },
    {
      "date": "2021-06-30T00:00:00",
      "quarter_label": "2021-06 (Q2)",
      "revenue": 125362000,
      "gross_profit": null,
      "operating_income": 58413000,
      "net_income": 18552000,
      "opex": 67460000,
      "cogs": null,
      "rd": null,
      "sga": null,
      "fcf": 62494000,
      "ocf": 62494000,
      "capex": null,
      "gross_margin": null,
      "op_margin": 0.46595459549145674,
      "fcf_margin": 0.4985083199055535,
      "fcf_margin_change": -0.20212246790816274
    },
    {
      "date": "2021-09-30T00:00:00",
      "quarter_label": "2021-09 (Q3)",
      "revenue": 139647000,
      "gross_profit": null,
      "operating_income": 74255000,
      "net_income": 32117000,
      "opex": 66179000,
      "cogs": null,
      "rd": null,
      "sga": null,
      "fcf": 95624000,
      "ocf": 95624000,
      "capex": null,
      "gross_margin": null,
      "op_margin": 0.5317335853974665,
      "fcf_margin": 0.6847551325843019,
      "op_leverage_ratio": Infinity,
      "fcf_margin_change": 0.18624681267874837
    },
    {
      "date": "2021-12-31T00:00:00",
      "quarter_label": "2021-12 (Q4)",
      "revenue": 154906000,
      "gross_profit": null,
      "operating_income": 101487000,
      "net_income": 44557000,
      "opex": 69801000,
      "cogs": null,
      "rd": null,
      "sga": null,
      "fcf": 70501000,
      "ocf": 70501000,
      "capex": null,
      "gross_margin": null,
      "op_margin": 0.6551521567918609,
      "fcf_margin": 0.455121170258092,
      "rev_growth_yoy": 0.6583094249132874,
      "op_leverage_ratio": 1.996485761248356,
      "fcf_margin_change": -0.22963396232620986
    },
    {
      "date": "2022-03-31T00:00:00",
      "quarter_label": "2022-03 (Q1)",
      "revenue": 157472000,
      "gross_profit": null,
      "operating_income": 75876000,
      "net_income": 42192000,
      "opex": 81596000,
      "cogs": null,
      "rd": null,
      "sga": null,
      "fcf": 128087000,
      "ocf": 128087000,
      "capex": null,
      "gross_margin": null,
      "op_margin": 0.48183804104856737,
      "fcf_margin": 0.8133953972769762,
      "rev_growth_yoy": 0.4089562922202836,
      "rev_growth_yoy_accel": -0.24935313269300374,
      "op_leverage_ratio": 0.09802844457183887,
      "fcf_margin_change": 0.3582742270188842
    },
    {
      "date": "2022-06-30T00:00:00",
      "quarter_label": "2022-06 (Q2)",
      "revenue": 160446000,
      "gross_profit": null,
      "operating_income": 73868000,
      "net_income": 40909000,
      "opex": 86578000,
      "cogs": null,
      "rd": null,
      "sga": null,
      "fcf": 88963000,
      "ocf": 88963000,
      "capex": null,
      "gross_margin": null,
      "op_margin": 0.4603916582526208,
      "fcf_margin": 0.5544731560774342,
      "incr_op_margin_yoy": 0.4405141945046175,
      "rev_growth_yoy": 0.2798615210350824,
      "rev_growth_yoy_accel": -0.12909477118520124,
      "op_leverage_ratio": 0.3093162717626577,
      "fcf_margin_change": -0.258922241199542
    },
    {
      "date": "2022-09-30T00:00:00",
      "quarter_label": "2022-09 (Q3)",
      "revenue": 161410000,
      "gross_profit": null,
      "operating_income": 83362000,
      "net_income": 50799000,
      "opex": 78352000,
      "cogs": null,
      "rd": null,
      "sga": null,
      "fcf": 132625000,
      "ocf": 132625000,
      "capex": null,
      "gross_margin": null,
      "op_margin": 0.5164611858001363,
      "fcf_margin": 0.8216653243293476,
      "incr_op_margin_yoy": 0.4184625281440978,
      "rev_growth_yoy": 0.15584294685886557,
      "rev_growth_yoy_accel": -0.12401857417621681,
      "fcf_margin_change": 0.2671921682519134
    },
    {
      "date": "2022-12-31T00:00:00",
      "quarter_label": "2022-12 (Q4)",
      "revenue": 178703000,
      "gross_profit": null,
      "operating_income": 77853000,
      "net_income": 42329000,
      "opex": 101197000,
      "cogs": null,
      "rd": null,
      "sga": null,
      "fcf": 92041000,
      "ocf": 92041000,
      "capex": null,
      "gross_margin": null,
      "op_margin": 0.4356558088000761,
      "fcf_margin": 0.5150501110781576,
      "incr_op_margin_yoy": -0.9931503971088793,
      "rev_growth_yoy": 0.1536221966870231,
      "rev_growth_yoy_accel": -0.0022207501718424782,
      "op_leverage_ratio": 0.36745048779408657,
      "fcf_margin_change": -0.30661521325119
    },
    {
      "date": "2023-03-31T00:00:00",
      "quarter_label": "2023-03 (Q1)",
      "revenue": 171396000,
      "gross_profit": null,
      "operating_income": 91705000,
      "net_income": 57657000,
      "opex": 79131000,
      "cogs": null,
      "rd": null,
      "sga": null,
      "fcf": 121530000,
      "ocf": 121530000,
      "capex": null,
      "gross_margin": null,
      "op_margin": 0.5350474923568811,
      "fcf_margin": 0.709059721347056,
      "incr_op_margin_yoy": 1.1368141338695776,
      "rev_growth_yoy": 0.08842206868522658,
      "rev_growth_yoy_accel": -0.06520012800179652,
      "fcf_margin_change": 0.1940096102688984
    },
    {
      "date": "2023-06-30T00:00:00",
      "quarter_label": "2023-06 (Q2)",
      "revenue": 172907000,
      "gross_profit": null,
      "operating_income": 46153000,
      "net_income": 13600000,
      "opex": 126179000,
      "cogs": null,
      "rd": null,
      "sga": null,
      "fcf": 99358000,
      "ocf": 99358000,
      "capex": null,
      "gross_margin": null,
      "op_margin": 0.2669238376699613,
      "fcf_margin": 0.5746326059673698,
      "incr_op_margin_yoy": -2.2241393146617447,
      "rev_growth_yoy": 0.0776647594829413,
      "rev_growth_yoy_accel": -0.010757309202285278,
      "fcf_margin_change": -0.1344271153796862
    },
    {
      "date": "2023-09-30T00:00:00",
      "quarter_label": "2023-09 (Q3)",
      "revenue": 189384000,
      "gross_profit": null,
      "operating_income": 87307000,
      "net_income": 56260000,
      "opex": 104627000,
      "cogs": null,
      "rd": null,
      "sga": null,
      "fcf": 149204000,
      "ocf": 149204000,
      "capex": null,
      "gross_margin": null,
      "op_margin": 0.46100515355045835,
      "fcf_margin": 0.7878384657626832,
      "incr_op_margin_yoy": 0.14102380782154858,
      "rev_growth_yoy": 0.17331020382875906,
      "rev_growth_yoy_accel": 0.09564544434581776,
      "op_leverage_ratio": Infinity,
      "fcf_margin_change": 0.21320585979531348
    },
    {
      "date": "2023-12-31T00:00:00",
      "quarter_label": "2023-12 (Q4)",
      "revenue": 171981000,
      "gross_profit": null,
      "operating_income": 81234000,
      "net_income": 45529000,
      "opex": 87135000,
      "cogs": null,
      "rd": null,
      "sga": null,
      "fcf": 77002000,
      "ocf": 77002000,
      "capex": null,
      "gross_margin": null,
      "op_margin": 0.47234287508503847,
      "fcf_margin": 0.4477355056663236,
      "incr_op_margin_yoy": -0.5029753049687593,
      "rev_growth_yoy": -0.037615484910717784,
      "rev_growth_yoy_accel": -0.21092568873947684,
      "fcf_margin_change": -0.34010296009635965
    },
    {
      "date": "2024-03-31T00:00:00",
      "quarter_label": "2024-03 (Q1)",
      "revenue": 167232000,
      "gross_profit": null,
      "operating_income": 98334000,
      "net_income": 62709000,
      "opex": 86847000,
      "cogs": null,
      "rd": null,
      "sga": null,
      "fcf": 99543000,
      "ocf": 99543000,
      "capex": null,
      "gross_margin": null,
      "op_margin": 0.5880094718714122,
      "fcf_margin": 0.5952389494833524,
      "incr_op_margin_yoy": -1.5919788664745438,
      "rev_growth_yoy": -0.02429461597703564,
      "rev_growth_yoy_accel": 0.013320868933682145,
      "fcf_margin_change": 0.14750344381702885
    },
    {
      "date": "2024-06-30T00:00:00",
      "quarter_label": "2024-06 (Q2)",
      "revenue": 173095000,
      "gross_profit": null,
      "operating_income": 79385000,
      "net_income": 45102000,
      "opex": 95169000,
      "cogs": null,
      "rd": null,
      "sga": null,
      "fcf": 78655000,
      "ocf": 78655000,
      "capex": null,
      "gross_margin": null,
      "op_margin": 0.4586209884745371,
      "fcf_margin": 0.4544036511742107,
      "rev_growth_yoy": 0.0010872896990867923,
      "rev_growth_yoy_accel": 0.025381905676122432,
      "op_leverage_ratio": 0.36587069048233956,
      "fcf_margin_change": -0.1408352983091417
    },
    {
      "date": "2024-09-30T00:00:00",
      "quarter_label": "2024-09 (Q3)",
      "revenue": 180507000,
      "gross_profit": null,
      "operating_income": 92711000,
      "net_income": 46650000,
      "opex": 84377000,
      "cogs": null,
      "rd": null,
      "sga": null,
      "fcf": 122001000,
      "ocf": 122001000,
      "capex": null,
      "gross_margin": null,
      "op_margin": 0.5136144304653005,
      "fcf_margin": 0.6758796057770613,
      "incr_op_margin_yoy": -0.6087642221471218,
      "rev_growth_yoy": -0.046873019896084146,
      "rev_growth_yoy_accel": -0.04796030959517094,
      "op_leverage_ratio": Infinity,
      "fcf_margin_change": 0.22147595460285058
    },
    {
      "date": "2024-12-31T00:00:00",
      "quarter_label": "2024-12 (Q4)",
      "revenue": 177234000,
      "gross_profit": null,
      "operating_income": 45242000,
      "net_income": -8395000,
      "opex": 132104000,
      "cogs": null,
      "rd": null,
      "sga": null,
      "fcf": 92938000,
      "ocf": 92938000,
      "capex": null,
      "gross_margin": null,
      "op_margin": 0.25526704808332484,
      "fcf_margin": 0.5243801979304197,
      "incr_op_margin_yoy": -6.851703788311441,
      "rev_growth_yoy": 0.030544071728853768,
      "rev_growth_yoy_accel": 0.07741709162493791,
      "fcf_margin_change": -0.15149940784664162
    },
    {
      "date": "2025-03-31T00:00:00",
      "quarter_label": "2025-03 (Q1)",
      "revenue": 175033000,
      "gross_profit": null,
      "operating_income": 101607000,
      "net_income": 65803000,
      "opex": 82810000,
      "cogs": null,
      "rd": null,
      "sga": null,
      "fcf": 99369000,
      "ocf": 99369000,
      "capex": null,
      "gross_margin": null,
      "op_margin": 0.5805019624870739,
      "fcf_margin": 0.5677158021630206,
      "incr_op_margin_yoy": 0.4195615946673503,
      "rev_growth_yoy": 0.04664777076157673,
      "rev_growth_yoy_accel": 0.016103699032722962,
      "fcf_margin_change": 0.043335604232600966
    },
    {
      "date": "2025-06-30T00:00:00",
      "quarter_label": "2025-06 (Q2)",
      "revenue": 178068000,
      "gross_profit": null,
      "operating_income": 111251000,
      "net_income": 75643000,
      "opex": 83596000,
      "cogs": null,
      "rd": null,
      "sga": null,
      "fcf": 87321000,
      "ocf": 87321000,
      "capex": null,
      "gross_margin": null,
      "op_margin": 0.6247669429656086,
      "fcf_margin": 0.4903800795201833,
      "incr_op_margin_yoy": 6.407802131510155,
      "rev_growth_yoy": 0.02872988821167567,
      "rev_growth_yoy_accel": -0.017917882549901062,
      "op_leverage_ratio": 1.8268336284212723,
      "fcf_margin_change": -0.07733572264283733
    },
    {
      "date": "2025-09-30T00:00:00",
      "quarter_label": "2025-09 (Q3)",
      "revenue": 182306000,
      "gross_profit": null,
      "operating_income": 97615000,
      "net_income": 66586000,
      "opex": 92764000,
      "cogs": null,
      "rd": null,
      "sga": null,
      "fcf": 136483000,
      "ocf": 136483000,
      "capex": null,
      "gross_margin": null,
      "op_margin": 0.5354458986539116,
      "fcf_margin": 0.7486478777440129,
      "incr_op_margin_yoy": 2.725958866036687,
      "rev_growth_yoy": 0.009966372495249492,
      "rev_growth_yoy_accel": -0.018763515716426177,
      "op_leverage_ratio": 0.21701310666619467,
      "fcf_margin_change": 0.25826779822382956
    }
  ],
  "signals": [
    {
      "quarter": "2025-09 (Q3)",
      "signal": "FCF MARGIN EXPANSION",
      "detail": "FCF margin: +49.0% -> +74.9% (+25.8%)",
      "severity": "MEDIUM"
    },
    {
      "quarter": "2025-09 (Q3)",
      "signal": "INCREMENTAL MARGIN (YoY)",
      "detail": "YoY Incr OPM: +272.6% vs year-ago OPM: +51.4%",
      "severity": "HIGH"
    },
    {
      "quarter": "2025-06 (Q2)",
      "signal": "OPERATING LEVERAGE",
      "detail": "Rev growth +1.7% vs OpEx growth +0.9% (leverage: 1.8x)",
      "severity": "MEDIUM"
    },
    {
      "quarter": "2025-06 (Q2)",
      "signal": "INCREMENTAL MARGIN (YoY)",
      "detail": "YoY Incr OPM: +640.8% vs year-ago OPM: +45.9%",
      "severity": "HIGH"
    },
    {
      "quarter": "2024-12 (Q4)",
      "signal": "YoY REVENUE GROWTH ACCELERATION",
      "detail": "YoY growth: +3.1% vs prior quarter YoY: -4.7% (accel: +7.7%)",
      "severity": "MEDIUM"
    },
    {
      "quarter": "2024-09 (Q3)",
      "signal": "FCF MARGIN EXPANSION",
      "detail": "FCF margin: +45.4% -> +67.6% (+22.1%)",
      "severity": "MEDIUM"
    },
    {
      "quarter": "2024-03 (Q1)",
      "signal": "FCF MARGIN EXPANSION",
      "detail": "FCF margin: +44.8% -> +59.5% (+14.8%)",
      "severity": "MEDIUM"
    },
    {
      "quarter": "2023-12 (Q4)",
      "signal": "YoY REVENUE GROWTH DECELERATION",
      "detail": "YoY growth: -3.8% vs prior quarter YoY: +17.3% (decel: -21.1%)",
      "severity": "WARNING"
    },
    {
      "quarter": "2023-09 (Q3)",
      "signal": "FCF MARGIN EXPANSION",
      "detail": "FCF margin: +57.5% -> +78.8% (+21.3%)",
      "severity": "MEDIUM"
    },
    {
      "quarter": "2023-09 (Q3)",
      "signal": "YoY REVENUE GROWTH ACCELERATION",
      "detail": "YoY growth: +17.3% vs prior quarter YoY: +7.8% (accel: +9.6%)",
      "severity": "MEDIUM"
    },
    {
      "quarter": "2023-03 (Q1)",
      "signal": "FCF MARGIN EXPANSION",
      "detail": "FCF margin: +51.5% -> +70.9% (+19.4%)",
      "severity": "MEDIUM"
    },
    {
      "quarter": "2023-03 (Q1)",
      "signal": "YoY REVENUE GROWTH DECELERATION",
      "detail": "YoY growth: +8.8% vs prior quarter YoY: +15.4% (decel: -6.5%)",
      "severity": "WARNING"
    },
    {
      "quarter": "2023-03 (Q1)",
      "signal": "INCREMENTAL MARGIN (YoY)",
      "detail": "YoY Incr OPM: +113.7% vs year-ago OPM: +48.2%",
      "severity": "HIGH"
    },
    {
      "quarter": "2022-09 (Q3)",
      "signal": "FCF MARGIN EXPANSION",
      "detail": "FCF margin: +55.4% -> +82.2% (+26.7%)",
      "severity": "MEDIUM"
    },
    {
      "quarter": "2022-09 (Q3)",
      "signal": "YoY REVENUE GROWTH DECELERATION",
      "detail": "YoY growth: +15.6% vs prior quarter YoY: +28.0% (decel: -12.4%)",
      "severity": "WARNING"
    },
    {
      "quarter": "2022-06 (Q2)",
      "signal": "YoY REVENUE GROWTH DECELERATION",
      "detail": "YoY growth: +28.0% vs prior quarter YoY: +40.9% (decel: -12.9%)",
      "severity": "WARNING"
    },
    {
      "quarter": "2022-03 (Q1)",
      "signal": "FCF MARGIN EXPANSION",
      "detail": "FCF margin: +45.5% -> +81.3% (+35.8%)",
      "severity": "MEDIUM"
    },
    {
      "quarter": "2022-03 (Q1)",
      "signal": "YoY REVENUE GROWTH DECELERATION",
      "detail": "YoY growth: +40.9% vs prior quarter YoY: +65.8% (decel: -24.9%)",
      "severity": "WARNING"
    },
    {
      "quarter": "2021-12 (Q4)",
      "signal": "OPERATING LEVERAGE",
      "detail": "Rev growth +10.9% vs OpEx growth +5.5% (leverage: 2.0x)",
      "severity": "MEDIUM"
    },
    {
      "quarter": "2021-09 (Q3)",
      "signal": "FCF MARGIN EXPANSION",
      "detail": "FCF margin: +49.9% -> +68.5% (+18.6%)",
      "severity": "MEDIUM"
    },
    {
      "quarter": "2021-03 (Q1)",
      "signal": "FCF MARGIN EXPANSION",
      "detail": "FCF margin: +6.2% -> +70.1% (+63.9%)",
      "severity": "MEDIUM"
    }
  ],
  "data_quality": {
    "n_quarters": 20,
    "coverage": {
      "revenue": [
        20,
        20
      ],
      "gross_profit": [
        0,
        20
      ],
      "op_income": [
        18,
        20
      ],
      "fcf": [
        20,
        20
      ]
    },
    "gaps": [],
    "warnings": [
      "gross_profit: no data"
    ]
  },
  "market_cap": null,
  "source": "SEC EDGAR",
  "last_updated": "2026-02-02T21:13:50.422241"
}