{
  "ticker": "EPRT",
  "name": "Essential Properties Realty Trust, Inc.",
  "sector": "Real Estate",
  "industry": "REIT - Retail",
  "quarters": [
    {
      "date": "2021-03-31T00:00:00",
      "quarter_label": "2021-03 (Q1)",
      "revenue": 48552000,
      "gross_profit": null,
      "operating_income": 23089000,
      "net_income": 15295000,
      "opex": 29251000,
      "cogs": null,
      "rd": null,
      "sga": null,
      "fcf": 30135000,
      "ocf": 30135000,
      "capex": null,
      "gross_margin": null,
      "op_margin": 0.4755519855000824,
      "fcf_margin": 0.620674740484429
    },
    {
      "date": "2021-06-30T00:00:00",
      "quarter_label": "2021-06 (Q2)",
      "revenue": 57066000,
      "gross_profit": null,
      "operating_income": 35716000,
      "net_income": 23284000,
      "opex": 25060000,
      "cogs": null,
      "rd": null,
      "sga": null,
      "fcf": 39150000,
      "ocf": 39150000,
      "capex": null,
      "gross_margin": null,
      "op_margin": 0.6258717975677286,
      "fcf_margin": 0.6860477342025023,
      "op_leverage_ratio": null,
      "fcf_margin_change": 0.06537299371807326
    },
    {
      "date": "2021-09-30T00:00:00",
      "quarter_label": "2021-09 (Q3)",
      "revenue": 59601000,
      "gross_profit": null,
      "operating_income": 36619000,
      "net_income": 27507000,
      "opex": 24325000,
      "cogs": null,
      "rd": null,
      "sga": null,
      "fcf": 46225000,
      "ocf": 46225000,
      "capex": null,
      "gross_margin": null,
      "op_margin": 0.6144024429120317,
      "fcf_margin": 0.775574235331622,
      "op_leverage_ratio": null,
      "fcf_margin_change": 0.08952650112911964
    },
    {
      "date": "2021-12-31T00:00:00",
      "quarter_label": "2021-12 (Q4)",
      "revenue": 65015000,
      "gross_profit": null,
      "operating_income": 38995000,
      "net_income": 29639000,
      "opex": 26517000,
      "cogs": null,
      "rd": null,
      "sga": null,
      "fcf": 51883000,
      "ocf": 51883000,
      "capex": null,
      "gross_margin": null,
      "op_margin": 0.5997846650772899,
      "fcf_margin": 0.7980158424978852,
      "op_leverage_ratio": 1.0080382322248305,
      "fcf_margin_change": 0.0224416071662632
    },
    {
      "date": "2022-03-31T00:00:00",
      "quarter_label": "2022-03 (Q1)",
      "revenue": 70121000,
      "gross_profit": null,
      "operating_income": 38399000,
      "net_income": 26699000,
      "opex": 33380000,
      "cogs": null,
      "rd": null,
      "sga": null,
      "fcf": 44108000,
      "ocf": 44108000,
      "capex": null,
      "gross_margin": null,
      "op_margin": 0.5476105588910597,
      "fcf_margin": 0.6290269676701702,
      "incr_op_margin_yoy": 0.7098150122861514,
      "rev_growth_yoy": 0.4442453451969023,
      "op_leverage_ratio": 0.30344335628887753,
      "fcf_margin_change": -0.16898887482771496
    },
    {
      "date": "2022-06-30T00:00:00",
      "quarter_label": "2022-06 (Q2)",
      "revenue": 71446000,
      "gross_profit": null,
      "operating_income": 45247000,
      "net_income": 35653000,
      "opex": 36293000,
      "cogs": null,
      "rd": null,
      "sga": null,
      "fcf": 57879000,
      "ocf": 57879000,
      "capex": null,
      "gross_margin": null,
      "op_margin": 0.6333034739523556,
      "fcf_margin": 0.8101083335666097,
      "incr_op_margin_yoy": 0.6627955493741308,
      "rev_growth_yoy": 0.25198892510426524,
      "rev_growth_yoy_accel": -0.19225642009263705,
      "op_leverage_ratio": 0.21652778090080207,
      "fcf_margin_change": 0.18108136589643953
    },
    {
      "date": "2022-09-30T00:00:00",
      "quarter_label": "2022-09 (Q3)",
      "revenue": 70663000,
      "gross_profit": null,
      "operating_income": 45921000,
      "net_income": 36428000,
      "opex": 31071000,
      "cogs": null,
      "rd": null,
      "sga": null,
      "fcf": 52590000,
      "ocf": 52590000,
      "capex": null,
      "gross_margin": null,
      "op_margin": 0.6498591908070702,
      "fcf_margin": 0.7442367292642543,
      "incr_op_margin_yoy": 0.8408967636955342,
      "rev_growth_yoy": 0.18560091273636348,
      "rev_growth_yoy_accel": -0.06638801236790176,
      "fcf_margin_change": -0.06587160430235539
    },
    {
      "date": "2022-12-31T00:00:00",
      "quarter_label": "2022-12 (Q4)",
      "revenue": 74276000,
      "gross_profit": null,
      "operating_income": 45853000,
      "net_income": 35350000,
      "opex": 40988000,
      "cogs": null,
      "rd": null,
      "sga": null,
      "fcf": 56445000,
      "ocf": 56445000,
      "capex": null,
      "gross_margin": null,
      "op_margin": 0.6173326511928483,
      "fcf_margin": 0.7599359146965372,
      "incr_op_margin_yoy": 0.7405247813411079,
      "rev_growth_yoy": 0.14244405137276014,
      "rev_growth_yoy_accel": -0.04315686136360333,
      "op_leverage_ratio": 0.16019568278335078,
      "fcf_margin_change": 0.01569918543228288
    },
    {
      "date": "2023-03-31T00:00:00",
      "quarter_label": "2023-03 (Q1)",
      "revenue": 83687000,
      "gross_profit": null,
      "operating_income": 54704000,
      "net_income": 42896000,
      "opex": 33897000,
      "cogs": null,
      "rd": null,
      "sga": null,
      "fcf": 53686000,
      "ocf": 53686000,
      "capex": null,
      "gross_margin": null,
      "op_margin": 0.6536738083573315,
      "fcf_margin": 0.6415094339622641,
      "incr_op_margin_yoy": 1.2019018133569217,
      "rev_growth_yoy": 0.1934655809244021,
      "rev_growth_yoy_accel": 0.051021529551641964,
      "op_leverage_ratio": null,
      "fcf_margin_change": -0.11842648073427309
    },
    {
      "date": "2023-06-30T00:00:00",
      "quarter_label": "2023-06 (Q2)",
      "revenue": 86516000,
      "gross_profit": null,
      "operating_income": 64782000,
      "net_income": 52802000,
      "opex": 34281000,
      "cogs": null,
      "rd": null,
      "sga": null,
      "fcf": 65400000,
      "ocf": 65400000,
      "capex": null,
      "gross_margin": null,
      "op_margin": 0.7487863516574969,
      "fcf_margin": 0.755929539044801,
      "incr_op_margin_yoy": 1.2962840079628402,
      "rev_growth_yoy": 0.21092853343784115,
      "rev_growth_yoy_accel": 0.017462952513439045,
      "op_leverage_ratio": 2.9840423803876344,
      "fcf_margin_change": 0.11442010508253686
    },
    {
      "date": "2023-09-30T00:00:00",
      "quarter_label": "2023-09 (Q3)",
      "revenue": 91657000,
      "gross_profit": null,
      "operating_income": 58669000,
      "net_income": 45914000,
      "opex": 34847000,
      "cogs": null,
      "rd": null,
      "sga": null,
      "fcf": 62896000,
      "ocf": 62896000,
      "capex": null,
      "gross_margin": null,
      "op_margin": 0.6400929552570999,
      "fcf_margin": 0.6862105458393795,
      "incr_op_margin_yoy": 0.6072211107935601,
      "rev_growth_yoy": 0.2971003212430834,
      "rev_growth_yoy_accel": 0.08617178780524223,
      "op_leverage_ratio": 3.599052839671642,
      "fcf_margin_change": -0.06971899320542152
    },
    {
      "date": "2023-12-31T00:00:00",
      "quarter_label": "2023-12 (Q4)",
      "revenue": 97734000,
      "gross_profit": null,
      "operating_income": 64600000,
      "net_income": 49095000,
      "opex": 37981000,
      "cogs": null,
      "rd": null,
      "sga": null,
      "fcf": 72592000,
      "ocf": 72592000,
      "capex": null,
      "gross_margin": null,
      "op_margin": 0.660977755949823,
      "fcf_margin": 0.7427507315775472,
      "incr_op_margin_yoy": 0.7991729900247251,
      "rev_growth_yoy": 0.31582206903979754,
      "rev_growth_yoy_accel": 0.01872174779671415,
      "op_leverage_ratio": 0.7372079351167733,
      "fcf_margin_change": 0.05654018573816777
    },
    {
      "date": "2024-03-31T00:00:00",
      "quarter_label": "2024-03 (Q1)",
      "revenue": 103501000,
      "gross_profit": null,
      "operating_income": 62383000,
      "net_income": 46975000,
      "opex": 42630000,
      "cogs": null,
      "rd": null,
      "sga": null,
      "fcf": 66752000,
      "ocf": 66752000,
      "capex": null,
      "gross_margin": null,
      "op_margin": 0.6027284760533714,
      "fcf_margin": 0.6449406285929604,
      "incr_op_margin_yoy": 0.38755425456747755,
      "rev_growth_yoy": 0.2367631770764874,
      "rev_growth_yoy_accel": -0.07905889196331015,
      "op_leverage_ratio": 0.4820711334763134,
      "fcf_margin_change": -0.09781010298458681
    },
    {
      "date": "2024-06-30T00:00:00",
      "quarter_label": "2024-06 (Q2)",
      "revenue": 109268000,
      "gross_profit": null,
      "operating_income": 66797000,
      "net_income": 51517000,
      "opex": 42605000,
      "cogs": null,
      "rd": null,
      "sga": null,
      "fcf": 81136000,
      "ocf": 81136000,
      "capex": null,
      "gross_margin": null,
      "op_margin": 0.6113134678039316,
      "fcf_margin": 0.7425412746641286,
      "incr_op_margin_yoy": 0.08856364275668073,
      "rev_growth_yoy": 0.26298025798696195,
      "rev_growth_yoy_accel": 0.02621708091047456,
      "op_leverage_ratio": null,
      "fcf_margin_change": 0.09760064607116814
    },
    {
      "date": "2024-09-30T00:00:00",
      "quarter_label": "2024-09 (Q3)",
      "revenue": 117132000,
      "gross_profit": null,
      "operating_income": 69910000,
      "net_income": 49140000,
      "opex": 46979000,
      "cogs": null,
      "rd": null,
      "sga": null,
      "fcf": 73527000,
      "ocf": 73527000,
      "capex": null,
      "gross_margin": null,
      "op_margin": 0.5968480005463921,
      "fcf_margin": 0.627727691834853,
      "incr_op_margin_yoy": 0.4412561334641806,
      "rev_growth_yoy": 0.2779384007768092,
      "rev_growth_yoy_accel": 0.01495814278984725,
      "op_leverage_ratio": 0.701023056050473,
      "fcf_margin_change": -0.11481358282927556
    },
    {
      "date": "2024-12-31T00:00:00",
      "quarter_label": "2024-12 (Q4)",
      "revenue": 119709000,
      "gross_profit": null,
      "operating_income": 79106000,
      "net_income": 55375000,
      "opex": 45178000,
      "cogs": null,
      "rd": null,
      "sga": null,
      "fcf": 87069000,
      "ocf": 87069000,
      "capex": null,
      "gross_margin": null,
      "op_margin": 0.6608191531129656,
      "fcf_margin": 0.7273387965817106,
      "incr_op_margin_yoy": 0.6601137656427759,
      "rev_growth_yoy": 0.2248449874148198,
      "rev_growth_yoy_accel": -0.05309341336198939,
      "op_leverage_ratio": null,
      "fcf_margin_change": 0.09961110474685764
    },
    {
      "date": "2025-03-31T00:00:00",
      "quarter_label": "2025-03 (Q1)",
      "revenue": 129354000,
      "gross_profit": null,
      "operating_income": 79618000,
      "net_income": 56108000,
      "opex": 54720000,
      "cogs": null,
      "rd": null,
      "sga": null,
      "fcf": 77163000,
      "ocf": 77163000,
      "capex": null,
      "gross_margin": null,
      "op_margin": 0.6155047389334694,
      "fcf_margin": 0.5965258128855698,
      "incr_op_margin_yoy": 0.6666537732564886,
      "rev_growth_yoy": 0.24978502623163062,
      "rev_growth_yoy_accel": 0.02494003881681081,
      "op_leverage_ratio": 0.38147230887343647,
      "fcf_margin_change": -0.1308129836961408
    },
    {
      "date": "2025-06-30T00:00:00",
      "quarter_label": "2025-06 (Q2)",
      "revenue": 137062000,
      "gross_profit": null,
      "operating_income": 87813000,
      "net_income": 63212000,
      "opex": 51325000,
      "cogs": null,
      "rd": null,
      "sga": null,
      "fcf": 99776000,
      "ocf": 99776000,
      "capex": null,
      "gross_margin": null,
      "op_margin": 0.6406808597568984,
      "fcf_margin": 0.7279625279070785,
      "incr_op_margin_yoy": 0.7561344175001798,
      "rev_growth_yoy": 0.2543654134787861,
      "rev_growth_yoy_accel": 0.004580387247155482,
      "op_leverage_ratio": null,
      "fcf_margin_change": 0.13143671502150867
    },
    {
      "date": "2025-09-30T00:00:00",
      "quarter_label": "2025-09 (Q3)",
      "revenue": 144934000,
      "gross_profit": null,
      "operating_income": 93736000,
      "net_income": 65620000,
      "opex": 52559000,
      "cogs": null,
      "rd": null,
      "sga": null,
      "fcf": 98994000,
      "ocf": 98994000,
      "capex": null,
      "gross_margin": null,
      "op_margin": 0.6467495549698483,
      "fcf_margin": 0.6830281369450922,
      "incr_op_margin_yoy": 0.8569887058485001,
      "rev_growth_yoy": 0.2373561452037018,
      "rev_growth_yoy_accel": -0.01700926827508431,
      "op_leverage_ratio": 2.3888111585129628,
      "fcf_margin_change": -0.04493439096198626
    },
    {
      "date": "2025-12-31T00:00:00",
      "quarter_label": "2025-12 (Q4)",
      "revenue": 149867000,
      "gross_profit": null,
      "operating_income": 98751000,
      "net_income": 68071000,
      "opex": 55544000,
      "cogs": null,
      "rd": null,
      "sga": null,
      "fcf": 105147000,
      "ocf": 105147000,
      "capex": null,
      "gross_margin": null,
      "op_margin": 0.658924246164933,
      "fcf_margin": 0.7016020871839698,
      "incr_op_margin_yoy": 0.651402612905365,
      "rev_growth_yoy": 0.2519275910750236,
      "rev_growth_yoy_accel": 0.014571445871321809,
      "op_leverage_ratio": 0.5992990582971759,
      "fcf_margin_change": 0.018573950238877535
    }
  ],
  "signals": [
    {
      "quarter": "2025-09 (Q3)",
      "signal": "OPERATING LEVERAGE",
      "detail": "Rev growth +5.7% vs OpEx growth +2.4% (leverage: 2.4x)",
      "severity": "MEDIUM"
    },
    {
      "quarter": "2025-09 (Q3)",
      "signal": "INCREMENTAL MARGIN (YoY)",
      "detail": "YoY Incr OPM: +85.7% vs year-ago OPM: +59.7%",
      "severity": "HIGH"
    },
    {
      "quarter": "2025-06 (Q2)",
      "signal": "FCF MARGIN EXPANSION",
      "detail": "FCF margin: +59.7% -> +72.8% (+13.1%)",
      "severity": "MEDIUM"
    },
    {
      "quarter": "2025-06 (Q2)",
      "signal": "INCREMENTAL MARGIN (YoY)",
      "detail": "YoY Incr OPM: +75.6% vs year-ago OPM: +61.1%",
      "severity": "MEDIUM"
    },
    {
      "quarter": "2024-12 (Q4)",
      "signal": "FCF MARGIN EXPANSION",
      "detail": "FCF margin: +62.8% -> +72.7% (+10.0%)",
      "severity": "MEDIUM"
    },
    {
      "quarter": "2024-12 (Q4)",
      "signal": "YoY REVENUE GROWTH DECELERATION",
      "detail": "YoY growth: +22.5% vs prior quarter YoY: +27.8% (decel: -5.3%)",
      "severity": "WARNING"
    },
    {
      "quarter": "2024-06 (Q2)",
      "signal": "FCF MARGIN EXPANSION",
      "detail": "FCF margin: +64.5% -> +74.3% (+9.8%)",
      "severity": "MEDIUM"
    },
    {
      "quarter": "2024-03 (Q1)",
      "signal": "YoY REVENUE GROWTH DECELERATION",
      "detail": "YoY growth: +23.7% vs prior quarter YoY: +31.6% (decel: -7.9%)",
      "severity": "WARNING"
    },
    {
      "quarter": "2023-12 (Q4)",
      "signal": "FCF MARGIN EXPANSION",
      "detail": "FCF margin: +68.6% -> +74.3% (+5.7%)",
      "severity": "MEDIUM"
    },
    {
      "quarter": "2023-12 (Q4)",
      "signal": "INCREMENTAL MARGIN (YoY)",
      "detail": "YoY Incr OPM: +79.9% vs year-ago OPM: +61.7%",
      "severity": "MEDIUM"
    },
    {
      "quarter": "2023-09 (Q3)",
      "signal": "OPERATING LEVERAGE",
      "detail": "Rev growth +5.9% vs OpEx growth +1.7% (leverage: 3.6x)",
      "severity": "MEDIUM"
    },
    {
      "quarter": "2023-09 (Q3)",
      "signal": "YoY REVENUE GROWTH ACCELERATION",
      "detail": "YoY growth: +29.7% vs prior quarter YoY: +21.1% (accel: +8.6%)",
      "severity": "MEDIUM"
    },
    {
      "quarter": "2023-06 (Q2)",
      "signal": "FCF MARGIN EXPANSION",
      "detail": "FCF margin: +64.2% -> +75.6% (+11.4%)",
      "severity": "MEDIUM"
    },
    {
      "quarter": "2023-06 (Q2)",
      "signal": "OPERATING LEVERAGE",
      "detail": "Rev growth +3.4% vs OpEx growth +1.1% (leverage: 3.0x)",
      "severity": "MEDIUM"
    },
    {
      "quarter": "2023-06 (Q2)",
      "signal": "INCREMENTAL MARGIN (YoY)",
      "detail": "YoY Incr OPM: +129.6% vs year-ago OPM: +63.3%",
      "severity": "HIGH"
    },
    {
      "quarter": "2023-03 (Q1)",
      "signal": "YoY REVENUE GROWTH ACCELERATION",
      "detail": "YoY growth: +19.3% vs prior quarter YoY: +14.2% (accel: +5.1%)",
      "severity": "MEDIUM"
    },
    {
      "quarter": "2023-03 (Q1)",
      "signal": "INCREMENTAL MARGIN (YoY)",
      "detail": "YoY Incr OPM: +120.2% vs year-ago OPM: +54.8%",
      "severity": "HIGH"
    },
    {
      "quarter": "2022-12 (Q4)",
      "signal": "INCREMENTAL MARGIN (YoY)",
      "detail": "YoY Incr OPM: +74.1% vs year-ago OPM: +60.0%",
      "severity": "MEDIUM"
    },
    {
      "quarter": "2022-09 (Q3)",
      "signal": "YoY REVENUE GROWTH DECELERATION",
      "detail": "YoY growth: +18.6% vs prior quarter YoY: +25.2% (decel: -6.6%)",
      "severity": "WARNING"
    },
    {
      "quarter": "2022-09 (Q3)",
      "signal": "INCREMENTAL MARGIN (YoY)",
      "detail": "YoY Incr OPM: +84.1% vs year-ago OPM: +61.4%",
      "severity": "HIGH"
    },
    {
      "quarter": "2022-06 (Q2)",
      "signal": "FCF MARGIN EXPANSION",
      "detail": "FCF margin: +62.9% -> +81.0% (+18.1%)",
      "severity": "MEDIUM"
    },
    {
      "quarter": "2022-06 (Q2)",
      "signal": "YoY REVENUE GROWTH DECELERATION",
      "detail": "YoY growth: +25.2% vs prior quarter YoY: +44.4% (decel: -19.2%)",
      "severity": "WARNING"
    },
    {
      "quarter": "2022-03 (Q1)",
      "signal": "INCREMENTAL MARGIN (YoY)",
      "detail": "YoY Incr OPM: +71.0% vs year-ago OPM: +47.6%",
      "severity": "HIGH"
    },
    {
      "quarter": "2021-09 (Q3)",
      "signal": "FCF MARGIN EXPANSION",
      "detail": "FCF margin: +68.6% -> +77.6% (+9.0%)",
      "severity": "MEDIUM"
    },
    {
      "quarter": "2021-06 (Q2)",
      "signal": "FCF MARGIN EXPANSION",
      "detail": "FCF margin: +62.1% -> +68.6% (+6.5%)",
      "severity": "MEDIUM"
    }
  ],
  "data_quality": {
    "n_quarters": 20,
    "coverage": {
      "revenue": [
        20,
        20
      ],
      "gross_profit": [
        0,
        20
      ],
      "op_income": [
        20,
        20
      ],
      "fcf": [
        20,
        20
      ]
    },
    "gaps": [],
    "warnings": [
      "gross_profit: no data"
    ]
  },
  "market_cap": null,
  "source": "SEC EDGAR",
  "last_updated": "2026-02-13T11:41:41.993057"
}