{
  "ticker": "EQ",
  "name": "EQUILLIUM, INC.",
  "quarters": [
    {
      "date": "2023-03-31T00:00:00",
      "quarter_label": "2023-03 (Q1)",
      "revenue": 8879000,
      "gross_profit": null,
      "operating_income": -4108000,
      "net_income": -3940000,
      "opex": 12987000,
      "cogs": null,
      "rd": null,
      "sga": null,
      "fcf": -7995000,
      "ocf": -7995000,
      "capex": null,
      "gross_margin": null,
      "op_margin": -0.46266471449487556,
      "fcf_margin": -0.9004392386530015
    },
    {
      "date": "2023-06-30T00:00:00",
      "quarter_label": "2023-06 (Q2)",
      "revenue": 9124000,
      "gross_profit": null,
      "operating_income": -3591000,
      "net_income": -3343000,
      "opex": 12715000,
      "cogs": null,
      "rd": null,
      "sga": null,
      "fcf": -6215000,
      "ocf": -6215000,
      "capex": null,
      "gross_margin": null,
      "op_margin": -0.3935773783428321,
      "fcf_margin": -0.6811705392371766,
      "op_leverage_ratio": Infinity,
      "fcf_margin_change": 0.21926869941582483
    },
    {
      "date": "2023-09-30T00:00:00",
      "quarter_label": "2023-09 (Q3)",
      "revenue": 8870000,
      "gross_profit": null,
      "operating_income": -3623000,
      "net_income": -3710000,
      "opex": 12493000,
      "cogs": null,
      "rd": null,
      "sga": null,
      "fcf": -1909000,
      "ocf": -1909000,
      "capex": null,
      "gross_margin": null,
      "op_margin": -0.4084554678692221,
      "fcf_margin": -0.21521984216459977,
      "fcf_margin_change": 0.46595069707257686
    },
    {
      "date": "2023-12-31T00:00:00",
      "quarter_label": "2023-12 (Q4)",
      "revenue": 9211000,
      "gross_profit": null,
      "operating_income": -3200000,
      "net_income": -2342000,
      "opex": 12411000,
      "cogs": null,
      "rd": null,
      "sga": null,
      "fcf": -5699000,
      "ocf": -5664000,
      "capex": -35000,
      "gross_margin": null,
      "op_margin": -0.34741070459233525,
      "fcf_margin": -0.618716751709912,
      "op_leverage_ratio": Infinity,
      "fcf_margin_change": -0.40349690954531225
    },
    {
      "date": "2024-03-31T00:00:00",
      "quarter_label": "2024-03 (Q1)",
      "revenue": 10689000,
      "gross_profit": null,
      "operating_income": -2791000,
      "net_income": -2734000,
      "opex": 13480000,
      "cogs": null,
      "rd": null,
      "sga": null,
      "fcf": -8819000,
      "ocf": -8800000,
      "capex": -19000,
      "gross_margin": null,
      "op_margin": -0.2611095518757601,
      "fcf_margin": -0.825053793619609,
      "incr_op_margin_yoy": 0.7276243093922652,
      "rev_growth_yoy": 0.2038517851109359,
      "op_leverage_ratio": 1.8629307964335557,
      "fcf_margin_change": -0.20633704190969693
    },
    {
      "date": "2024-06-30T00:00:00",
      "quarter_label": "2024-06 (Q2)",
      "revenue": 13853000,
      "gross_profit": null,
      "operating_income": -100000,
      "net_income": 468000,
      "opex": 13953000,
      "cogs": null,
      "rd": null,
      "sga": null,
      "fcf": 668000,
      "ocf": 730000,
      "capex": -62000,
      "gross_margin": null,
      "op_margin": -0.007218652999350321,
      "fcf_margin": 0.04822060203566014,
      "incr_op_margin_yoy": 0.7382110382744766,
      "rev_growth_yoy": 0.5183033757124068,
      "rev_growth_yoy_accel": 0.3144515906014709,
      "op_leverage_ratio": 8.435836410433204,
      "fcf_margin_change": 0.8732743956552691
    },
    {
      "date": "2024-09-30T00:00:00",
      "quarter_label": "2024-09 (Q3)",
      "revenue": 12161000,
      "gross_profit": null,
      "operating_income": -679000,
      "net_income": -7000,
      "opex": 12840000,
      "cogs": null,
      "rd": null,
      "sga": null,
      "fcf": -7657000,
      "ocf": -7657000,
      "capex": null,
      "gross_margin": null,
      "op_margin": -0.055834224159197435,
      "fcf_margin": -0.6296357207466491,
      "incr_op_margin_yoy": 0.8945609237313886,
      "rev_growth_yoy": 0.3710259301014656,
      "rev_growth_yoy_accel": -0.1472774456109412,
      "fcf_margin_change": -0.6778563227823092
    },
    {
      "date": "2024-12-31T00:00:00",
      "quarter_label": "2024-12 (Q4)",
      "revenue": 4392000,
      "gross_profit": null,
      "operating_income": -4698000,
      "net_income": -5794000,
      "opex": 9090000,
      "cogs": null,
      "rd": null,
      "sga": null,
      "fcf": -3303000,
      "ocf": -3299000,
      "capex": -4000,
      "gross_margin": null,
      "op_margin": -1.069672131147541,
      "fcf_margin": -0.7520491803278688,
      "incr_op_margin_yoy": 0.3108528740402573,
      "rev_growth_yoy": -0.5231788079470199,
      "rev_growth_yoy_accel": -0.8942047380484854,
      "fcf_margin_change": -0.12241345958121974
    }
  ],
  "signals": [
    {
      "quarter": "2024-12 (Q4)",
      "signal": "YoY REVENUE GROWTH DECELERATION",
      "detail": "YoY growth: -52.3% vs prior quarter YoY: +37.1% (decel: -89.4%)",
      "severity": "WARNING"
    },
    {
      "quarter": "2024-09 (Q3)",
      "signal": "YoY REVENUE GROWTH DECELERATION",
      "detail": "YoY growth: +37.1% vs prior quarter YoY: +51.8% (decel: -14.7%)",
      "severity": "WARNING"
    },
    {
      "quarter": "2024-06 (Q2)",
      "signal": "FCF TURNED POSITIVE",
      "detail": "FCF margin: -82.5% -> +4.8%",
      "severity": "HIGH"
    },
    {
      "quarter": "2024-06 (Q2)",
      "signal": "OPERATING LEVERAGE",
      "detail": "Rev growth +29.6% vs OpEx growth +3.5% (leverage: 8.4x)",
      "severity": "MEDIUM"
    },
    {
      "quarter": "2024-06 (Q2)",
      "signal": "YoY REVENUE GROWTH ACCELERATION",
      "detail": "YoY growth: +51.8% vs prior quarter YoY: +20.4% (accel: +31.4%)",
      "severity": "HIGH"
    },
    {
      "quarter": "2024-03 (Q1)",
      "signal": "OPERATING LEVERAGE",
      "detail": "Rev growth +16.0% vs OpEx growth +8.6% (leverage: 1.9x)",
      "severity": "MEDIUM"
    },
    {
      "quarter": "2023-09 (Q3)",
      "signal": "FCF MARGIN EXPANSION",
      "detail": "FCF margin: -68.1% -> -21.5% (+46.6%)",
      "severity": "MEDIUM"
    },
    {
      "quarter": "2023-06 (Q2)",
      "signal": "FCF MARGIN EXPANSION",
      "detail": "FCF margin: -90.0% -> -68.1% (+21.9%)",
      "severity": "MEDIUM"
    }
  ],
  "data_quality": {
    "n_quarters": 8,
    "coverage": {
      "revenue": [
        8,
        8
      ],
      "gross_profit": [
        0,
        8
      ],
      "op_income": [
        8,
        8
      ],
      "fcf": [
        8,
        8
      ]
    },
    "gaps": [],
    "warnings": [
      "gross_profit: no data"
    ]
  },
  "market_cap": null,
  "source": "SEC EDGAR",
  "last_updated": "2026-02-02T23:28:15.369351",
  "sector": "Healthcare",
  "industry": "Biotechnology"
}