{
  "ticker": "EQH-PC",
  "name": "Equitable Holdings, Inc.",
  "quarters": [
    {
      "date": "2020-12-31T00:00:00",
      "quarter_label": "2020-12 (Q4)",
      "revenue": 516000000,
      "gross_profit": null,
      "operating_income": null,
      "net_income": -1238000000,
      "opex": null,
      "cogs": null,
      "rd": null,
      "sga": null,
      "fcf": -66000000,
      "ocf": -66000000,
      "capex": null,
      "gross_margin": null,
      "op_margin": null,
      "fcf_margin": -0.12790697674418605
    },
    {
      "date": "2021-03-31T00:00:00",
      "quarter_label": "2021-03 (Q1)",
      "revenue": 1153000000,
      "gross_profit": null,
      "operating_income": null,
      "net_income": -1488000000,
      "opex": null,
      "cogs": null,
      "rd": null,
      "sga": null,
      "fcf": -14000000,
      "ocf": -14000000,
      "capex": null,
      "gross_margin": null,
      "op_margin": null,
      "fcf_margin": -0.012142237640936688,
      "fcf_margin_change": 0.11576473910324936
    },
    {
      "date": "2021-06-30T00:00:00",
      "quarter_label": "2021-06 (Q2)",
      "revenue": 2950000000,
      "gross_profit": null,
      "operating_income": null,
      "net_income": 123000000,
      "opex": null,
      "cogs": null,
      "rd": null,
      "sga": null,
      "fcf": -581000000,
      "ocf": -581000000,
      "capex": null,
      "gross_margin": null,
      "op_margin": null,
      "fcf_margin": -0.19694915254237289,
      "fcf_margin_change": -0.1848069149014362
    },
    {
      "date": "2021-09-30T00:00:00",
      "quarter_label": "2021-09 (Q3)",
      "revenue": 3615000000,
      "gross_profit": null,
      "operating_income": null,
      "net_income": 672000000,
      "opex": null,
      "cogs": null,
      "rd": null,
      "sga": null,
      "fcf": 241000000,
      "ocf": 241000000,
      "capex": null,
      "gross_margin": null,
      "op_margin": null,
      "fcf_margin": 0.06666666666666667,
      "fcf_margin_change": 0.26361581920903954
    },
    {
      "date": "2021-12-31T00:00:00",
      "quarter_label": "2021-12 (Q4)",
      "revenue": 3318000000,
      "gross_profit": null,
      "operating_income": null,
      "net_income": 254000000,
      "opex": null,
      "cogs": null,
      "rd": null,
      "sga": null,
      "fcf": 161000000,
      "ocf": 161000000,
      "capex": null,
      "gross_margin": null,
      "op_margin": null,
      "fcf_margin": 0.04852320675105485,
      "rev_growth_yoy": 5.430232558139535,
      "fcf_margin_change": -0.018143459915611816
    },
    {
      "date": "2022-03-31T00:00:00",
      "quarter_label": "2022-03 (Q1)",
      "revenue": 3944000000,
      "gross_profit": null,
      "operating_income": null,
      "net_income": 573000000,
      "opex": null,
      "cogs": null,
      "rd": null,
      "sga": null,
      "fcf": -608000000,
      "ocf": -608000000,
      "capex": null,
      "gross_margin": null,
      "op_margin": null,
      "fcf_margin": -0.15415821501014199,
      "rev_growth_yoy": 2.4206418039895925,
      "rev_growth_yoy_accel": -3.0095907541499423,
      "fcf_margin_change": -0.20268142176119683
    },
    {
      "date": "2022-06-30T00:00:00",
      "quarter_label": "2022-06 (Q2)",
      "revenue": 5168000000,
      "gross_profit": null,
      "operating_income": null,
      "net_income": 1728000000,
      "opex": null,
      "cogs": null,
      "rd": null,
      "sga": null,
      "fcf": 68000000,
      "ocf": 68000000,
      "capex": null,
      "gross_margin": null,
      "op_margin": null,
      "fcf_margin": 0.013157894736842105,
      "rev_growth_yoy": 0.751864406779661,
      "rev_growth_yoy_accel": -1.6687773972099316,
      "fcf_margin_change": 0.16731610974698408
    },
    {
      "date": "2022-09-30T00:00:00",
      "quarter_label": "2022-09 (Q3)",
      "revenue": 3009000000,
      "gross_profit": null,
      "operating_income": null,
      "net_income": 273000000,
      "opex": null,
      "cogs": null,
      "rd": null,
      "sga": null,
      "fcf": 229000000,
      "ocf": 229000000,
      "capex": null,
      "gross_margin": null,
      "op_margin": null,
      "fcf_margin": 0.07610501827849785,
      "rev_growth_yoy": -0.16763485477178422,
      "rev_growth_yoy_accel": -0.9194992615514452,
      "fcf_margin_change": 0.06294712354165574
    },
    {
      "date": "2022-12-31T00:00:00",
      "quarter_label": "2022-12 (Q4)",
      "revenue": 1896000000,
      "gross_profit": null,
      "operating_income": null,
      "net_income": -789000000,
      "opex": null,
      "cogs": null,
      "rd": null,
      "sga": null,
      "fcf": 61000000,
      "ocf": 61000000,
      "capex": null,
      "gross_margin": null,
      "op_margin": null,
      "fcf_margin": 0.03217299578059072,
      "rev_growth_yoy": -0.42857142857142855,
      "rev_growth_yoy_accel": -0.2609365737996443,
      "fcf_margin_change": -0.043932022497907126
    },
    {
      "date": "2023-03-31T00:00:00",
      "quarter_label": "2023-03 (Q1)",
      "revenue": 2357000000,
      "gross_profit": null,
      "operating_income": null,
      "net_income": 177000000,
      "opex": null,
      "cogs": null,
      "rd": null,
      "sga": null,
      "fcf": -587000000,
      "ocf": -587000000,
      "capex": null,
      "gross_margin": null,
      "op_margin": null,
      "fcf_margin": -0.24904539669070852,
      "rev_growth_yoy": -0.4023833671399594,
      "rev_growth_yoy_accel": 0.026188061431469123,
      "fcf_margin_change": -0.28121839247129926
    },
    {
      "date": "2023-06-30T00:00:00",
      "quarter_label": "2023-06 (Q2)",
      "revenue": 2377000000,
      "gross_profit": null,
      "operating_income": null,
      "net_income": 759000000,
      "opex": null,
      "cogs": null,
      "rd": null,
      "sga": null,
      "fcf": 361000000,
      "ocf": 361000000,
      "capex": null,
      "gross_margin": null,
      "op_margin": null,
      "fcf_margin": 0.15187210769877998,
      "rev_growth_yoy": -0.5400541795665634,
      "rev_growth_yoy_accel": -0.137670812426604,
      "fcf_margin_change": 0.4009175043894885
    },
    {
      "date": "2023-09-30T00:00:00",
      "quarter_label": "2023-09 (Q3)",
      "revenue": 3624000000,
      "gross_profit": null,
      "operating_income": null,
      "net_income": 1064000000,
      "opex": null,
      "cogs": null,
      "rd": null,
      "sga": null,
      "fcf": 411000000,
      "ocf": 411000000,
      "capex": null,
      "gross_margin": null,
      "op_margin": null,
      "fcf_margin": 0.11341059602649006,
      "rev_growth_yoy": 0.20438683948155534,
      "rev_growth_yoy_accel": 0.7444410190481188,
      "fcf_margin_change": -0.03846151167228992
    },
    {
      "date": "2023-12-31T00:00:00",
      "quarter_label": "2023-12 (Q4)",
      "revenue": 2170000000,
      "gross_profit": null,
      "operating_income": null,
      "net_income": -698000000,
      "opex": null,
      "cogs": null,
      "rd": null,
      "sga": null,
      "fcf": -393000000,
      "ocf": -393000000,
      "capex": null,
      "gross_margin": null,
      "op_margin": null,
      "fcf_margin": -0.18110599078341014,
      "rev_growth_yoy": 0.14451476793248946,
      "rev_growth_yoy_accel": -0.059872071549065875,
      "fcf_margin_change": -0.2945165868099002
    },
    {
      "date": "2024-03-31T00:00:00",
      "quarter_label": "2024-03 (Q1)",
      "revenue": 2230000000,
      "gross_profit": null,
      "operating_income": null,
      "net_income": 114000000,
      "opex": null,
      "cogs": null,
      "rd": null,
      "sga": null,
      "fcf": 31000000,
      "ocf": 31000000,
      "capex": null,
      "gross_margin": null,
      "op_margin": null,
      "fcf_margin": 0.01390134529147982,
      "rev_growth_yoy": -0.05388205345778532,
      "rev_growth_yoy_accel": -0.19839682139027479,
      "fcf_margin_change": 0.19500733607488996
    },
    {
      "date": "2024-06-30T00:00:00",
      "quarter_label": "2024-06 (Q2)",
      "revenue": 3510000000,
      "gross_profit": null,
      "operating_income": null,
      "net_income": 428000000,
      "opex": null,
      "cogs": null,
      "rd": null,
      "sga": null,
      "fcf": 892000000,
      "ocf": 892000000,
      "capex": null,
      "gross_margin": null,
      "op_margin": null,
      "fcf_margin": 0.25413105413105413,
      "rev_growth_yoy": 0.4766512410601599,
      "rev_growth_yoy_accel": 0.5305332945179452,
      "fcf_margin_change": 0.2402297088395743
    },
    {
      "date": "2024-09-30T00:00:00",
      "quarter_label": "2024-09 (Q3)",
      "revenue": 3076000000,
      "gross_profit": null,
      "operating_income": null,
      "net_income": -134000000,
      "opex": null,
      "cogs": null,
      "rd": null,
      "sga": null,
      "fcf": 683000000,
      "ocf": 683000000,
      "capex": null,
      "gross_margin": null,
      "op_margin": null,
      "fcf_margin": 0.22204161248374513,
      "rev_growth_yoy": -0.15121412803532008,
      "rev_growth_yoy_accel": -0.62786536909548,
      "fcf_margin_change": -0.03208944164730901
    },
    {
      "date": "2024-12-31T00:00:00",
      "quarter_label": "2024-12 (Q4)",
      "revenue": 3621000000,
      "gross_profit": null,
      "operating_income": null,
      "net_income": 899000000,
      "opex": null,
      "cogs": null,
      "rd": null,
      "sga": null,
      "fcf": 400000000,
      "ocf": 400000000,
      "capex": null,
      "gross_margin": null,
      "op_margin": null,
      "fcf_margin": 0.11046672190002761,
      "rev_growth_yoy": 0.6686635944700461,
      "rev_growth_yoy_accel": 0.8198777225053662,
      "fcf_margin_change": -0.11157489058371751
    },
    {
      "date": "2025-03-31T00:00:00",
      "quarter_label": "2025-03 (Q1)",
      "revenue": 4576000000,
      "gross_profit": null,
      "operating_income": null,
      "net_income": 63000000,
      "opex": null,
      "cogs": null,
      "rd": null,
      "sga": null,
      "fcf": 158000000,
      "ocf": 158000000,
      "capex": null,
      "gross_margin": null,
      "op_margin": null,
      "fcf_margin": 0.034527972027972025,
      "rev_growth_yoy": 1.052017937219731,
      "rev_growth_yoy_accel": 0.38335434274968483,
      "fcf_margin_change": -0.0759387498720556
    },
    {
      "date": "2025-06-30T00:00:00",
      "quarter_label": "2025-06 (Q2)",
      "revenue": 2362000000,
      "gross_profit": null,
      "operating_income": null,
      "net_income": -349000000,
      "opex": null,
      "cogs": null,
      "rd": null,
      "sga": null,
      "fcf": 341000000,
      "ocf": 341000000,
      "capex": null,
      "gross_margin": null,
      "op_margin": null,
      "fcf_margin": 0.1443691786621507,
      "rev_growth_yoy": -0.32706552706552705,
      "rev_growth_yoy_accel": -1.3790834642852579,
      "fcf_margin_change": 0.10984120663417868
    },
    {
      "date": "2025-09-30T00:00:00",
      "quarter_label": "2025-09 (Q3)",
      "revenue": 1450000000,
      "gross_profit": null,
      "operating_income": null,
      "net_income": -1309000000,
      "opex": null,
      "cogs": null,
      "rd": null,
      "sga": null,
      "fcf": 369000000,
      "ocf": 369000000,
      "capex": null,
      "gross_margin": null,
      "op_margin": null,
      "fcf_margin": 0.25448275862068964,
      "rev_growth_yoy": -0.5286085825747724,
      "rev_growth_yoy_accel": -0.20154305550924534,
      "fcf_margin_change": 0.11011357995853893
    }
  ],
  "signals": [
    {
      "quarter": "2025-09 (Q3)",
      "signal": "FCF MARGIN EXPANSION",
      "detail": "FCF margin: +14.4% -> +25.4% (+11.0%)",
      "severity": "MEDIUM"
    },
    {
      "quarter": "2025-09 (Q3)",
      "signal": "YoY REVENUE GROWTH DECELERATION",
      "detail": "YoY growth: -52.9% vs prior quarter YoY: -32.7% (decel: -20.2%)",
      "severity": "WARNING"
    },
    {
      "quarter": "2025-06 (Q2)",
      "signal": "FCF MARGIN EXPANSION",
      "detail": "FCF margin: +3.5% -> +14.4% (+11.0%)",
      "severity": "MEDIUM"
    },
    {
      "quarter": "2025-06 (Q2)",
      "signal": "YoY REVENUE GROWTH DECELERATION",
      "detail": "YoY growth: -32.7% vs prior quarter YoY: +105.2% (decel: -137.9%)",
      "severity": "WARNING"
    },
    {
      "quarter": "2025-03 (Q1)",
      "signal": "YoY REVENUE GROWTH ACCELERATION",
      "detail": "YoY growth: +105.2% vs prior quarter YoY: +66.9% (accel: +38.3%)",
      "severity": "HIGH"
    },
    {
      "quarter": "2024-12 (Q4)",
      "signal": "YoY REVENUE GROWTH ACCELERATION",
      "detail": "YoY growth: +66.9% vs prior quarter YoY: -15.1% (accel: +82.0%)",
      "severity": "HIGH"
    },
    {
      "quarter": "2024-09 (Q3)",
      "signal": "YoY REVENUE GROWTH DECELERATION",
      "detail": "YoY growth: -15.1% vs prior quarter YoY: +47.7% (decel: -62.8%)",
      "severity": "WARNING"
    },
    {
      "quarter": "2024-06 (Q2)",
      "signal": "FCF MARGIN EXPANSION",
      "detail": "FCF margin: +1.4% -> +25.4% (+24.0%)",
      "severity": "MEDIUM"
    },
    {
      "quarter": "2024-06 (Q2)",
      "signal": "YoY REVENUE GROWTH ACCELERATION",
      "detail": "YoY growth: +47.7% vs prior quarter YoY: -5.4% (accel: +53.1%)",
      "severity": "HIGH"
    },
    {
      "quarter": "2024-03 (Q1)",
      "signal": "FCF TURNED POSITIVE",
      "detail": "FCF margin: -18.1% -> +1.4%",
      "severity": "HIGH"
    },
    {
      "quarter": "2024-03 (Q1)",
      "signal": "YoY REVENUE GROWTH DECELERATION",
      "detail": "YoY growth: -5.4% vs prior quarter YoY: +14.5% (decel: -19.8%)",
      "severity": "WARNING"
    },
    {
      "quarter": "2023-12 (Q4)",
      "signal": "YoY REVENUE GROWTH DECELERATION",
      "detail": "YoY growth: +14.5% vs prior quarter YoY: +20.4% (decel: -6.0%)",
      "severity": "WARNING"
    },
    {
      "quarter": "2023-09 (Q3)",
      "signal": "YoY REVENUE GROWTH ACCELERATION",
      "detail": "YoY growth: +20.4% vs prior quarter YoY: -54.0% (accel: +74.4%)",
      "severity": "HIGH"
    },
    {
      "quarter": "2023-06 (Q2)",
      "signal": "FCF TURNED POSITIVE",
      "detail": "FCF margin: -24.9% -> +15.2%",
      "severity": "HIGH"
    },
    {
      "quarter": "2023-06 (Q2)",
      "signal": "YoY REVENUE GROWTH DECELERATION",
      "detail": "YoY growth: -54.0% vs prior quarter YoY: -40.2% (decel: -13.8%)",
      "severity": "WARNING"
    },
    {
      "quarter": "2022-12 (Q4)",
      "signal": "YoY REVENUE GROWTH DECELERATION",
      "detail": "YoY growth: -42.9% vs prior quarter YoY: -16.8% (decel: -26.1%)",
      "severity": "WARNING"
    },
    {
      "quarter": "2022-09 (Q3)",
      "signal": "FCF MARGIN EXPANSION",
      "detail": "FCF margin: +1.3% -> +7.6% (+6.3%)",
      "severity": "MEDIUM"
    },
    {
      "quarter": "2022-09 (Q3)",
      "signal": "YoY REVENUE GROWTH DECELERATION",
      "detail": "YoY growth: -16.8% vs prior quarter YoY: +75.2% (decel: -91.9%)",
      "severity": "WARNING"
    },
    {
      "quarter": "2022-06 (Q2)",
      "signal": "FCF TURNED POSITIVE",
      "detail": "FCF margin: -15.4% -> +1.3%",
      "severity": "HIGH"
    },
    {
      "quarter": "2022-06 (Q2)",
      "signal": "YoY REVENUE GROWTH DECELERATION",
      "detail": "YoY growth: +75.2% vs prior quarter YoY: +242.1% (decel: -166.9%)",
      "severity": "WARNING"
    },
    {
      "quarter": "2022-03 (Q1)",
      "signal": "YoY REVENUE GROWTH DECELERATION",
      "detail": "YoY growth: +242.1% vs prior quarter YoY: +543.0% (decel: -301.0%)",
      "severity": "WARNING"
    },
    {
      "quarter": "2021-09 (Q3)",
      "signal": "FCF TURNED POSITIVE",
      "detail": "FCF margin: -19.7% -> +6.7%",
      "severity": "HIGH"
    },
    {
      "quarter": "2021-03 (Q1)",
      "signal": "FCF MARGIN EXPANSION",
      "detail": "FCF margin: -12.8% -> -1.2% (+11.6%)",
      "severity": "MEDIUM"
    }
  ],
  "data_quality": {
    "n_quarters": 20,
    "coverage": {
      "revenue": [
        20,
        20
      ],
      "gross_profit": [
        0,
        20
      ],
      "op_income": [
        0,
        20
      ],
      "fcf": [
        20,
        20
      ]
    },
    "gaps": [],
    "warnings": [
      "gross_profit: no data",
      "op_income: no data"
    ]
  },
  "market_cap": null,
  "source": "SEC EDGAR",
  "last_updated": "2026-02-03T01:09:23.455598",
  "sector": "Financial Services",
  "industry": "Asset Management"
}