{
  "ticker": "EQIX",
  "name": "EQUINIX, INC.",
  "quarters": [
    {
      "date": "2020-12-31T00:00:00",
      "quarter_label": "2020-12 (Q4)",
      "revenue": 1564115000,
      "gross_profit": 733380000,
      "operating_income": 228606000,
      "net_income": 50994000,
      "opex": 1335509000,
      "cogs": 830735000,
      "rd": null,
      "sga": null,
      "fcf": 686148000,
      "ocf": 686148000,
      "capex": null,
      "gross_margin": 0.468878567113032,
      "op_margin": 0.14615677236008862,
      "fcf_margin": 0.43868129900934394
    },
    {
      "date": "2021-03-31T00:00:00",
      "quarter_label": "2021-03 (Q1)",
      "revenue": 1596064000,
      "gross_profit": 784847000,
      "operating_income": 297662000,
      "net_income": 156362000,
      "opex": 1298402000,
      "cogs": 811217000,
      "rd": null,
      "sga": null,
      "fcf": 391158000,
      "ocf": 391158000,
      "capex": null,
      "gross_margin": 0.49173905307055354,
      "op_margin": 0.18649753393347634,
      "fcf_margin": 0.24507663853078573,
      "op_leverage_ratio": Infinity,
      "fcf_margin_change": -0.1936046604785582
    },
    {
      "date": "2021-06-30T00:00:00",
      "quarter_label": "2021-06 (Q2)",
      "revenue": 1657919000,
      "gross_profit": 792799000,
      "operating_income": 278654000,
      "net_income": 68339000,
      "opex": 1379265000,
      "cogs": 865120000,
      "rd": null,
      "sga": null,
      "fcf": 599197000,
      "ocf": 599197000,
      "capex": null,
      "gross_margin": 0.4781892239608811,
      "op_margin": 0.16807455611522637,
      "fcf_margin": 0.36141512341676524,
      "op_leverage_ratio": 0.6222771235119254,
      "fcf_margin_change": 0.1163384848859795
    },
    {
      "date": "2021-09-30T00:00:00",
      "quarter_label": "2021-09 (Q3)",
      "revenue": 1675176000,
      "gross_profit": 789526000,
      "operating_income": 282121000,
      "net_income": 152216000,
      "opex": 1393055000,
      "cogs": 885650000,
      "rd": null,
      "sga": null,
      "fcf": 664746000,
      "ocf": 664746000,
      "capex": null,
      "gross_margin": 0.47130928332306576,
      "op_margin": 0.16841275185413354,
      "fcf_margin": 0.3968215877018295,
      "op_leverage_ratio": 1.0410832041420985,
      "fcf_margin_change": 0.035406464285064276
    },
    {
      "date": "2021-12-31T00:00:00",
      "quarter_label": "2021-12 (Q4)",
      "revenue": 1706378000,
      "gross_profit": 795943000,
      "operating_income": 249725000,
      "net_income": 123274000,
      "opex": 1456653000,
      "cogs": 910435000,
      "rd": null,
      "sga": null,
      "fcf": 892105000,
      "ocf": 892105000,
      "capex": null,
      "gross_margin": 0.46645174750260493,
      "op_margin": 0.1463479955789397,
      "fcf_margin": 0.5228062012051257,
      "incr_op_margin_yoy": 0.14845040523537392,
      "rev_growth_yoy": 0.09095430962557101,
      "op_leverage_ratio": 0.40798744169073436,
      "fcf_margin_change": 0.12598461350329615
    },
    {
      "date": "2022-03-31T00:00:00",
      "quarter_label": "2022-03 (Q1)",
      "revenue": 1734447000,
      "gross_profit": 818572000,
      "operating_income": 267316000,
      "net_income": 147453000,
      "opex": 1467131000,
      "cogs": 915875000,
      "rd": null,
      "sga": null,
      "fcf": 581123000,
      "ocf": 581123000,
      "capex": null,
      "gross_margin": 0.47194984914500127,
      "op_margin": 0.15412174600895848,
      "fcf_margin": 0.33504800089019726,
      "incr_op_margin_yoy": -0.2192899416835883,
      "rev_growth_yoy": 0.08670266355233876,
      "rev_growth_yoy_accel": -0.004251646073232251,
      "op_leverage_ratio": 2.286806462311008,
      "fcf_margin_change": -0.1877582003149284
    },
    {
      "date": "2022-06-30T00:00:00",
      "quarter_label": "2022-06 (Q2)",
      "revenue": 1817154000,
      "gross_profit": 886897000,
      "operating_income": 317853000,
      "net_income": 216322000,
      "opex": 1499301000,
      "cogs": 930257000,
      "rd": null,
      "sga": null,
      "fcf": 801581000,
      "ocf": 801581000,
      "capex": null,
      "gross_margin": 0.4880692555501625,
      "op_margin": 0.17491803116301646,
      "fcf_margin": 0.4411189145223795,
      "incr_op_margin_yoy": 0.24617075391716645,
      "rev_growth_yoy": 0.09604510232405805,
      "rev_growth_yoy_accel": 0.009342438771719294,
      "op_leverage_ratio": 2.1746985624133375,
      "fcf_margin_change": 0.10607091363218224
    },
    {
      "date": "2022-09-30T00:00:00",
      "quarter_label": "2022-09 (Q3)",
      "revenue": 1840659000,
      "gross_profit": 905990000,
      "operating_income": 333159000,
      "net_income": 211807000,
      "opex": 1507500000,
      "cogs": 934669000,
      "rd": null,
      "sga": null,
      "fcf": 820289000,
      "ocf": 820289000,
      "capex": null,
      "gross_margin": 0.49220958363281847,
      "op_margin": 0.18099984842385256,
      "fcf_margin": 0.44564962874709546,
      "incr_op_margin_yoy": 0.30841838738722405,
      "rev_growth_yoy": 0.09878544105216407,
      "rev_growth_yoy_accel": 0.002740338728106015,
      "op_leverage_ratio": 2.3653557357620807,
      "fcf_margin_change": 0.004530714224715959
    },
    {
      "date": "2022-12-31T00:00:00",
      "quarter_label": "2022-12 (Q4)",
      "revenue": 1870845000,
      "gross_profit": 900145000,
      "operating_income": 282200000,
      "net_income": 128763000,
      "opex": 1588645000,
      "cogs": 970700000,
      "rd": null,
      "sga": null,
      "fcf": 760007000,
      "ocf": 760007000,
      "capex": null,
      "gross_margin": 0.4811435474344481,
      "op_margin": 0.15084093016791877,
      "fcf_margin": 0.4062372884979782,
      "incr_op_margin_yoy": 0.19745602461284026,
      "rev_growth_yoy": 0.0963836852092561,
      "rev_growth_yoy_accel": -0.002401755842907971,
      "op_leverage_ratio": 0.30466866196903797,
      "fcf_margin_change": -0.03941234024911727
    },
    {
      "date": "2023-03-31T00:00:00",
      "quarter_label": "2023-03 (Q1)",
      "revenue": 1998209000,
      "gross_profit": 992118000,
      "operating_income": 384121000,
      "net_income": 258786000,
      "opex": 1614088000,
      "cogs": 1006091000,
      "rd": null,
      "sga": null,
      "fcf": 692000000,
      "ocf": 692000000,
      "capex": null,
      "gross_margin": 0.49650361899080625,
      "op_margin": 0.1922326443330002,
      "fcf_margin": 0.3463101207130986,
      "incr_op_margin_yoy": 0.44284241096139704,
      "rev_growth_yoy": 0.15207267791982113,
      "rev_growth_yoy_accel": 0.05568899271056503,
      "op_leverage_ratio": 4.250768217981103,
      "fcf_margin_change": -0.05992716778487961
    },
    {
      "date": "2023-06-30T00:00:00",
      "quarter_label": "2023-06 (Q2)",
      "revenue": 2018408000,
      "gross_profit": 957608000,
      "operating_income": 332386000,
      "net_income": 207030000,
      "opex": 1686022000,
      "cogs": 1060800000,
      "rd": null,
      "sga": null,
      "fcf": 741000000,
      "ocf": 741000000,
      "capex": null,
      "gross_margin": 0.47443727928149315,
      "op_margin": 0.1646773100384065,
      "fcf_margin": 0.367121018148957,
      "incr_op_margin_yoy": 0.07221222932215011,
      "rev_growth_yoy": 0.1107523082798706,
      "rev_growth_yoy_accel": -0.04132036963995052,
      "op_leverage_ratio": 0.22682031886337103,
      "fcf_margin_change": 0.0208108974358584
    },
    {
      "date": "2023-09-30T00:00:00",
      "quarter_label": "2023-09 (Q3)",
      "revenue": 2061030000,
      "gross_profit": 992039000,
      "operating_income": 380351000,
      "net_income": 275794000,
      "opex": 1680679000,
      "cogs": 1068991000,
      "rd": null,
      "sga": null,
      "fcf": 785000000,
      "ocf": 785000000,
      "capex": null,
      "gross_margin": 0.4813316642649549,
      "op_margin": 0.18454413569914072,
      "fcf_margin": 0.38087752240384665,
      "incr_op_margin_yoy": 0.21414795957725835,
      "rev_growth_yoy": 0.1197239684265255,
      "rev_growth_yoy_accel": 0.008971660146654889,
      "op_leverage_ratio": Infinity,
      "fcf_margin_change": 0.013756504254889668
    },
    {
      "date": "2023-12-31T00:00:00",
      "quarter_label": "2023-12 (Q4)",
      "revenue": 2110489000,
      "gross_profit": 1018713000,
      "operating_income": 346416000,
      "net_income": 227568000,
      "opex": 1764073000,
      "cogs": 1091776000,
      "rd": null,
      "sga": null,
      "fcf": 999000000,
      "ocf": 999000000,
      "capex": null,
      "gross_margin": 0.48269050442812067,
      "op_margin": 0.16414015898685091,
      "fcf_margin": 0.47335001509128927,
      "incr_op_margin_yoy": 0.2679641468177797,
      "rev_growth_yoy": 0.12809398961431867,
      "rev_growth_yoy_accel": 0.008370021187793175,
      "op_leverage_ratio": 0.48362749829071877,
      "fcf_margin_change": 0.09247249268744262
    },
    {
      "date": "2024-03-31T00:00:00",
      "quarter_label": "2024-03 (Q1)",
      "revenue": 2127000000,
      "gross_profit": 1036000000,
      "operating_income": 364000000,
      "net_income": 231000000,
      "opex": 1763000000,
      "cogs": 1091000000,
      "rd": null,
      "sga": null,
      "fcf": 598000000,
      "ocf": 598000000,
      "capex": null,
      "gross_margin": 0.48707099200752235,
      "op_margin": 0.17113305124588624,
      "fcf_margin": 0.28114715561824166,
      "incr_op_margin_yoy": -0.15622986078219753,
      "rev_growth_yoy": 0.06445321785659058,
      "rev_growth_yoy_accel": -0.06364077175772809,
      "fcf_margin_change": -0.1922028594730476
    },
    {
      "date": "2024-06-30T00:00:00",
      "quarter_label": "2024-06 (Q2)",
      "revenue": 2159000000,
      "gross_profit": 1077000000,
      "operating_income": 436000000,
      "net_income": 301000000,
      "opex": 1723000000,
      "cogs": 1082000000,
      "rd": null,
      "sga": null,
      "fcf": 912000000,
      "ocf": 912000000,
      "capex": null,
      "gross_margin": 0.4988420565076424,
      "op_margin": 0.20194534506716072,
      "fcf_margin": 0.4224177860120426,
      "incr_op_margin_yoy": 0.7369836121543188,
      "rev_growth_yoy": 0.06965489633414057,
      "rev_growth_yoy_accel": 0.005201678477549987,
      "op_leverage_ratio": Infinity,
      "fcf_margin_change": 0.14127063039380094
    },
    {
      "date": "2024-09-30T00:00:00",
      "quarter_label": "2024-09 (Q3)",
      "revenue": 2201000000,
      "gross_profit": 1103000000,
      "operating_income": 425000000,
      "net_income": 297000000,
      "opex": 1776000000,
      "cogs": 1098000000,
      "rd": null,
      "sga": null,
      "fcf": 758000000,
      "ocf": 758000000,
      "capex": null,
      "gross_margin": 0.5011358473421172,
      "op_margin": 0.1930940481599273,
      "fcf_margin": 0.34438891412994094,
      "incr_op_margin_yoy": 0.3189897835250411,
      "rev_growth_yoy": 0.0679126456189381,
      "rev_growth_yoy_accel": -0.0017422507152024674,
      "op_leverage_ratio": 0.6324206699467783,
      "fcf_margin_change": -0.07802887188210167
    },
    {
      "date": "2024-12-31T00:00:00",
      "quarter_label": "2024-12 (Q4)",
      "revenue": 2261000000,
      "gross_profit": 1065000000,
      "operating_income": 103000000,
      "net_income": -14000000,
      "opex": 2158000000,
      "cogs": 1196000000,
      "rd": null,
      "sga": null,
      "fcf": 981000000,
      "ocf": 981000000,
      "capex": null,
      "gross_margin": 0.47103051747014596,
      "op_margin": 0.04555506413091552,
      "fcf_margin": 0.43387881468376827,
      "incr_op_margin_yoy": -1.6172638544691085,
      "rev_growth_yoy": 0.07131569982122626,
      "rev_growth_yoy_accel": 0.003403054202288161,
      "op_leverage_ratio": 0.12673915473927844,
      "fcf_margin_change": 0.08948990055382733
    },
    {
      "date": "2025-03-31T00:00:00",
      "quarter_label": "2025-03 (Q1)",
      "revenue": 2225000000,
      "gross_profit": 1141000000,
      "operating_income": 458000000,
      "net_income": 343000000,
      "opex": 1767000000,
      "cogs": 1084000000,
      "rd": null,
      "sga": null,
      "fcf": 809000000,
      "ocf": 809000000,
      "capex": null,
      "gross_margin": 0.5128089887640449,
      "op_margin": 0.20584269662921348,
      "fcf_margin": 0.36359550561797754,
      "incr_op_margin_yoy": 0.9591836734693877,
      "rev_growth_yoy": 0.0460742830277386,
      "rev_growth_yoy_accel": -0.025241416793487667,
      "fcf_margin_change": -0.07028330906579072
    },
    {
      "date": "2025-06-30T00:00:00",
      "quarter_label": "2025-06 (Q2)",
      "revenue": 2256000000,
      "gross_profit": 1172000000,
      "operating_income": 494000000,
      "net_income": 368000000,
      "opex": 1762000000,
      "cogs": 1084000000,
      "rd": null,
      "sga": null,
      "fcf": 944000000,
      "ocf": 944000000,
      "capex": null,
      "gross_margin": 0.5195035460992907,
      "op_margin": 0.21897163120567376,
      "fcf_margin": 0.41843971631205673,
      "incr_op_margin_yoy": 0.5979381443298969,
      "rev_growth_yoy": 0.04492820750347383,
      "rev_growth_yoy_accel": -0.0011460755242647669,
      "op_leverage_ratio": Infinity,
      "fcf_margin_change": 0.05484421069407919
    },
    {
      "date": "2025-09-30T00:00:00",
      "quarter_label": "2025-09 (Q3)",
      "revenue": 2316000000,
      "gross_profit": 1174000000,
      "operating_income": 474000000,
      "net_income": 374000000,
      "opex": 1842000000,
      "cogs": 1142000000,
      "rd": null,
      "sga": null,
      "fcf": 1014000000,
      "ocf": 1014000000,
      "capex": null,
      "gross_margin": 0.5069084628670121,
      "op_margin": 0.20466321243523317,
      "fcf_margin": 0.4378238341968912,
      "incr_op_margin_yoy": 0.4260869565217391,
      "rev_growth_yoy": 0.052248977737392094,
      "rev_growth_yoy_accel": 0.007320770233918264,
      "op_leverage_ratio": 0.5857712765957447,
      "fcf_margin_change": 0.019384117884834462
    }
  ],
  "signals": [
    {
      "quarter": "2025-09 (Q3)",
      "signal": "INCREMENTAL MARGIN (YoY)",
      "detail": "YoY Incr OPM: +42.6% vs year-ago OPM: +19.3%",
      "severity": "HIGH"
    },
    {
      "quarter": "2025-06 (Q2)",
      "signal": "FCF MARGIN EXPANSION",
      "detail": "FCF margin: +36.4% -> +41.8% (+5.5%)",
      "severity": "MEDIUM"
    },
    {
      "quarter": "2025-06 (Q2)",
      "signal": "INCREMENTAL MARGIN (YoY)",
      "detail": "YoY Incr OPM: +59.8% vs year-ago OPM: +20.2%",
      "severity": "HIGH"
    },
    {
      "quarter": "2025-03 (Q1)",
      "signal": "GROSS MARGIN INFLECTION",
      "detail": "GM: +50.1% -> +47.1% -> +51.3% (reversal +4.2%)",
      "severity": "MEDIUM"
    },
    {
      "quarter": "2025-03 (Q1)",
      "signal": "INCREMENTAL MARGIN (YoY)",
      "detail": "YoY Incr OPM: +95.9% vs year-ago OPM: +17.1%",
      "severity": "HIGH"
    },
    {
      "quarter": "2024-12 (Q4)",
      "signal": "FCF MARGIN EXPANSION",
      "detail": "FCF margin: +34.4% -> +43.4% (+8.9%)",
      "severity": "MEDIUM"
    },
    {
      "quarter": "2024-09 (Q3)",
      "signal": "INCREMENTAL MARGIN (YoY)",
      "detail": "YoY Incr OPM: +31.9% vs year-ago OPM: +18.5%",
      "severity": "MEDIUM"
    },
    {
      "quarter": "2024-06 (Q2)",
      "signal": "FCF MARGIN EXPANSION",
      "detail": "FCF margin: +28.1% -> +42.2% (+14.1%)",
      "severity": "MEDIUM"
    },
    {
      "quarter": "2024-06 (Q2)",
      "signal": "INCREMENTAL MARGIN (YoY)",
      "detail": "YoY Incr OPM: +73.7% vs year-ago OPM: +16.5%",
      "severity": "HIGH"
    },
    {
      "quarter": "2024-03 (Q1)",
      "signal": "YoY REVENUE GROWTH DECELERATION",
      "detail": "YoY growth: +6.4% vs prior quarter YoY: +12.8% (decel: -6.4%)",
      "severity": "WARNING"
    },
    {
      "quarter": "2023-12 (Q4)",
      "signal": "FCF MARGIN EXPANSION",
      "detail": "FCF margin: +38.1% -> +47.3% (+9.2%)",
      "severity": "MEDIUM"
    },
    {
      "quarter": "2023-12 (Q4)",
      "signal": "INCREMENTAL MARGIN (YoY)",
      "detail": "YoY Incr OPM: +26.8% vs year-ago OPM: +15.1%",
      "severity": "MEDIUM"
    },
    {
      "quarter": "2023-03 (Q1)",
      "signal": "OPERATING LEVERAGE",
      "detail": "Rev growth +6.8% vs OpEx growth +1.6% (leverage: 4.3x)",
      "severity": "MEDIUM"
    },
    {
      "quarter": "2023-03 (Q1)",
      "signal": "YoY REVENUE GROWTH ACCELERATION",
      "detail": "YoY growth: +15.2% vs prior quarter YoY: +9.6% (accel: +5.6%)",
      "severity": "MEDIUM"
    },
    {
      "quarter": "2023-03 (Q1)",
      "signal": "INCREMENTAL MARGIN (YoY)",
      "detail": "YoY Incr OPM: +44.3% vs year-ago OPM: +15.4%",
      "severity": "HIGH"
    },
    {
      "quarter": "2022-09 (Q3)",
      "signal": "OPERATING LEVERAGE",
      "detail": "Rev growth +1.3% vs OpEx growth +0.5% (leverage: 2.4x)",
      "severity": "MEDIUM"
    },
    {
      "quarter": "2022-09 (Q3)",
      "signal": "INCREMENTAL MARGIN (YoY)",
      "detail": "YoY Incr OPM: +30.8% vs year-ago OPM: +16.8%",
      "severity": "MEDIUM"
    },
    {
      "quarter": "2022-06 (Q2)",
      "signal": "FCF MARGIN EXPANSION",
      "detail": "FCF margin: +33.5% -> +44.1% (+10.6%)",
      "severity": "MEDIUM"
    },
    {
      "quarter": "2022-06 (Q2)",
      "signal": "OPERATING LEVERAGE",
      "detail": "Rev growth +4.8% vs OpEx growth +2.2% (leverage: 2.2x)",
      "severity": "MEDIUM"
    },
    {
      "quarter": "2022-03 (Q1)",
      "signal": "OPERATING LEVERAGE",
      "detail": "Rev growth +1.6% vs OpEx growth +0.7% (leverage: 2.3x)",
      "severity": "MEDIUM"
    },
    {
      "quarter": "2021-12 (Q4)",
      "signal": "FCF MARGIN EXPANSION",
      "detail": "FCF margin: +39.7% -> +52.3% (+12.6%)",
      "severity": "MEDIUM"
    },
    {
      "quarter": "2021-06 (Q2)",
      "signal": "FCF MARGIN EXPANSION",
      "detail": "FCF margin: +24.5% -> +36.1% (+11.6%)",
      "severity": "MEDIUM"
    }
  ],
  "data_quality": {
    "n_quarters": 20,
    "coverage": {
      "revenue": [
        20,
        20
      ],
      "gross_profit": [
        20,
        20
      ],
      "op_income": [
        20,
        20
      ],
      "fcf": [
        20,
        20
      ]
    },
    "gaps": [],
    "warnings": []
  },
  "market_cap": null,
  "source": "SEC EDGAR",
  "last_updated": "2026-02-02T19:53:33.447164"
}