{
  "ticker": "EQR",
  "name": "EQUITY RESIDENTIAL",
  "quarters": [
    {
      "date": "2015-06-30T00:00:00",
      "quarter_label": "2015-06 (Q2)",
      "revenue": 679112000,
      "gross_profit": null,
      "operating_income": null,
      "net_income": null,
      "opex": null,
      "cogs": null,
      "rd": null,
      "sga": null,
      "fcf": null,
      "ocf": null,
      "capex": null,
      "gross_margin": null,
      "op_margin": null,
      "fcf_margin": null
    },
    {
      "date": "2015-09-30T00:00:00",
      "quarter_label": "2015-09 (Q3)",
      "revenue": 696289000,
      "gross_profit": null,
      "operating_income": null,
      "net_income": null,
      "opex": null,
      "cogs": null,
      "rd": null,
      "sga": null,
      "fcf": null,
      "ocf": null,
      "capex": null,
      "gross_margin": null,
      "op_margin": null,
      "fcf_margin": null
    },
    {
      "date": "2015-12-31T00:00:00",
      "quarter_label": "2015-12 (Q4)",
      "revenue": 703193000,
      "gross_profit": null,
      "operating_income": null,
      "net_income": null,
      "opex": null,
      "cogs": null,
      "rd": null,
      "sga": null,
      "fcf": null,
      "ocf": null,
      "capex": null,
      "gross_margin": null,
      "op_margin": null,
      "fcf_margin": null
    },
    {
      "date": "2016-03-31T00:00:00",
      "quarter_label": "2016-03 (Q1)",
      "revenue": 619083000,
      "gross_profit": null,
      "operating_income": null,
      "net_income": null,
      "opex": null,
      "cogs": null,
      "rd": null,
      "sga": null,
      "fcf": null,
      "ocf": null,
      "capex": null,
      "gross_margin": null,
      "op_margin": null,
      "fcf_margin": null
    },
    {
      "date": "2016-06-30T00:00:00",
      "quarter_label": "2016-06 (Q2)",
      "revenue": 595154000,
      "gross_profit": null,
      "operating_income": null,
      "net_income": null,
      "opex": null,
      "cogs": null,
      "rd": null,
      "sga": null,
      "fcf": null,
      "ocf": null,
      "capex": null,
      "gross_margin": null,
      "op_margin": null,
      "fcf_margin": null,
      "rev_growth_yoy": -0.12362909210851818
    },
    {
      "date": "2016-09-30T00:00:00",
      "quarter_label": "2016-09 (Q3)",
      "revenue": 606074000,
      "gross_profit": null,
      "operating_income": null,
      "net_income": null,
      "opex": null,
      "cogs": null,
      "rd": null,
      "sga": null,
      "fcf": null,
      "ocf": null,
      "capex": null,
      "gross_margin": null,
      "op_margin": null,
      "fcf_margin": null,
      "rev_growth_yoy": -0.12956545342523004,
      "rev_growth_yoy_accel": -0.005936361316711866
    },
    {
      "date": "2016-12-31T00:00:00",
      "quarter_label": "2016-12 (Q4)",
      "revenue": 605489000,
      "gross_profit": null,
      "operating_income": null,
      "net_income": null,
      "opex": null,
      "cogs": null,
      "rd": null,
      "sga": null,
      "fcf": null,
      "ocf": null,
      "capex": null,
      "gross_margin": null,
      "op_margin": null,
      "fcf_margin": null,
      "rev_growth_yoy": -0.13894336263301824,
      "rev_growth_yoy_accel": -0.009377909207788193
    },
    {
      "date": "2017-03-31T00:00:00",
      "quarter_label": "2017-03 (Q1)",
      "revenue": 604100000,
      "gross_profit": null,
      "operating_income": null,
      "net_income": null,
      "opex": null,
      "cogs": null,
      "rd": null,
      "sga": null,
      "fcf": null,
      "ocf": null,
      "capex": null,
      "gross_margin": null,
      "op_margin": null,
      "fcf_margin": null,
      "rev_growth_yoy": -0.02420192445924052,
      "rev_growth_yoy_accel": 0.11474143817377772
    },
    {
      "date": "2017-06-30T00:00:00",
      "quarter_label": "2017-06 (Q2)",
      "revenue": 612480000,
      "gross_profit": null,
      "operating_income": null,
      "net_income": null,
      "opex": null,
      "cogs": null,
      "rd": null,
      "sga": null,
      "fcf": null,
      "ocf": null,
      "capex": null,
      "gross_margin": null,
      "op_margin": null,
      "fcf_margin": null,
      "rev_growth_yoy": 0.029111792914102905,
      "rev_growth_yoy_accel": 0.05331371737334342
    },
    {
      "date": "2017-09-30T00:00:00",
      "quarter_label": "2017-09 (Q3)",
      "revenue": 624122000,
      "gross_profit": null,
      "operating_income": null,
      "net_income": null,
      "opex": null,
      "cogs": null,
      "rd": null,
      "sga": null,
      "fcf": null,
      "ocf": null,
      "capex": null,
      "gross_margin": null,
      "op_margin": null,
      "fcf_margin": null,
      "rev_growth_yoy": 0.029778541894224138,
      "rev_growth_yoy_accel": 0.0006667489801212324
    },
    {
      "date": "2017-12-31T00:00:00",
      "quarter_label": "2017-12 (Q4)",
      "revenue": 630704000,
      "gross_profit": null,
      "operating_income": null,
      "net_income": null,
      "opex": null,
      "cogs": null,
      "rd": null,
      "sga": null,
      "fcf": null,
      "ocf": null,
      "capex": null,
      "gross_margin": null,
      "op_margin": null,
      "fcf_margin": null,
      "rev_growth_yoy": 0.041644026563653506,
      "rev_growth_yoy_accel": 0.011865484669429369
    },
    {
      "date": "2018-03-31T00:00:00",
      "quarter_label": "2018-03 (Q1)",
      "revenue": 633016000,
      "gross_profit": null,
      "operating_income": null,
      "net_income": null,
      "opex": null,
      "cogs": null,
      "rd": null,
      "sga": null,
      "fcf": null,
      "ocf": null,
      "capex": null,
      "gross_margin": null,
      "op_margin": null,
      "fcf_margin": null,
      "rev_growth_yoy": 0.04786624731004801,
      "rev_growth_yoy_accel": 0.006222220746394502
    },
    {
      "date": "2018-06-30T00:00:00",
      "quarter_label": "2018-06 (Q2)",
      "revenue": 639808000,
      "gross_profit": null,
      "operating_income": null,
      "net_income": null,
      "opex": null,
      "cogs": null,
      "rd": null,
      "sga": null,
      "fcf": null,
      "ocf": null,
      "capex": null,
      "gross_margin": null,
      "op_margin": null,
      "fcf_margin": null,
      "rev_growth_yoy": 0.04461859979101358,
      "rev_growth_yoy_accel": -0.003247647519034426
    },
    {
      "date": "2018-09-30T00:00:00",
      "quarter_label": "2018-09 (Q3)",
      "revenue": 652867000,
      "gross_profit": null,
      "operating_income": null,
      "net_income": null,
      "opex": null,
      "cogs": null,
      "rd": null,
      "sga": null,
      "fcf": null,
      "ocf": null,
      "capex": null,
      "gross_margin": null,
      "op_margin": null,
      "fcf_margin": null,
      "rev_growth_yoy": 0.04605670045279609,
      "rev_growth_yoy_accel": 0.0014381006617825084
    },
    {
      "date": "2018-12-31T00:00:00",
      "quarter_label": "2018-12 (Q4)",
      "revenue": 652743000,
      "gross_profit": null,
      "operating_income": null,
      "net_income": null,
      "opex": null,
      "cogs": null,
      "rd": null,
      "sga": null,
      "fcf": null,
      "ocf": null,
      "capex": null,
      "gross_margin": null,
      "op_margin": null,
      "fcf_margin": null,
      "rev_growth_yoy": 0.034943491717192215,
      "rev_growth_yoy_accel": -0.011113208735603876
    },
    {
      "date": "2019-03-31T00:00:00",
      "quarter_label": "2019-03 (Q1)",
      "revenue": 662494000,
      "gross_profit": null,
      "operating_income": 209969000,
      "net_income": null,
      "opex": null,
      "cogs": null,
      "rd": null,
      "sga": null,
      "fcf": null,
      "ocf": null,
      "capex": null,
      "gross_margin": null,
      "op_margin": 0.31693720999737357,
      "fcf_margin": null,
      "rev_growth_yoy": 0.04656754331644066,
      "rev_growth_yoy_accel": 0.011624051599248446
    },
    {
      "date": "2019-06-30T00:00:00",
      "quarter_label": "2019-06 (Q2)",
      "revenue": 669517000,
      "gross_profit": null,
      "operating_income": 369260000,
      "net_income": null,
      "opex": null,
      "cogs": null,
      "rd": null,
      "sga": null,
      "fcf": null,
      "ocf": null,
      "capex": null,
      "gross_margin": null,
      "op_margin": 0.5515319252535783,
      "fcf_margin": null,
      "rev_growth_yoy": 0.04643424277283185,
      "rev_growth_yoy_accel": -0.0001333005436088136
    },
    {
      "date": "2019-09-30T00:00:00",
      "quarter_label": "2019-09 (Q3)",
      "revenue": 685145000,
      "gross_profit": null,
      "operating_income": 368363000,
      "net_income": null,
      "opex": null,
      "cogs": null,
      "rd": null,
      "sga": null,
      "fcf": null,
      "ocf": null,
      "capex": null,
      "gross_margin": null,
      "op_margin": 0.5376423968648972,
      "fcf_margin": null,
      "rev_growth_yoy": 0.049440391381399273,
      "rev_growth_yoy_accel": 0.0030061486085674258
    },
    {
      "date": "2019-12-31T00:00:00",
      "quarter_label": "2019-12 (Q4)",
      "revenue": 683919000,
      "gross_profit": null,
      "operating_income": 408952000,
      "net_income": null,
      "opex": null,
      "cogs": null,
      "rd": null,
      "sga": null,
      "fcf": null,
      "ocf": null,
      "capex": null,
      "gross_margin": null,
      "op_margin": 0.5979538512601639,
      "fcf_margin": null,
      "rev_growth_yoy": 0.047761523294772984,
      "rev_growth_yoy_accel": -0.0016788680866262895
    },
    {
      "date": "2020-03-31T00:00:00",
      "quarter_label": "2020-03 (Q1)",
      "revenue": 682329000,
      "gross_profit": null,
      "operating_income": 422109000,
      "net_income": null,
      "opex": null,
      "cogs": null,
      "rd": null,
      "sga": null,
      "fcf": null,
      "ocf": null,
      "capex": null,
      "gross_margin": null,
      "op_margin": 0.6186297226118193,
      "fcf_margin": null,
      "incr_op_margin_yoy": 10.695235694479456,
      "rev_growth_yoy": 0.02993989379526456,
      "rev_growth_yoy_accel": -0.017821629499508423
    }
  ],
  "signals": [
    {
      "quarter": "2020-03 (Q1)",
      "signal": "INCREMENTAL MARGIN (YoY)",
      "detail": "YoY Incr OPM: +1069.5% vs year-ago OPM: +31.7%",
      "severity": "HIGH"
    },
    {
      "quarter": "2017-06 (Q2)",
      "signal": "YoY REVENUE GROWTH ACCELERATION",
      "detail": "YoY growth: +2.9% vs prior quarter YoY: -2.4% (accel: +5.3%)",
      "severity": "MEDIUM"
    },
    {
      "quarter": "2017-03 (Q1)",
      "signal": "YoY REVENUE GROWTH ACCELERATION",
      "detail": "YoY growth: -2.4% vs prior quarter YoY: -13.9% (accel: +11.5%)",
      "severity": "MEDIUM"
    }
  ],
  "data_quality": {
    "n_quarters": 20,
    "coverage": {
      "revenue": [
        20,
        20
      ],
      "gross_profit": [
        0,
        20
      ],
      "op_income": [
        5,
        20
      ],
      "fcf": [
        0,
        20
      ]
    },
    "gaps": [],
    "warnings": [
      "gross_profit: no data",
      "op_income: 5/20Q",
      "fcf: no data"
    ]
  },
  "market_cap": null,
  "source": "SEC EDGAR",
  "last_updated": "2026-02-02T20:14:02.463389"
}