{
  "ticker": "ERIE",
  "name": "ERIE INDEMNITY COMPANY",
  "sector": "Financial Services",
  "industry": "Insurance Brokers",
  "quarters": [
    {
      "date": "2021-03-31T00:00:00",
      "quarter_label": "2021-03 (Q1)",
      "revenue": 630177000,
      "gross_profit": null,
      "operating_income": 76095000,
      "net_income": 73566000,
      "opex": 554082000,
      "cogs": null,
      "rd": null,
      "sga": null,
      "fcf": 33482000,
      "ocf": 33482000,
      "capex": null,
      "gross_margin": null,
      "op_margin": 0.1207517887831514,
      "fcf_margin": 0.053131104435737896
    },
    {
      "date": "2021-06-30T00:00:00",
      "quarter_label": "2021-06 (Q2)",
      "revenue": 680030000,
      "gross_profit": null,
      "operating_income": 85065000,
      "net_income": 79029000,
      "opex": 594965000,
      "cogs": null,
      "rd": null,
      "sga": null,
      "fcf": 94238000,
      "ocf": 94238000,
      "capex": null,
      "gross_margin": null,
      "op_margin": 0.12509006955575488,
      "fcf_margin": 0.13857918033027955,
      "op_leverage_ratio": 1.07216107119814,
      "fcf_margin_change": 0.08544807589454165
    },
    {
      "date": "2021-09-30T00:00:00",
      "quarter_label": "2021-09 (Q3)",
      "revenue": 687839000,
      "gross_profit": null,
      "operating_income": 95103000,
      "net_income": 90223000,
      "opex": 592736000,
      "cogs": null,
      "rd": null,
      "sga": null,
      "fcf": 136318000,
      "ocf": 136318000,
      "capex": null,
      "gross_margin": null,
      "op_margin": 0.13826345990849603,
      "fcf_margin": 0.1981830050346084,
      "op_leverage_ratio": null,
      "fcf_margin_change": 0.059603824704328845
    },
    {
      "date": "2021-12-31T00:00:00",
      "quarter_label": "2021-12 (Q4)",
      "revenue": 635931000,
      "gross_profit": null,
      "operating_income": 61834000,
      "net_income": 55042000,
      "opex": 574097000,
      "cogs": null,
      "rd": null,
      "sga": null,
      "fcf": 138756000,
      "ocf": 138756000,
      "capex": null,
      "gross_margin": null,
      "op_margin": 0.09723381939235547,
      "fcf_margin": 0.21819348325525884,
      "fcf_margin_change": 0.02001047822065044
    },
    {
      "date": "2022-03-31T00:00:00",
      "quarter_label": "2022-03 (Q1)",
      "revenue": 672110000,
      "gross_profit": null,
      "operating_income": 84312000,
      "net_income": 68619000,
      "opex": 587798000,
      "cogs": null,
      "rd": null,
      "sga": null,
      "fcf": 23553000,
      "ocf": 23553000,
      "capex": null,
      "gross_margin": null,
      "op_margin": 0.12544375176682387,
      "fcf_margin": 0.035043370876791,
      "incr_op_margin_yoy": 0.19595545274604725,
      "rev_growth_yoy": 0.06654162243306246,
      "op_leverage_ratio": 2.383853561652724,
      "fcf_margin_change": -0.18315011237846784
    },
    {
      "date": "2022-06-30T00:00:00",
      "quarter_label": "2022-06 (Q2)",
      "revenue": 726143000,
      "gross_profit": null,
      "operating_income": 104000000,
      "net_income": 80147000,
      "opex": 622143000,
      "cogs": null,
      "rd": null,
      "sga": null,
      "fcf": 82721000,
      "ocf": 82721000,
      "capex": null,
      "gross_margin": null,
      "op_margin": 0.1432224782171005,
      "fcf_margin": 0.11391833289035355,
      "incr_op_margin_yoy": 0.4106217335675406,
      "rev_growth_yoy": 0.06781024366572062,
      "rev_growth_yoy_accel": 0.001268621232658168,
      "op_leverage_ratio": 1.3758887104610047,
      "fcf_margin_change": 0.07887496201356256
    },
    {
      "date": "2022-09-30T00:00:00",
      "quarter_label": "2022-09 (Q3)",
      "revenue": 741236000,
      "gross_profit": null,
      "operating_income": 106472000,
      "net_income": 84313000,
      "opex": 634764000,
      "cogs": null,
      "rd": null,
      "sga": null,
      "fcf": 131834000,
      "ocf": 131834000,
      "capex": null,
      "gross_margin": null,
      "op_margin": 0.14364116151940812,
      "fcf_margin": 0.17785698481994938,
      "incr_op_margin_yoy": 0.21291458321628556,
      "rev_growth_yoy": 0.07763008494720422,
      "rev_growth_yoy_accel": 0.009819841281483596,
      "op_leverage_ratio": 1.0245894252649792,
      "fcf_margin_change": 0.06393865192959583
    },
    {
      "date": "2022-12-31T00:00:00",
      "quarter_label": "2022-12 (Q4)",
      "revenue": 700635000,
      "gross_profit": null,
      "operating_income": 81430000,
      "net_income": 65490000,
      "opex": 619205000,
      "cogs": null,
      "rd": null,
      "sga": null,
      "fcf": 128044000,
      "ocf": 128044000,
      "capex": null,
      "gross_margin": null,
      "op_margin": 0.11622314043688939,
      "fcf_margin": 0.1827542158185075,
      "incr_op_margin_yoy": 0.3028560830860534,
      "rev_growth_yoy": 0.10174688763403576,
      "rev_growth_yoy_accel": 0.024116802686831543,
      "fcf_margin_change": 0.0048972309985581275
    },
    {
      "date": "2023-03-31T00:00:00",
      "quarter_label": "2023-03 (Q1)",
      "revenue": 752465000,
      "gross_profit": null,
      "operating_income": 110543000,
      "net_income": 86241000,
      "opex": 641922000,
      "cogs": null,
      "rd": null,
      "sga": null,
      "fcf": 48031000,
      "ocf": 48031000,
      "capex": null,
      "gross_margin": null,
      "op_margin": 0.14690782960004783,
      "fcf_margin": 0.06383154033742433,
      "incr_op_margin_yoy": 0.3264389272602825,
      "rev_growth_yoy": 0.11955632262576066,
      "rev_growth_yoy_accel": 0.017809434991724896,
      "op_leverage_ratio": 2.01638220852912,
      "fcf_margin_change": -0.11892267548108318
    },
    {
      "date": "2023-06-30T00:00:00",
      "quarter_label": "2023-06 (Q2)",
      "revenue": 839870000,
      "gross_profit": null,
      "operating_income": 134158000,
      "net_income": 117852000,
      "opex": 705712000,
      "cogs": null,
      "rd": null,
      "sga": null,
      "fcf": 131976000,
      "ocf": 131976000,
      "capex": null,
      "gross_margin": null,
      "op_margin": 0.15973662590639026,
      "fcf_margin": 0.15713860478407374,
      "incr_op_margin_yoy": 0.2651788933146922,
      "rev_growth_yoy": 0.15661791134804026,
      "rev_growth_yoy_accel": 0.037061588722279604,
      "op_leverage_ratio": 1.168906116222101,
      "fcf_margin_change": 0.09330706444664941
    },
    {
      "date": "2023-09-30T00:00:00",
      "quarter_label": "2023-09 (Q3)",
      "revenue": 858938000,
      "gross_profit": null,
      "operating_income": 148471000,
      "net_income": 131040000,
      "opex": 710467000,
      "cogs": null,
      "rd": null,
      "sga": null,
      "fcf": 52762000,
      "ocf": 52762000,
      "capex": null,
      "gross_margin": null,
      "op_margin": 0.17285415245337848,
      "fcf_margin": 0.06142701801527002,
      "incr_op_margin_yoy": 0.3568248627890775,
      "rev_growth_yoy": 0.15879153198171703,
      "rev_growth_yoy_accel": 0.002173620633676765,
      "op_leverage_ratio": 3.369535650308507,
      "fcf_margin_change": -0.09571158676880372
    },
    {
      "date": "2023-12-31T00:00:00",
      "quarter_label": "2023-12 (Q4)",
      "revenue": 817667000,
      "gross_profit": null,
      "operating_income": 127084000,
      "net_income": 110928000,
      "opex": 690583000,
      "cogs": null,
      "rd": null,
      "sga": null,
      "fcf": 148436000,
      "ocf": 148436000,
      "capex": null,
      "gross_margin": null,
      "op_margin": 0.15542268429568518,
      "fcf_margin": 0.18153600426579525,
      "incr_op_margin_yoy": 0.39009843461617333,
      "rev_growth_yoy": 0.16703704496635194,
      "rev_growth_yoy_accel": 0.008245512984634912,
      "fcf_margin_change": 0.12010898625052523
    },
    {
      "date": "2024-03-31T00:00:00",
      "quarter_label": "2024-03 (Q1)",
      "revenue": 880701000,
      "gross_profit": null,
      "operating_income": 138812000,
      "net_income": 124552000,
      "opex": 741889000,
      "cogs": null,
      "rd": null,
      "sga": null,
      "fcf": 87193000,
      "ocf": 87193000,
      "capex": null,
      "gross_margin": null,
      "op_margin": 0.15761535413267386,
      "fcf_margin": 0.0990040887883629,
      "incr_op_margin_yoy": 0.22044511681587073,
      "rev_growth_yoy": 0.17042121560471252,
      "rev_growth_yoy_accel": 0.0033841706383605785,
      "op_leverage_ratio": 1.0376386098722523,
      "fcf_margin_change": -0.08253191547743234
    },
    {
      "date": "2024-06-30T00:00:00",
      "quarter_label": "2024-06 (Q2)",
      "revenue": 990438000,
      "gross_profit": null,
      "operating_income": 190208000,
      "net_income": 163903000,
      "opex": 800230000,
      "cogs": null,
      "rd": null,
      "sga": null,
      "fcf": 131427000,
      "ocf": 131427000,
      "capex": null,
      "gross_margin": null,
      "op_margin": 0.19204432786302625,
      "fcf_margin": 0.13269583759912282,
      "incr_op_margin_yoy": 0.3722570532915361,
      "rev_growth_yoy": 0.17927536404443545,
      "rev_growth_yoy_accel": 0.00885414843972293,
      "op_leverage_ratio": 1.584490562101143,
      "fcf_margin_change": 0.03369174881075991
    },
    {
      "date": "2024-09-30T00:00:00",
      "quarter_label": "2024-09 (Q3)",
      "revenue": 999886000,
      "gross_profit": null,
      "operating_income": 180125000,
      "net_income": 159830000,
      "opex": 819761000,
      "cogs": null,
      "rd": null,
      "sga": null,
      "fcf": 199171000,
      "ocf": 199171000,
      "capex": null,
      "gross_margin": null,
      "op_margin": 0.18014553659117138,
      "fcf_margin": 0.19919370808272144,
      "incr_op_margin_yoy": 0.22457927746402928,
      "rev_growth_yoy": 0.16409566231788558,
      "rev_growth_yoy_accel": -0.015179701726549866,
      "fcf_margin_change": 0.06649787048359862
    },
    {
      "date": "2024-12-31T00:00:00",
      "quarter_label": "2024-12 (Q4)",
      "revenue": 924090000,
      "gross_profit": null,
      "operating_income": 167310000,
      "net_income": 152029000,
      "opex": 756780000,
      "cogs": null,
      "rd": null,
      "sga": null,
      "fcf": 193458000,
      "ocf": 193458000,
      "capex": null,
      "gross_margin": null,
      "op_margin": 0.1810537934616758,
      "fcf_margin": 0.20934973866181866,
      "incr_op_margin_yoy": 0.3779822030951956,
      "rev_growth_yoy": 0.13015445162884157,
      "rev_growth_yoy_accel": -0.033941210689044016,
      "fcf_margin_change": 0.010156030579097225
    },
    {
      "date": "2025-03-31T00:00:00",
      "quarter_label": "2025-03 (Q1)",
      "revenue": 989399000,
      "gross_profit": null,
      "operating_income": 151376000,
      "net_income": 138417000,
      "opex": 838023000,
      "cogs": null,
      "rd": null,
      "sga": null,
      "fcf": 118118000,
      "ocf": 118118000,
      "capex": null,
      "gross_margin": null,
      "op_margin": 0.15299793106724385,
      "fcf_margin": 0.11938358538870567,
      "incr_op_margin_yoy": 0.11558630333584795,
      "rev_growth_yoy": 0.12342213759266765,
      "rev_growth_yoy_accel": -0.006732314036173914,
      "op_leverage_ratio": 0.6583281981562893,
      "fcf_margin_change": -0.089966153273113
    },
    {
      "date": "2025-06-30T00:00:00",
      "quarter_label": "2025-06 (Q2)",
      "revenue": 1060097000,
      "gross_profit": null,
      "operating_income": 199173000,
      "net_income": 174685000,
      "opex": 860924000,
      "cogs": null,
      "rd": null,
      "sga": null,
      "fcf": 177576000,
      "ocf": 177576000,
      "capex": null,
      "gross_margin": null,
      "op_margin": 0.18788186364078005,
      "fcf_margin": 0.1675091996298452,
      "incr_op_margin_yoy": 0.1286983735052183,
      "rev_growth_yoy": 0.07033150989764124,
      "rev_growth_yoy_accel": -0.05309062769502641,
      "op_leverage_ratio": 2.614792029579843,
      "fcf_margin_change": 0.048125614241139536
    },
    {
      "date": "2025-09-30T00:00:00",
      "quarter_label": "2025-09 (Q3)",
      "revenue": 1066739000,
      "gross_profit": null,
      "operating_income": 208921000,
      "net_income": 182853000,
      "opex": 857818000,
      "cogs": null,
      "rd": null,
      "sga": null,
      "fcf": 219406000,
      "ocf": 219406000,
      "capex": null,
      "gross_margin": null,
      "op_margin": 0.19585015641126835,
      "fcf_margin": 0.20567917738078387,
      "incr_op_margin_yoy": 0.43073609262112394,
      "rev_growth_yoy": 0.06686062211092064,
      "rev_growth_yoy_accel": -0.0034708877867205973,
      "fcf_margin_change": 0.038169977750938666
    },
    {
      "date": "2025-12-31T00:00:00",
      "quarter_label": "2025-12 (Q4)",
      "revenue": 951023000,
      "gross_profit": null,
      "operating_income": 157714000,
      "net_income": 63380000,
      "opex": 793309000,
      "cogs": null,
      "rd": null,
      "sga": null,
      "fcf": 171557000,
      "ocf": 171557000,
      "capex": null,
      "gross_margin": null,
      "op_margin": 0.1658361574851502,
      "fcf_margin": 0.18039206202163355,
      "incr_op_margin_yoy": -0.35629153826161214,
      "rev_growth_yoy": 0.029145429557727063,
      "rev_growth_yoy_accel": -0.03771519255319358,
      "fcf_margin_change": -0.02528711535915032
    }
  ],
  "signals": [
    {
      "quarter": "2025-09 (Q3)",
      "signal": "INCREMENTAL MARGIN (YoY)",
      "detail": "YoY Incr OPM: +43.1% vs year-ago OPM: +18.0%",
      "severity": "HIGH"
    },
    {
      "quarter": "2025-06 (Q2)",
      "signal": "OPERATING LEVERAGE",
      "detail": "Rev growth +7.1% vs OpEx growth +2.7% (leverage: 2.6x)",
      "severity": "MEDIUM"
    },
    {
      "quarter": "2025-06 (Q2)",
      "signal": "YoY REVENUE GROWTH DECELERATION",
      "detail": "YoY growth: +7.0% vs prior quarter YoY: +12.3% (decel: -5.3%)",
      "severity": "WARNING"
    },
    {
      "quarter": "2024-12 (Q4)",
      "signal": "INCREMENTAL MARGIN (YoY)",
      "detail": "YoY Incr OPM: +37.8% vs year-ago OPM: +15.5%",
      "severity": "HIGH"
    },
    {
      "quarter": "2024-09 (Q3)",
      "signal": "FCF MARGIN EXPANSION",
      "detail": "FCF margin: +13.3% -> +19.9% (+6.6%)",
      "severity": "MEDIUM"
    },
    {
      "quarter": "2024-06 (Q2)",
      "signal": "OPERATING LEVERAGE",
      "detail": "Rev growth +12.5% vs OpEx growth +7.9% (leverage: 1.6x)",
      "severity": "MEDIUM"
    },
    {
      "quarter": "2024-06 (Q2)",
      "signal": "INCREMENTAL MARGIN (YoY)",
      "detail": "YoY Incr OPM: +37.2% vs year-ago OPM: +16.0%",
      "severity": "HIGH"
    },
    {
      "quarter": "2023-12 (Q4)",
      "signal": "FCF MARGIN EXPANSION",
      "detail": "FCF margin: +6.1% -> +18.2% (+12.0%)",
      "severity": "MEDIUM"
    },
    {
      "quarter": "2023-12 (Q4)",
      "signal": "INCREMENTAL MARGIN (YoY)",
      "detail": "YoY Incr OPM: +39.0% vs year-ago OPM: +11.6%",
      "severity": "HIGH"
    },
    {
      "quarter": "2023-09 (Q3)",
      "signal": "OPERATING LEVERAGE",
      "detail": "Rev growth +2.3% vs OpEx growth +0.7% (leverage: 3.4x)",
      "severity": "MEDIUM"
    },
    {
      "quarter": "2023-09 (Q3)",
      "signal": "INCREMENTAL MARGIN (YoY)",
      "detail": "YoY Incr OPM: +35.7% vs year-ago OPM: +14.4%",
      "severity": "HIGH"
    },
    {
      "quarter": "2023-06 (Q2)",
      "signal": "FCF MARGIN EXPANSION",
      "detail": "FCF margin: +6.4% -> +15.7% (+9.3%)",
      "severity": "MEDIUM"
    },
    {
      "quarter": "2023-06 (Q2)",
      "signal": "INCREMENTAL MARGIN (YoY)",
      "detail": "YoY Incr OPM: +26.5% vs year-ago OPM: +14.3%",
      "severity": "MEDIUM"
    },
    {
      "quarter": "2023-03 (Q1)",
      "signal": "OPERATING LEVERAGE",
      "detail": "Rev growth +7.4% vs OpEx growth +3.7% (leverage: 2.0x)",
      "severity": "MEDIUM"
    },
    {
      "quarter": "2023-03 (Q1)",
      "signal": "INCREMENTAL MARGIN (YoY)",
      "detail": "YoY Incr OPM: +32.6% vs year-ago OPM: +12.5%",
      "severity": "HIGH"
    },
    {
      "quarter": "2022-12 (Q4)",
      "signal": "INCREMENTAL MARGIN (YoY)",
      "detail": "YoY Incr OPM: +30.3% vs year-ago OPM: +9.7%",
      "severity": "HIGH"
    },
    {
      "quarter": "2022-09 (Q3)",
      "signal": "FCF MARGIN EXPANSION",
      "detail": "FCF margin: +11.4% -> +17.8% (+6.4%)",
      "severity": "MEDIUM"
    },
    {
      "quarter": "2022-06 (Q2)",
      "signal": "FCF MARGIN EXPANSION",
      "detail": "FCF margin: +3.5% -> +11.4% (+7.9%)",
      "severity": "MEDIUM"
    },
    {
      "quarter": "2022-06 (Q2)",
      "signal": "INCREMENTAL MARGIN (YoY)",
      "detail": "YoY Incr OPM: +41.1% vs year-ago OPM: +12.5%",
      "severity": "HIGH"
    },
    {
      "quarter": "2022-03 (Q1)",
      "signal": "OPERATING LEVERAGE",
      "detail": "Rev growth +5.7% vs OpEx growth +2.4% (leverage: 2.4x)",
      "severity": "MEDIUM"
    },
    {
      "quarter": "2021-09 (Q3)",
      "signal": "FCF MARGIN EXPANSION",
      "detail": "FCF margin: +13.9% -> +19.8% (+6.0%)",
      "severity": "MEDIUM"
    },
    {
      "quarter": "2021-06 (Q2)",
      "signal": "FCF MARGIN EXPANSION",
      "detail": "FCF margin: +5.3% -> +13.9% (+8.5%)",
      "severity": "MEDIUM"
    }
  ],
  "data_quality": {
    "n_quarters": 20,
    "coverage": {
      "revenue": [
        20,
        20
      ],
      "gross_profit": [
        0,
        20
      ],
      "op_income": [
        20,
        20
      ],
      "fcf": [
        20,
        20
      ]
    },
    "gaps": [],
    "warnings": [
      "gross_profit: no data"
    ]
  },
  "market_cap": null,
  "source": "SEC EDGAR",
  "last_updated": "2026-02-24T10:06:24.173342"
}