{
  "ticker": "ES",
  "name": "EVERSOURCE ENERGY",
  "quarters": [
    {
      "date": "2020-12-31T00:00:00",
      "quarter_label": "2020-12 (Q4)",
      "revenue": 2233933000,
      "gross_profit": null,
      "operating_income": 454728000,
      "net_income": 273803000,
      "opex": 1779205000,
      "cogs": null,
      "rd": null,
      "sga": null,
      "fcf": -655069000,
      "ocf": 186363000,
      "capex": -841432000,
      "gross_margin": null,
      "op_margin": 0.2035548962301018,
      "fcf_margin": -0.293235741626987
    },
    {
      "date": "2021-03-31T00:00:00",
      "quarter_label": "2021-03 (Q1)",
      "revenue": 2825840000,
      "gross_profit": null,
      "operating_income": 585568000,
      "net_income": 368023000,
      "opex": 2240272000,
      "cogs": null,
      "rd": null,
      "sga": null,
      "fcf": -277567000,
      "ocf": 411416000,
      "capex": -688983000,
      "gross_margin": null,
      "op_margin": 0.20721909237607225,
      "fcf_margin": -0.0982245987033944,
      "op_leverage_ratio": 1.0224575431274177,
      "fcf_margin_change": 0.19501114292359262
    },
    {
      "date": "2021-06-30T00:00:00",
      "quarter_label": "2021-06 (Q2)",
      "revenue": 2122538000,
      "gross_profit": null,
      "operating_income": 451605000,
      "net_income": 266400000,
      "opex": 1670933000,
      "cogs": null,
      "rd": null,
      "sga": null,
      "fcf": -338211000,
      "ocf": 396029000,
      "capex": -734240000,
      "gross_margin": null,
      "op_margin": 0.21276650877393008,
      "fcf_margin": -0.15934273025971737,
      "fcf_margin_change": -0.06111813155632298
    },
    {
      "date": "2021-09-30T00:00:00",
      "quarter_label": "2021-09 (Q3)",
      "revenue": 2432794000,
      "gross_profit": null,
      "operating_income": 483331000,
      "net_income": 285046000,
      "opex": 1949463000,
      "cogs": null,
      "rd": null,
      "sga": null,
      "fcf": -75085000,
      "ocf": 712828000,
      "capex": -787913000,
      "gross_margin": null,
      "op_margin": 0.1986732127751055,
      "fcf_margin": -0.03086369006171505,
      "op_leverage_ratio": 0.8769034360888793,
      "fcf_margin_change": 0.12847904019800233
    },
    {
      "date": "2021-12-31T00:00:00",
      "quarter_label": "2021-12 (Q4)",
      "revenue": 2481913000,
      "gross_profit": null,
      "operating_income": 472818000,
      "net_income": 308578000,
      "opex": 2009095000,
      "cogs": null,
      "rd": null,
      "sga": null,
      "fcf": -521617000,
      "ocf": 442327000,
      "capex": -963944000,
      "gross_margin": null,
      "op_margin": 0.19050546896688159,
      "fcf_margin": -0.21016731851599954,
      "incr_op_margin_yoy": 0.07294943140575853,
      "rev_growth_yoy": 0.11100601495210465,
      "op_leverage_ratio": 0.6600545086815734,
      "fcf_margin_change": -0.1793036284542845
    },
    {
      "date": "2022-03-31T00:00:00",
      "quarter_label": "2022-03 (Q1)",
      "revenue": 3471310000,
      "gross_profit": null,
      "operating_income": 663055000,
      "net_income": 445326000,
      "opex": 2808255000,
      "cogs": null,
      "rd": null,
      "sga": null,
      "fcf": -392654000,
      "ocf": 371940000,
      "capex": -764594000,
      "gross_margin": null,
      "op_margin": 0.19101002215302004,
      "fcf_margin": -0.11311406932829393,
      "incr_op_margin_yoy": 0.12004740731559949,
      "rev_growth_yoy": 0.22841703705800753,
      "rev_growth_yoy_accel": 0.11741102210590289,
      "op_leverage_ratio": 1.0021916268589197,
      "fcf_margin_change": 0.09705324918770561
    },
    {
      "date": "2022-06-30T00:00:00",
      "quarter_label": "2022-06 (Q2)",
      "revenue": 2572641000,
      "gross_profit": null,
      "operating_income": 455569000,
      "net_income": 293742000,
      "opex": 2117072000,
      "cogs": null,
      "rd": null,
      "sga": null,
      "fcf": -314608000,
      "ocf": 469879000,
      "capex": -784487000,
      "gross_margin": null,
      "op_margin": 0.17708222795174297,
      "fcf_margin": -0.12228989586965301,
      "incr_op_margin_yoy": 0.008806873093491934,
      "rev_growth_yoy": 0.2120588653772041,
      "rev_growth_yoy_accel": -0.016358171680803446,
      "fcf_margin_change": -0.00917582654135908
    },
    {
      "date": "2022-09-30T00:00:00",
      "quarter_label": "2022-09 (Q3)",
      "revenue": 3215645000,
      "gross_profit": null,
      "operating_income": 557293000,
      "net_income": 351289000,
      "opex": 2658352000,
      "cogs": null,
      "rd": null,
      "sga": null,
      "fcf": 43423000,
      "ocf": 847085000,
      "capex": -803662000,
      "gross_margin": null,
      "op_margin": 0.1733067549434095,
      "fcf_margin": 0.013503667226948249,
      "incr_op_margin_yoy": 0.09447774863926851,
      "rev_growth_yoy": 0.321790912013101,
      "rev_growth_yoy_accel": 0.10973204663589692,
      "op_leverage_ratio": 0.9775706087387626,
      "fcf_margin_change": 0.13579356309660126
    },
    {
      "date": "2022-12-31T00:00:00",
      "quarter_label": "2022-12 (Q4)",
      "revenue": 3029740000,
      "gross_profit": null,
      "operating_income": 522237000,
      "net_income": 322038000,
      "opex": 2507503000,
      "cogs": null,
      "rd": null,
      "sga": null,
      "fcf": -376720000,
      "ocf": 712389000,
      "capex": -1089109000,
      "gross_margin": null,
      "op_margin": 0.17237023638992124,
      "fcf_margin": -0.12434070250252496,
      "incr_op_margin_yoy": 0.09020913536572678,
      "rev_growth_yoy": 0.22072772091527784,
      "rev_growth_yoy_accel": -0.10106319109782316,
      "fcf_margin_change": -0.13784436972947323
    },
    {
      "date": "2023-03-31T00:00:00",
      "quarter_label": "2023-03 (Q1)",
      "revenue": 3795643000,
      "gross_profit": null,
      "operating_income": 749573000,
      "net_income": 493039000,
      "opex": 3046070000,
      "cogs": null,
      "rd": null,
      "sga": null,
      "fcf": -907987000,
      "ocf": 69157000,
      "capex": -977144000,
      "gross_margin": null,
      "op_margin": 0.19748248188778555,
      "fcf_margin": -0.23921822995471387,
      "incr_op_margin_yoy": 0.26675669759167275,
      "rev_growth_yoy": 0.09343245057341465,
      "rev_growth_yoy_accel": -0.1272952703418632,
      "op_leverage_ratio": 1.1769828430599167,
      "fcf_margin_change": -0.1148775274521889
    },
    {
      "date": "2023-06-30T00:00:00",
      "quarter_label": "2023-06 (Q2)",
      "revenue": 2629342000,
      "gross_profit": null,
      "operating_income": 560662000,
      "net_income": 17302000,
      "opex": 2068680000,
      "cogs": null,
      "rd": null,
      "sga": null,
      "fcf": -484248000,
      "ocf": 578120000,
      "capex": -1062368000,
      "gross_margin": null,
      "op_margin": 0.21323281642327244,
      "fcf_margin": -0.18417079254049112,
      "incr_op_margin_yoy": 1.8534593746142043,
      "rev_growth_yoy": 0.022039997030289107,
      "rev_growth_yoy_accel": -0.07139245354312554,
      "fcf_margin_change": 0.055047437414222744
    },
    {
      "date": "2023-09-30T00:00:00",
      "quarter_label": "2023-09 (Q3)",
      "revenue": 2791482000,
      "gross_profit": null,
      "operating_income": 530553000,
      "net_income": 341543000,
      "opex": 2260929000,
      "cogs": null,
      "rd": null,
      "sga": null,
      "fcf": -564229000,
      "ocf": 521876000,
      "capex": -1086105000,
      "gross_margin": null,
      "op_margin": 0.19006140824121381,
      "fcf_margin": -0.20212525103153092,
      "incr_op_margin_yoy": 0.0630418023259926,
      "rev_growth_yoy": -0.13190604062326533,
      "rev_growth_yoy_accel": -0.15394603765355444,
      "op_leverage_ratio": 0.6635479567910918,
      "fcf_margin_change": -0.0179544584910398
    },
    {
      "date": "2023-12-31T00:00:00",
      "quarter_label": "2023-12 (Q4)",
      "revenue": 2694238000,
      "gross_profit": null,
      "operating_income": 558548000,
      "net_income": null,
      "opex": 2135690000,
      "cogs": null,
      "rd": null,
      "sga": null,
      "fcf": -734224000,
      "ocf": 477008000,
      "capex": -1211232000,
      "gross_margin": null,
      "op_margin": 0.20731204889842694,
      "fcf_margin": -0.2725163849667327,
      "incr_op_margin_yoy": -0.10822886301721003,
      "rev_growth_yoy": -0.11073623479242443,
      "rev_growth_yoy_accel": 0.021169805830840896,
      "fcf_margin_change": -0.07039113393520177
    },
    {
      "date": "2024-03-31T00:00:00",
      "quarter_label": "2024-03 (Q1)",
      "revenue": 3332575000,
      "gross_profit": null,
      "operating_income": 845973000,
      "net_income": null,
      "opex": 2486602000,
      "cogs": null,
      "rd": null,
      "sga": null,
      "fcf": -858131000,
      "ocf": 291312000,
      "capex": -1149443000,
      "gross_margin": null,
      "op_margin": 0.253849650795556,
      "fcf_margin": -0.25749788076787467,
      "incr_op_margin_yoy": -0.20817676885468225,
      "rev_growth_yoy": -0.12199988249685231,
      "rev_growth_yoy_accel": -0.011263647704427879,
      "op_leverage_ratio": 1.4419627959212704,
      "fcf_margin_change": 0.01501850419885803
    },
    {
      "date": "2024-06-30T00:00:00",
      "quarter_label": "2024-06 (Q2)",
      "revenue": 2533522000,
      "gross_profit": null,
      "operating_income": 602498000,
      "net_income": null,
      "opex": 1931024000,
      "cogs": null,
      "rd": null,
      "sga": null,
      "fcf": -400760000,
      "ocf": 670714000,
      "capex": -1071474000,
      "gross_margin": null,
      "op_margin": 0.23781044727458456,
      "fcf_margin": -0.15818295637456473,
      "incr_op_margin_yoy": -0.43661031099979125,
      "rev_growth_yoy": -0.036442577648704504,
      "rev_growth_yoy_accel": 0.0855573048481478,
      "fcf_margin_change": 0.09931492439330994
    },
    {
      "date": "2024-09-30T00:00:00",
      "quarter_label": "2024-09 (Q3)",
      "revenue": 3063224000,
      "gross_profit": null,
      "operating_income": 612400000,
      "net_income": null,
      "opex": 2450824000,
      "cogs": null,
      "rd": null,
      "sga": null,
      "fcf": -515353000,
      "ocf": 555580000,
      "capex": -1070933000,
      "gross_margin": null,
      "op_margin": 0.19992008419887022,
      "fcf_margin": -0.16823875759657145,
      "incr_op_margin_yoy": 0.3011937793936896,
      "rev_growth_yoy": 0.0973468573324134,
      "rev_growth_yoy_accel": 0.1337894349811179,
      "op_leverage_ratio": 0.7767089851053445,
      "fcf_margin_change": -0.010055801222006722
    },
    {
      "date": "2024-12-31T00:00:00",
      "quarter_label": "2024-12 (Q4)",
      "revenue": 2971488000,
      "gross_profit": null,
      "operating_income": 347839000,
      "net_income": null,
      "opex": 2623649000,
      "cogs": null,
      "rd": null,
      "sga": null,
      "fcf": -546548000,
      "ocf": 642131000,
      "capex": -1188679000,
      "gross_margin": null,
      "op_margin": 0.11705886074586201,
      "fcf_margin": -0.18393074446203383,
      "incr_op_margin_yoy": -0.7599963931469793,
      "rev_growth_yoy": 0.1029047916331074,
      "rev_growth_yoy_accel": 0.005557934300693998,
      "fcf_margin_change": -0.015691986865462387
    },
    {
      "date": "2025-03-31T00:00:00",
      "quarter_label": "2025-03 (Q1)",
      "revenue": 4118355000,
      "gross_profit": null,
      "operating_income": 926394000,
      "net_income": null,
      "opex": 3191961000,
      "cogs": null,
      "rd": null,
      "sga": null,
      "fcf": 33211000,
      "ocf": 1040595000,
      "capex": -1007384000,
      "gross_margin": null,
      "op_margin": 0.22494272591847958,
      "fcf_margin": 0.008064142114994944,
      "incr_op_margin_yoy": 0.10234544019954694,
      "rev_growth_yoy": 0.23578764168848412,
      "rev_growth_yoy_accel": 0.13288285005537673,
      "op_leverage_ratio": 1.7817960126708137,
      "fcf_margin_change": 0.1919948865770288
    },
    {
      "date": "2025-06-30T00:00:00",
      "quarter_label": "2025-06 (Q2)",
      "revenue": 2838068000,
      "gross_profit": null,
      "operating_income": 663049000,
      "net_income": null,
      "opex": 2175019000,
      "cogs": null,
      "rd": null,
      "sga": null,
      "fcf": 15292000,
      "ocf": 1057309000,
      "capex": -1042017000,
      "gross_margin": null,
      "op_margin": 0.23362688984196292,
      "fcf_margin": 0.005388172517360401,
      "incr_op_margin_yoy": 0.19882382300210805,
      "rev_growth_yoy": 0.12020657408935072,
      "rev_growth_yoy_accel": -0.1155810675991334,
      "fcf_margin_change": -0.002675969597634543
    },
    {
      "date": "2025-09-30T00:00:00",
      "quarter_label": "2025-09 (Q3)",
      "revenue": 3220625000,
      "gross_profit": null,
      "operating_income": 688682000,
      "net_income": null,
      "opex": 2531943000,
      "cogs": null,
      "rd": null,
      "sga": null,
      "fcf": -26346000,
      "ocf": 1099611000,
      "capex": -1125957000,
      "gross_margin": null,
      "op_margin": 0.21383489229575006,
      "fcf_margin": -0.008180399767125946,
      "incr_op_margin_yoy": 0.4846347863101251,
      "rev_growth_yoy": 0.05138409727790067,
      "rev_growth_yoy_accel": -0.06882247681145004,
      "op_leverage_ratio": 0.8214112749569326,
      "fcf_margin_change": -0.013568572284486347
    }
  ],
  "signals": [
    {
      "quarter": "2025-09 (Q3)",
      "signal": "YoY REVENUE GROWTH DECELERATION",
      "detail": "YoY growth: +5.1% vs prior quarter YoY: +12.0% (decel: -6.9%)",
      "severity": "WARNING"
    },
    {
      "quarter": "2025-09 (Q3)",
      "signal": "INCREMENTAL MARGIN (YoY)",
      "detail": "YoY Incr OPM: +48.5% vs year-ago OPM: +20.0%",
      "severity": "HIGH"
    },
    {
      "quarter": "2025-06 (Q2)",
      "signal": "YoY REVENUE GROWTH DECELERATION",
      "detail": "YoY growth: +12.0% vs prior quarter YoY: +23.6% (decel: -11.6%)",
      "severity": "WARNING"
    },
    {
      "quarter": "2025-03 (Q1)",
      "signal": "FCF TURNED POSITIVE",
      "detail": "FCF margin: -18.4% -> +0.8%",
      "severity": "HIGH"
    },
    {
      "quarter": "2025-03 (Q1)",
      "signal": "OPERATING LEVERAGE",
      "detail": "Rev growth +38.6% vs OpEx growth +21.7% (leverage: 1.8x)",
      "severity": "MEDIUM"
    },
    {
      "quarter": "2025-03 (Q1)",
      "signal": "YoY REVENUE GROWTH ACCELERATION",
      "detail": "YoY growth: +23.6% vs prior quarter YoY: +10.3% (accel: +13.3%)",
      "severity": "MEDIUM"
    },
    {
      "quarter": "2024-09 (Q3)",
      "signal": "YoY REVENUE GROWTH ACCELERATION",
      "detail": "YoY growth: +9.7% vs prior quarter YoY: -3.6% (accel: +13.4%)",
      "severity": "MEDIUM"
    },
    {
      "quarter": "2024-09 (Q3)",
      "signal": "INCREMENTAL MARGIN (YoY)",
      "detail": "YoY Incr OPM: +30.1% vs year-ago OPM: +19.0%",
      "severity": "MEDIUM"
    },
    {
      "quarter": "2024-06 (Q2)",
      "signal": "FCF MARGIN EXPANSION",
      "detail": "FCF margin: -25.7% -> -15.8% (+9.9%)",
      "severity": "MEDIUM"
    },
    {
      "quarter": "2024-06 (Q2)",
      "signal": "YoY REVENUE GROWTH ACCELERATION",
      "detail": "YoY growth: -3.6% vs prior quarter YoY: -12.2% (accel: +8.6%)",
      "severity": "MEDIUM"
    },
    {
      "quarter": "2023-09 (Q3)",
      "signal": "YoY REVENUE GROWTH DECELERATION",
      "detail": "YoY growth: -13.2% vs prior quarter YoY: +2.2% (decel: -15.4%)",
      "severity": "WARNING"
    },
    {
      "quarter": "2023-06 (Q2)",
      "signal": "FCF MARGIN EXPANSION",
      "detail": "FCF margin: -23.9% -> -18.4% (+5.5%)",
      "severity": "MEDIUM"
    },
    {
      "quarter": "2023-06 (Q2)",
      "signal": "YoY REVENUE GROWTH DECELERATION",
      "detail": "YoY growth: +2.2% vs prior quarter YoY: +9.3% (decel: -7.1%)",
      "severity": "WARNING"
    },
    {
      "quarter": "2023-06 (Q2)",
      "signal": "INCREMENTAL MARGIN (YoY)",
      "detail": "YoY Incr OPM: +185.3% vs year-ago OPM: +17.7%",
      "severity": "HIGH"
    },
    {
      "quarter": "2023-03 (Q1)",
      "signal": "YoY REVENUE GROWTH DECELERATION",
      "detail": "YoY growth: +9.3% vs prior quarter YoY: +22.1% (decel: -12.7%)",
      "severity": "WARNING"
    },
    {
      "quarter": "2022-12 (Q4)",
      "signal": "YoY REVENUE GROWTH DECELERATION",
      "detail": "YoY growth: +22.1% vs prior quarter YoY: +32.2% (decel: -10.1%)",
      "severity": "WARNING"
    },
    {
      "quarter": "2022-09 (Q3)",
      "signal": "FCF TURNED POSITIVE",
      "detail": "FCF margin: -12.2% -> +1.4%",
      "severity": "HIGH"
    },
    {
      "quarter": "2022-09 (Q3)",
      "signal": "YoY REVENUE GROWTH ACCELERATION",
      "detail": "YoY growth: +32.2% vs prior quarter YoY: +21.2% (accel: +11.0%)",
      "severity": "MEDIUM"
    },
    {
      "quarter": "2022-03 (Q1)",
      "signal": "FCF MARGIN EXPANSION",
      "detail": "FCF margin: -21.0% -> -11.3% (+9.7%)",
      "severity": "MEDIUM"
    },
    {
      "quarter": "2022-03 (Q1)",
      "signal": "YoY REVENUE GROWTH ACCELERATION",
      "detail": "YoY growth: +22.8% vs prior quarter YoY: +11.1% (accel: +11.7%)",
      "severity": "MEDIUM"
    },
    {
      "quarter": "2021-09 (Q3)",
      "signal": "FCF MARGIN EXPANSION",
      "detail": "FCF margin: -15.9% -> -3.1% (+12.8%)",
      "severity": "MEDIUM"
    },
    {
      "quarter": "2021-03 (Q1)",
      "signal": "FCF MARGIN EXPANSION",
      "detail": "FCF margin: -29.3% -> -9.8% (+19.5%)",
      "severity": "MEDIUM"
    }
  ],
  "data_quality": {
    "n_quarters": 20,
    "coverage": {
      "revenue": [
        20,
        20
      ],
      "gross_profit": [
        0,
        20
      ],
      "op_income": [
        20,
        20
      ],
      "fcf": [
        20,
        20
      ]
    },
    "gaps": [],
    "warnings": [
      "gross_profit: no data"
    ]
  },
  "market_cap": null,
  "source": "SEC EDGAR",
  "last_updated": "2026-02-02T20:11:46.051252"
}