{
  "ticker": "ESE",
  "name": "ESCO Technologies\u00a0Inc.",
  "quarters": [
    {
      "date": "2020-12-31T00:00:00",
      "quarter_label": "2020-12 (Q4)",
      "revenue": 162949000,
      "gross_profit": 64172000,
      "operating_income": null,
      "net_income": 13686000,
      "opex": 145289000,
      "cogs": 98777000,
      "rd": null,
      "sga": 41000000,
      "fcf": 24792000,
      "ocf": 24792000,
      "capex": null,
      "gross_margin": 0.3938164701839226,
      "op_margin": null,
      "fcf_margin": 0.15214576339836391
    },
    {
      "date": "2021-03-31T00:00:00",
      "quarter_label": "2021-03 (Q1)",
      "revenue": 166644000,
      "gross_profit": 63531000,
      "operating_income": null,
      "net_income": 16314000,
      "opex": 145305000,
      "cogs": 103113000,
      "rd": null,
      "sga": 38746000,
      "fcf": 32530000,
      "ocf": 32530000,
      "capex": null,
      "gross_margin": 0.38123784834737523,
      "op_margin": null,
      "fcf_margin": 0.1952065480905403,
      "op_leverage_ratio": Infinity,
      "fcf_margin_change": 0.04306078469217639
    },
    {
      "date": "2021-06-30T00:00:00",
      "quarter_label": "2021-06 (Q2)",
      "revenue": 181394000,
      "gross_profit": 67784000,
      "operating_income": null,
      "net_income": 14909000,
      "opex": 162451000,
      "cogs": 113610000,
      "rd": null,
      "sga": 42882000,
      "fcf": 18078000,
      "ocf": 18078000,
      "capex": null,
      "gross_margin": 0.373683804315468,
      "op_margin": null,
      "fcf_margin": 0.09966151030353815,
      "op_leverage_ratio": 0.7501015763945833,
      "fcf_margin_change": -0.09554503778700216
    },
    {
      "date": "2021-09-30T00:00:00",
      "quarter_label": "2021-09 (Q3)",
      "revenue": 205478000,
      "gross_profit": 77218000,
      "operating_income": null,
      "net_income": 20365000,
      "opex": 180439000,
      "cogs": 128260000,
      "rd": null,
      "sga": 44906000,
      "fcf": 47739000,
      "ocf": 47739000,
      "capex": null,
      "gross_margin": 0.3757969222982509,
      "op_margin": null,
      "fcf_margin": 0.23233144180885545,
      "op_leverage_ratio": 1.1990718599327455,
      "fcf_margin_change": 0.1326699315053173
    },
    {
      "date": "2021-12-31T00:00:00",
      "quarter_label": "2021-12 (Q4)",
      "revenue": 177010000,
      "gross_profit": 68705000,
      "operating_income": null,
      "net_income": 11524000,
      "opex": 162173000,
      "cogs": 108305000,
      "rd": null,
      "sga": 46635000,
      "fcf": 1946000,
      "ocf": 1946000,
      "capex": null,
      "gross_margin": 0.3881419128862776,
      "op_margin": null,
      "fcf_margin": 0.010993729167843625,
      "rev_growth_yoy": 0.08629080264377198,
      "fcf_margin_change": -0.22133771264101182
    },
    {
      "date": "2022-03-31T00:00:00",
      "quarter_label": "2022-03 (Q1)",
      "revenue": 204928000,
      "gross_profit": 76553000,
      "operating_income": null,
      "net_income": 16583000,
      "opex": 183260000,
      "cogs": 128375000,
      "rd": null,
      "sga": 47959000,
      "fcf": 21057000,
      "ocf": 21057000,
      "capex": null,
      "gross_margin": 0.37356047001873827,
      "op_margin": null,
      "fcf_margin": 0.10275316208619613,
      "rev_growth_yoy": 0.22973524399318307,
      "rev_growth_yoy_accel": 0.1434444413494111,
      "op_leverage_ratio": 1.2129705411725764,
      "fcf_margin_change": 0.09175943291835251
    },
    {
      "date": "2022-06-30T00:00:00",
      "quarter_label": "2022-06 (Q2)",
      "revenue": 219066000,
      "gross_profit": 84612000,
      "operating_income": null,
      "net_income": 23173000,
      "opex": 189564000,
      "cogs": 134454000,
      "rd": null,
      "sga": 47479000,
      "fcf": 18690000,
      "ocf": 18690000,
      "capex": null,
      "gross_margin": 0.3862397633589877,
      "op_margin": null,
      "fcf_margin": 0.0853167538550026,
      "rev_growth_yoy": 0.20768051865001047,
      "rev_growth_yoy_accel": -0.0220547253431726,
      "op_leverage_ratio": 2.0055715185444853,
      "fcf_margin_change": -0.017436408231193523
    },
    {
      "date": "2022-09-30T00:00:00",
      "quarter_label": "2022-09 (Q3)",
      "revenue": 256498000,
      "gross_profit": 102175000,
      "operating_income": null,
      "net_income": 31040000,
      "opex": 216070000,
      "cogs": 154323000,
      "rd": null,
      "sga": 53054000,
      "fcf": 93582000,
      "ocf": 93582000,
      "capex": null,
      "gross_margin": 0.39834618593517296,
      "op_margin": null,
      "fcf_margin": 0.36484495005809015,
      "rev_growth_yoy": 0.24829908798022174,
      "rev_growth_yoy_accel": 0.04061856933021127,
      "op_leverage_ratio": 1.222023969098158,
      "fcf_margin_change": 0.27952819620308755
    },
    {
      "date": "2022-12-31T00:00:00",
      "quarter_label": "2022-12 (Q4)",
      "revenue": 205501000,
      "gross_profit": 79118000,
      "operating_income": null,
      "net_income": 14727000,
      "opex": 186602000,
      "cogs": 126383000,
      "rd": null,
      "sga": 51302000,
      "fcf": -9008000,
      "ocf": -9008000,
      "capex": null,
      "gross_margin": 0.38500055960798246,
      "op_margin": null,
      "fcf_margin": -0.04383433657257142,
      "rev_growth_yoy": 0.16095700807863964,
      "rev_growth_yoy_accel": -0.0873420799015821,
      "fcf_margin_change": -0.40867928663066155
    },
    {
      "date": "2023-03-31T00:00:00",
      "quarter_label": "2023-03 (Q1)",
      "revenue": 229136000,
      "gross_profit": 86840000,
      "operating_income": null,
      "net_income": 17878000,
      "opex": 205786000,
      "cogs": 142296000,
      "rd": null,
      "sga": 53877000,
      "fcf": 3547000,
      "ocf": 3547000,
      "capex": null,
      "gross_margin": 0.3789888974233643,
      "op_margin": null,
      "fcf_margin": 0.015479889672508903,
      "rev_growth_yoy": 0.11812929419113054,
      "rev_growth_yoy_accel": -0.0428277138875091,
      "op_leverage_ratio": 1.1187132851495107,
      "fcf_margin_change": 0.05931422624508033
    },
    {
      "date": "2023-06-30T00:00:00",
      "quarter_label": "2023-06 (Q2)",
      "revenue": 248749000,
      "gross_profit": 101475000,
      "operating_income": null,
      "net_income": 27943000,
      "opex": 213243000,
      "cogs": 147274000,
      "rd": null,
      "sga": 55376000,
      "fcf": 34663000,
      "ocf": 34663000,
      "capex": null,
      "gross_margin": 0.407941338457642,
      "op_margin": null,
      "fcf_margin": 0.13934930391679967,
      "rev_growth_yoy": 0.13549797777838643,
      "rev_growth_yoy_accel": 0.017368683587255893,
      "op_leverage_ratio": 2.3621223204740347,
      "fcf_margin_change": 0.12386941424429077
    },
    {
      "date": "2023-09-30T00:00:00",
      "quarter_label": "2023-09 (Q3)",
      "revenue": 272647000,
      "gross_profit": 108223000,
      "operating_income": null,
      "net_income": 31997000,
      "opex": 231455000,
      "cogs": 164424000,
      "rd": null,
      "sga": 56555000,
      "fcf": 47688000,
      "ocf": 47688000,
      "capex": null,
      "gross_margin": 0.3969344977204957,
      "op_margin": null,
      "fcf_margin": 0.17490748110193768,
      "rev_growth_yoy": 0.06295955524019681,
      "rev_growth_yoy_accel": -0.07253842253818962,
      "op_leverage_ratio": 1.1249089066772493,
      "fcf_margin_change": 0.03555817718513801
    },
    {
      "date": "2023-12-31T00:00:00",
      "quarter_label": "2023-12 (Q4)",
      "revenue": 218314000,
      "gross_profit": 84163000,
      "operating_income": null,
      "net_income": 15169000,
      "opex": 198860000,
      "cogs": 134151000,
      "rd": null,
      "sga": 53968000,
      "fcf": 8746000,
      "ocf": 8746000,
      "capex": null,
      "gross_margin": 0.38551352638859626,
      "op_margin": null,
      "fcf_margin": 0.04006156270326228,
      "rev_growth_yoy": 0.06235006155687807,
      "rev_growth_yoy_accel": -0.0006094936833187375,
      "fcf_margin_change": -0.1348459183986754
    },
    {
      "date": "2024-03-31T00:00:00",
      "quarter_label": "2024-03 (Q1)",
      "revenue": 249129000,
      "gross_profit": 96782000,
      "operating_income": null,
      "net_income": 23219000,
      "opex": 219908000,
      "cogs": 152347000,
      "rd": null,
      "sga": 55097000,
      "fcf": 10491000,
      "ocf": 10491000,
      "capex": null,
      "gross_margin": 0.3884814694395273,
      "op_margin": null,
      "fcf_margin": 0.042110713726623554,
      "rev_growth_yoy": 0.08725385797081209,
      "rev_growth_yoy_accel": 0.024903796413934018,
      "op_leverage_ratio": 1.3335742008848732,
      "fcf_margin_change": 0.0020491510233612772
    },
    {
      "date": "2024-06-30T00:00:00",
      "quarter_label": "2024-06 (Q2)",
      "revenue": 260783000,
      "gross_profit": 103348000,
      "operating_income": null,
      "net_income": 29230000,
      "opex": 223611000,
      "cogs": 157435000,
      "rd": null,
      "sga": 54955000,
      "fcf": 36217000,
      "ocf": 36217000,
      "capex": null,
      "gross_margin": 0.3962988384979082,
      "op_margin": null,
      "fcf_margin": 0.13887791765567542,
      "rev_growth_yoy": 0.048378083931995705,
      "rev_growth_yoy_accel": -0.03887577403881638,
      "op_leverage_ratio": 2.778037128018884,
      "fcf_margin_change": 0.09676720392905186
    },
    {
      "date": "2024-09-30T00:00:00",
      "quarter_label": "2024-09 (Q3)",
      "revenue": 298533000,
      "gross_profit": 119725000,
      "operating_income": null,
      "net_income": 34263000,
      "opex": 254491000,
      "cogs": 178808000,
      "rd": null,
      "sga": 59995000,
      "fcf": 72088000,
      "ocf": 72088000,
      "capex": null,
      "gross_margin": 0.4010444406481026,
      "op_margin": null,
      "fcf_margin": 0.24147414188716154,
      "rev_growth_yoy": 0.09494327830491442,
      "rev_growth_yoy_accel": 0.046565194372918714,
      "op_leverage_ratio": 1.0482226773559316,
      "fcf_margin_change": 0.10259622423148612
    },
    {
      "date": "2024-12-31T00:00:00",
      "quarter_label": "2024-12 (Q4)",
      "revenue": 247026000,
      "gross_profit": 98384000,
      "operating_income": null,
      "net_income": 23473000,
      "opex": 217085000,
      "cogs": 148642000,
      "rd": null,
      "sga": 58784000,
      "fcf": 34174000,
      "ocf": 34174000,
      "capex": null,
      "gross_margin": 0.3982738659088517,
      "op_margin": null,
      "fcf_margin": 0.1383417130180629,
      "rev_growth_yoy": 0.13151698929065475,
      "rev_growth_yoy_accel": 0.03657371098574033,
      "fcf_margin_change": -0.10313242886909865
    },
    {
      "date": "2025-03-31T00:00:00",
      "quarter_label": "2025-03 (Q1)",
      "revenue": 265519000,
      "gross_profit": 109221000,
      "operating_income": null,
      "net_income": 31033000,
      "opex": 225020000,
      "cogs": 156298000,
      "rd": null,
      "sga": 58163000,
      "fcf": 24101000,
      "ocf": 24101000,
      "capex": null,
      "gross_margin": 0.4113490936618472,
      "op_margin": null,
      "fcf_margin": 0.09076939880008587,
      "rev_growth_yoy": 0.06578920960626825,
      "rev_growth_yoy_accel": -0.0657277796843865,
      "op_leverage_ratio": 2.048083168130526,
      "fcf_margin_change": -0.047572314217977016
    },
    {
      "date": "2025-06-30T00:00:00",
      "quarter_label": "2025-06 (Q2)",
      "revenue": 296344000,
      "gross_profit": 121994000,
      "operating_income": null,
      "net_income": 26065000,
      "opex": 263275000,
      "cogs": 174350000,
      "rd": null,
      "sga": 62042000,
      "fcf": 73727000,
      "ocf": 73727000,
      "capex": null,
      "gross_margin": 0.4116634721809789,
      "op_margin": null,
      "fcf_margin": 0.24878857004022353,
      "rev_growth_yoy": 0.1363624162617962,
      "rev_growth_yoy_accel": 0.07057320665552796,
      "op_leverage_ratio": 0.6828737138510709,
      "fcf_margin_change": 0.15801917124013765
    },
    {
      "date": "2025-09-30T00:00:00",
      "quarter_label": "2025-09 (Q3)",
      "revenue": 352674000,
      "gross_profit": 149439000,
      "operating_income": null,
      "net_income": 218652000,
      "opex": 293107000,
      "cogs": 203235000,
      "rd": null,
      "sga": 63333000,
      "fcf": 109937000,
      "ocf": 109937000,
      "capex": null,
      "gross_margin": 0.42373126456727744,
      "op_margin": null,
      "fcf_margin": 0.3117241418420411,
      "rev_growth_yoy": 0.18135683492277235,
      "rev_growth_yoy_accel": 0.04499441866097614,
      "op_leverage_ratio": 1.6775321944436052,
      "fcf_margin_change": 0.06293557180181758
    }
  ],
  "signals": [
    {
      "quarter": "2025-09 (Q3)",
      "signal": "FCF MARGIN EXPANSION",
      "detail": "FCF margin: +24.9% -> +31.2% (+6.3%)",
      "severity": "MEDIUM"
    },
    {
      "quarter": "2025-09 (Q3)",
      "signal": "OPERATING LEVERAGE",
      "detail": "Rev growth +19.0% vs OpEx growth +11.3% (leverage: 1.7x)",
      "severity": "MEDIUM"
    },
    {
      "quarter": "2025-06 (Q2)",
      "signal": "FCF MARGIN EXPANSION",
      "detail": "FCF margin: +9.1% -> +24.9% (+15.8%)",
      "severity": "MEDIUM"
    },
    {
      "quarter": "2025-06 (Q2)",
      "signal": "YoY REVENUE GROWTH ACCELERATION",
      "detail": "YoY growth: +13.6% vs prior quarter YoY: +6.6% (accel: +7.1%)",
      "severity": "MEDIUM"
    },
    {
      "quarter": "2025-03 (Q1)",
      "signal": "OPERATING LEVERAGE",
      "detail": "Rev growth +7.5% vs OpEx growth +3.7% (leverage: 2.0x)",
      "severity": "MEDIUM"
    },
    {
      "quarter": "2025-03 (Q1)",
      "signal": "YoY REVENUE GROWTH DECELERATION",
      "detail": "YoY growth: +6.6% vs prior quarter YoY: +13.2% (decel: -6.6%)",
      "severity": "WARNING"
    },
    {
      "quarter": "2024-09 (Q3)",
      "signal": "FCF MARGIN EXPANSION",
      "detail": "FCF margin: +13.9% -> +24.1% (+10.3%)",
      "severity": "MEDIUM"
    },
    {
      "quarter": "2024-06 (Q2)",
      "signal": "FCF MARGIN EXPANSION",
      "detail": "FCF margin: +4.2% -> +13.9% (+9.7%)",
      "severity": "MEDIUM"
    },
    {
      "quarter": "2024-06 (Q2)",
      "signal": "OPERATING LEVERAGE",
      "detail": "Rev growth +4.7% vs OpEx growth +1.7% (leverage: 2.8x)",
      "severity": "MEDIUM"
    },
    {
      "quarter": "2023-09 (Q3)",
      "signal": "YoY REVENUE GROWTH DECELERATION",
      "detail": "YoY growth: +6.3% vs prior quarter YoY: +13.5% (decel: -7.3%)",
      "severity": "WARNING"
    },
    {
      "quarter": "2023-06 (Q2)",
      "signal": "FCF MARGIN EXPANSION",
      "detail": "FCF margin: +1.5% -> +13.9% (+12.4%)",
      "severity": "MEDIUM"
    },
    {
      "quarter": "2023-06 (Q2)",
      "signal": "OPERATING LEVERAGE",
      "detail": "Rev growth +8.6% vs OpEx growth +3.6% (leverage: 2.4x)",
      "severity": "MEDIUM"
    },
    {
      "quarter": "2023-06 (Q2)",
      "signal": "GROSS MARGIN INFLECTION",
      "detail": "GM: +38.5% -> +37.9% -> +40.8% (reversal +2.9%)",
      "severity": "MEDIUM"
    },
    {
      "quarter": "2023-03 (Q1)",
      "signal": "FCF TURNED POSITIVE",
      "detail": "FCF margin: -4.4% -> +1.5%",
      "severity": "HIGH"
    },
    {
      "quarter": "2022-12 (Q4)",
      "signal": "YoY REVENUE GROWTH DECELERATION",
      "detail": "YoY growth: +16.1% vs prior quarter YoY: +24.8% (decel: -8.7%)",
      "severity": "WARNING"
    },
    {
      "quarter": "2022-09 (Q3)",
      "signal": "FCF MARGIN EXPANSION",
      "detail": "FCF margin: +8.5% -> +36.5% (+28.0%)",
      "severity": "MEDIUM"
    },
    {
      "quarter": "2022-06 (Q2)",
      "signal": "OPERATING LEVERAGE",
      "detail": "Rev growth +6.9% vs OpEx growth +3.4% (leverage: 2.0x)",
      "severity": "MEDIUM"
    },
    {
      "quarter": "2022-03 (Q1)",
      "signal": "FCF MARGIN EXPANSION",
      "detail": "FCF margin: +1.1% -> +10.3% (+9.2%)",
      "severity": "MEDIUM"
    },
    {
      "quarter": "2022-03 (Q1)",
      "signal": "YoY REVENUE GROWTH ACCELERATION",
      "detail": "YoY growth: +23.0% vs prior quarter YoY: +8.6% (accel: +14.3%)",
      "severity": "MEDIUM"
    },
    {
      "quarter": "2021-09 (Q3)",
      "signal": "FCF MARGIN EXPANSION",
      "detail": "FCF margin: +10.0% -> +23.2% (+13.3%)",
      "severity": "MEDIUM"
    },
    {
      "quarter": "2021-03 (Q1)",
      "signal": "OPERATING LEVERAGE",
      "detail": "Rev growth +2.3% vs OpEx growth +0.0% (leverage: 205.9x)",
      "severity": "MEDIUM"
    }
  ],
  "data_quality": {
    "n_quarters": 20,
    "coverage": {
      "revenue": [
        20,
        20
      ],
      "gross_profit": [
        20,
        20
      ],
      "op_income": [
        0,
        20
      ],
      "fcf": [
        20,
        20
      ]
    },
    "gaps": [],
    "warnings": [
      "op_income: no data"
    ]
  },
  "market_cap": null,
  "source": "SEC EDGAR",
  "last_updated": "2026-02-02T20:57:59.013779",
  "sector": "Technology",
  "industry": "Scientific & Technical Instruments"
}