{
  "ticker": "ESEA",
  "name": "EUROSEAS LTD.",
  "quarters": [
    {
      "date": "2015-12-31T00:00:00",
      "quarter_label": "2015-12 (Q4)",
      "revenue": 8814685,
      "gross_profit": null,
      "operating_income": -3289804,
      "net_income": -3948875,
      "opex": 12104489,
      "cogs": null,
      "rd": null,
      "sga": null,
      "fcf": -2160538,
      "ocf": -2160538,
      "capex": null,
      "gross_margin": null,
      "op_margin": -0.37321855517241964,
      "fcf_margin": -0.2451066600791747
    },
    {
      "date": "2016-03-31T00:00:00",
      "quarter_label": "2016-03 (Q1)",
      "revenue": 6547851,
      "gross_profit": null,
      "operating_income": -2420250,
      "net_income": -2840943,
      "opex": 8968101,
      "cogs": null,
      "rd": null,
      "sga": null,
      "fcf": 374088,
      "ocf": 374088,
      "capex": null,
      "gross_margin": null,
      "op_margin": -0.3696250876814393,
      "fcf_margin": 0.05713141609361606,
      "fcf_margin_change": 0.30223807617279075
    },
    {
      "date": "2016-12-31T00:00:00",
      "quarter_label": "2016-12 (Q4)",
      "revenue": 7312449,
      "gross_profit": null,
      "operating_income": -11510345,
      "net_income": -17628925,
      "opex": 18822794,
      "cogs": null,
      "rd": null,
      "sga": null,
      "fcf": -1115454,
      "ocf": -1045657,
      "capex": -69797,
      "gross_margin": null,
      "op_margin": -1.5740752516701313,
      "fcf_margin": -0.15254178182986303,
      "incr_op_margin_yoy": 5.472203435412279,
      "rev_growth_yoy": -0.1704242409116151,
      "op_leverage_ratio": 0.10626537049820356,
      "fcf_margin_change": -0.20967319792347908
    },
    {
      "date": "2017-03-31T00:00:00",
      "quarter_label": "2017-03 (Q1)",
      "revenue": 8292226,
      "gross_profit": null,
      "operating_income": -1433177,
      "net_income": -2189830,
      "opex": 9725403,
      "cogs": null,
      "rd": null,
      "sga": null,
      "fcf": 86244,
      "ocf": 86244,
      "capex": null,
      "gross_margin": null,
      "op_margin": -0.17283380843696253,
      "fcf_margin": 0.010400584836930397,
      "incr_op_margin_yoy": 0.5658605517735579,
      "rev_growth_yoy": 0.26640419887379846,
      "rev_growth_yoy_accel": 0.4368284397854135,
      "op_leverage_ratio": Infinity,
      "fcf_margin_change": 0.16294236666679343
    },
    {
      "date": "2018-03-31T00:00:00",
      "quarter_label": "2018-03 (Q1)",
      "revenue": 8306616,
      "gross_profit": null,
      "operating_income": -771576,
      "net_income": -1422977,
      "opex": 9078192,
      "cogs": null,
      "rd": null,
      "sga": null,
      "fcf": null,
      "ocf": null,
      "capex": null,
      "gross_margin": null,
      "op_margin": -0.0928869229057898,
      "fcf_margin": null,
      "rev_growth_yoy": 0.0017353603242362184,
      "rev_growth_yoy_accel": -0.26466883854956225
    },
    {
      "date": "2019-03-31T00:00:00",
      "quarter_label": "2019-03 (Q1)",
      "revenue": 8338131,
      "gross_profit": null,
      "operating_income": 669191,
      "net_income": -16032,
      "opex": 7668940,
      "cogs": null,
      "rd": null,
      "sga": null,
      "fcf": -1494412,
      "ocf": -1494412,
      "capex": null,
      "gross_margin": null,
      "op_margin": 0.08025671460426803,
      "fcf_margin": -0.17922625585997629,
      "rev_growth_yoy": 0.00379396375130378,
      "rev_growth_yoy_accel": 0.002058603427067562
    },
    {
      "date": "2019-12-31T00:00:00",
      "quarter_label": "2019-12 (Q4)",
      "revenue": 13305604,
      "gross_profit": null,
      "operating_income": 388815,
      "net_income": -765126,
      "opex": 12916789,
      "cogs": null,
      "rd": null,
      "sga": null,
      "fcf": -40260577,
      "ocf": 306023,
      "capex": -40566600,
      "gross_margin": null,
      "op_margin": 0.02922189778081476,
      "fcf_margin": -3.025836106350377,
      "op_leverage_ratio": 0.8706043060946671,
      "fcf_margin_change": -2.8466098504904007
    },
    {
      "date": "2020-03-31T00:00:00",
      "quarter_label": "2020-03 (Q1)",
      "revenue": 15432807,
      "gross_profit": null,
      "operating_income": 3198284,
      "net_income": 1957095,
      "opex": 12234523,
      "cogs": null,
      "rd": null,
      "sga": null,
      "fcf": 1876131,
      "ocf": 2025551,
      "capex": -149420,
      "gross_margin": null,
      "op_margin": 0.20723929224281754,
      "fcf_margin": 0.12156770962016178,
      "incr_op_margin_yoy": 0.35647758967428533,
      "rev_growth_yoy": 0.8508712564002653,
      "op_leverage_ratio": Infinity,
      "fcf_margin_change": 3.147403815970539
    },
    {
      "date": "2020-12-31T00:00:00",
      "quarter_label": "2020-12 (Q4)",
      "revenue": 12033375,
      "gross_profit": null,
      "operating_income": 1914960,
      "net_income": 575307,
      "opex": 10118415,
      "cogs": null,
      "rd": null,
      "sga": null,
      "fcf": 58060,
      "ocf": 705129,
      "capex": -647069,
      "gross_margin": null,
      "op_margin": 0.15913739910872884,
      "fcf_margin": 0.004824914041156367,
      "incr_op_margin_yoy": -1.1995835655373364,
      "rev_growth_yoy": -0.09561602765270934,
      "rev_growth_yoy_accel": -0.9464872840529747,
      "fcf_margin_change": -0.11674279557900541
    },
    {
      "date": "2021-03-31T00:00:00",
      "quarter_label": "2021-03 (Q1)",
      "revenue": 14309318,
      "gross_profit": null,
      "operating_income": 3998501,
      "net_income": 3790077,
      "opex": 10310817,
      "cogs": null,
      "rd": null,
      "sga": null,
      "fcf": 6369001,
      "ocf": 6369001,
      "capex": null,
      "gross_margin": null,
      "op_margin": 0.27943337341444224,
      "fcf_margin": 0.44509465790053726,
      "incr_op_margin_yoy": -0.7122606451865572,
      "rev_growth_yoy": -0.07279874620346123,
      "rev_growth_yoy_accel": 0.022817281449248106,
      "op_leverage_ratio": 9.946649985240708,
      "fcf_margin_change": 0.4402697438593809
    },
    {
      "date": "2021-12-31T00:00:00",
      "quarter_label": "2021-12 (Q4)",
      "revenue": 38251860,
      "gross_profit": null,
      "operating_income": 23961381,
      "net_income": 22763318,
      "opex": 14290479,
      "cogs": null,
      "rd": null,
      "sga": null,
      "fcf": 25889871,
      "ocf": 25889871,
      "capex": null,
      "gross_margin": null,
      "op_margin": 0.6264108725693339,
      "fcf_margin": 0.6768264602035038,
      "incr_op_margin_yoy": 0.8408731854643775,
      "rev_growth_yoy": 2.178813923774502,
      "rev_growth_yoy_accel": 2.2516126699779635,
      "op_leverage_ratio": 4.335090950141754,
      "fcf_margin_change": 0.23173180230296653
    }
  ],
  "signals": [
    {
      "quarter": "2021-12 (Q4)",
      "signal": "FCF MARGIN EXPANSION",
      "detail": "FCF margin: +44.5% -> +67.7% (+23.2%)",
      "severity": "MEDIUM"
    },
    {
      "quarter": "2021-12 (Q4)",
      "signal": "OPERATING LEVERAGE",
      "detail": "Rev growth +167.3% vs OpEx growth +38.6% (leverage: 4.3x)",
      "severity": "MEDIUM"
    },
    {
      "quarter": "2021-12 (Q4)",
      "signal": "YoY REVENUE GROWTH ACCELERATION",
      "detail": "YoY growth: +217.9% vs prior quarter YoY: -7.3% (accel: +225.2%)",
      "severity": "HIGH"
    },
    {
      "quarter": "2021-12 (Q4)",
      "signal": "INCREMENTAL MARGIN (YoY)",
      "detail": "YoY Incr OPM: +84.1% vs year-ago OPM: +15.9%",
      "severity": "HIGH"
    },
    {
      "quarter": "2021-03 (Q1)",
      "signal": "FCF MARGIN EXPANSION",
      "detail": "FCF margin: +0.5% -> +44.5% (+44.0%)",
      "severity": "MEDIUM"
    },
    {
      "quarter": "2021-03 (Q1)",
      "signal": "OPERATING LEVERAGE",
      "detail": "Rev growth +18.9% vs OpEx growth +1.9% (leverage: 9.9x)",
      "severity": "MEDIUM"
    },
    {
      "quarter": "2020-12 (Q4)",
      "signal": "YoY REVENUE GROWTH DECELERATION",
      "detail": "YoY growth: -9.6% vs prior quarter YoY: +85.1% (decel: -94.6%)",
      "severity": "WARNING"
    },
    {
      "quarter": "2020-03 (Q1)",
      "signal": "FCF TURNED POSITIVE",
      "detail": "FCF margin: -302.6% -> +12.2%",
      "severity": "HIGH"
    },
    {
      "quarter": "2020-03 (Q1)",
      "signal": "INCREMENTAL MARGIN (YoY)",
      "detail": "YoY Incr OPM: +35.6% vs year-ago OPM: +8.0%",
      "severity": "HIGH"
    },
    {
      "quarter": "2019-03 (Q1)",
      "signal": "OP MARGIN TURNED POSITIVE (YoY)",
      "detail": "Op margin: -9.3% (year-ago) -> +8.0%",
      "severity": "HIGH"
    },
    {
      "quarter": "2019-03 (Q1)",
      "signal": "OP MARGIN TURNED POSITIVE (QoQ)",
      "detail": "Op margin: -9.3% -> +8.0%",
      "severity": "HIGH"
    },
    {
      "quarter": "2018-03 (Q1)",
      "signal": "YoY REVENUE GROWTH DECELERATION",
      "detail": "YoY growth: +0.2% vs prior quarter YoY: +26.6% (decel: -26.5%)",
      "severity": "WARNING"
    },
    {
      "quarter": "2017-03 (Q1)",
      "signal": "FCF TURNED POSITIVE",
      "detail": "FCF margin: -15.3% -> +1.0%",
      "severity": "HIGH"
    },
    {
      "quarter": "2017-03 (Q1)",
      "signal": "YoY REVENUE GROWTH ACCELERATION",
      "detail": "YoY growth: +26.6% vs prior quarter YoY: -17.0% (accel: +43.7%)",
      "severity": "HIGH"
    },
    {
      "quarter": "2016-03 (Q1)",
      "signal": "FCF TURNED POSITIVE",
      "detail": "FCF margin: -24.5% -> +5.7%",
      "severity": "HIGH"
    }
  ],
  "data_quality": {
    "n_quarters": 11,
    "coverage": {
      "revenue": [
        11,
        11
      ],
      "gross_profit": [
        0,
        11
      ],
      "op_income": [
        11,
        11
      ],
      "fcf": [
        10,
        11
      ]
    },
    "gaps": [
      [
        "2016-03 (Q1)",
        "2016-12 (Q4)",
        275
      ],
      [
        "2017-03 (Q1)",
        "2018-03 (Q1)",
        365
      ],
      [
        "2018-03 (Q1)",
        "2019-03 (Q1)",
        365
      ],
      [
        "2019-03 (Q1)",
        "2019-12 (Q4)",
        275
      ],
      [
        "2020-03 (Q1)",
        "2020-12 (Q4)",
        275
      ],
      [
        "2021-03 (Q1)",
        "2021-12 (Q4)",
        275
      ]
    ],
    "warnings": [
      "gross_profit: no data",
      "gap: 2Q missing between 2016-03 (Q1) and 2016-12 (Q4)",
      "gap: 3Q missing between 2017-03 (Q1) and 2018-03 (Q1)",
      "gap: 3Q missing between 2018-03 (Q1) and 2019-03 (Q1)",
      "gap: 2Q missing between 2019-03 (Q1) and 2019-12 (Q4)",
      "gap: 2Q missing between 2020-03 (Q1) and 2020-12 (Q4)",
      "gap: 2Q missing between 2021-03 (Q1) and 2021-12 (Q4)"
    ]
  },
  "market_cap": null,
  "source": "SEC EDGAR",
  "last_updated": "2026-02-02T22:35:25.523519",
  "sector": "Industrials",
  "industry": "Marine Shipping"
}