{
  "ticker": "ESI",
  "name": "Element Solutions Inc",
  "quarters": [
    {
      "date": "2020-12-31T00:00:00",
      "quarter_label": "2020-12 (Q4)",
      "revenue": 536600000,
      "gross_profit": 222700000,
      "operating_income": 80000000,
      "net_income": null,
      "opex": 142700000,
      "cogs": 313900000,
      "rd": 11400000,
      "sga": 131300000,
      "fcf": null,
      "ocf": null,
      "capex": -7100000,
      "gross_margin": 0.41502049944092434,
      "op_margin": 0.14908684308609765,
      "fcf_margin": null
    },
    {
      "date": "2021-03-31T00:00:00",
      "quarter_label": "2021-03 (Q1)",
      "revenue": 550100000,
      "gross_profit": 241000000,
      "operating_income": 99900000,
      "net_income": 82300000,
      "opex": 141100000,
      "cogs": 309100000,
      "rd": 11500000,
      "sga": 129600000,
      "fcf": 24100000,
      "ocf": 32600000,
      "capex": -8500000,
      "gross_margin": 0.43810216324304674,
      "op_margin": 0.18160334484639157,
      "fcf_margin": 0.04381021632430467,
      "op_leverage_ratio": Infinity
    },
    {
      "date": "2021-06-30T00:00:00",
      "quarter_label": "2021-06 (Q2)",
      "revenue": 586600000,
      "gross_profit": 238500000,
      "operating_income": 71000000,
      "net_income": 81100000,
      "opex": 167500000,
      "cogs": 348100000,
      "rd": 12800000,
      "sga": 154700000,
      "fcf": null,
      "ocf": null,
      "capex": -8800000,
      "gross_margin": 0.4065802932151381,
      "op_margin": 0.121036481418343,
      "fcf_margin": null,
      "op_leverage_ratio": 0.35462904816204216
    },
    {
      "date": "2021-09-30T00:00:00",
      "quarter_label": "2021-09 (Q3)",
      "revenue": 616200000,
      "gross_profit": 244500000,
      "operating_income": 68500000,
      "net_income": 36000000,
      "opex": 176000000,
      "cogs": 371700000,
      "rd": 12500000,
      "sga": 163500000,
      "fcf": null,
      "ocf": null,
      "capex": -10400000,
      "gross_margin": 0.3967867575462512,
      "op_margin": 0.11116520610191497,
      "fcf_margin": null,
      "op_leverage_ratio": 0.99436433284531
    },
    {
      "date": "2021-12-31T00:00:00",
      "quarter_label": "2021-12 (Q4)",
      "revenue": 646900000,
      "gross_profit": 236800000,
      "operating_income": 60500000,
      "net_income": null,
      "opex": 176300000,
      "cogs": 410100000,
      "rd": 12900000,
      "sga": 163400000,
      "fcf": null,
      "ocf": null,
      "capex": -18600000,
      "gross_margin": 0.3660534858556191,
      "op_margin": 0.09352295563456485,
      "fcf_margin": null,
      "incr_op_margin_yoy": -0.1767905711695376,
      "rev_growth_yoy": 0.20555348490495715,
      "op_leverage_ratio": 29.22860543113708
    },
    {
      "date": "2022-03-31T00:00:00",
      "quarter_label": "2022-03 (Q1)",
      "revenue": 680200000,
      "gross_profit": 263000000,
      "operating_income": 95500000,
      "net_income": null,
      "opex": 167500000,
      "cogs": 417200000,
      "rd": 14100000,
      "sga": 153400000,
      "fcf": -15100000,
      "ocf": -5600000,
      "capex": -9500000,
      "gross_margin": 0.3866509850044105,
      "op_margin": 0.14039988238753306,
      "fcf_margin": -0.022199353131431933,
      "incr_op_margin_yoy": -0.033820138355111454,
      "rev_growth_yoy": 0.2365024540992547,
      "rev_growth_yoy_accel": 0.030948969194297543,
      "op_leverage_ratio": Infinity
    },
    {
      "date": "2022-06-30T00:00:00",
      "quarter_label": "2022-06 (Q2)",
      "revenue": 676900000,
      "gross_profit": 249800000,
      "operating_income": 90500000,
      "net_income": 65200000,
      "opex": 159300000,
      "cogs": 427100000,
      "rd": 12800000,
      "sga": 146500000,
      "fcf": null,
      "ocf": null,
      "capex": -12200000,
      "gross_margin": 0.3690353080218644,
      "op_margin": 0.13369773969567145,
      "fcf_margin": null,
      "incr_op_margin_yoy": 0.2159468438538206,
      "rev_growth_yoy": 0.15393794749403342,
      "rev_growth_yoy_accel": -0.08256450660522127
    },
    {
      "date": "2022-09-30T00:00:00",
      "quarter_label": "2022-09 (Q3)",
      "revenue": 618500000,
      "gross_profit": 221900000,
      "operating_income": 79200000,
      "net_income": 53200000,
      "opex": 142700000,
      "cogs": 396600000,
      "rd": 11300000,
      "sga": 131400000,
      "fcf": null,
      "ocf": null,
      "capex": -11100000,
      "gross_margin": 0.3587712206952304,
      "op_margin": 0.1280517380759903,
      "fcf_margin": null,
      "incr_op_margin_yoy": 4.6521739130434785,
      "rev_growth_yoy": 0.003732554365465758,
      "rev_growth_yoy_accel": -0.15020539312856765
    },
    {
      "date": "2022-12-31T00:00:00",
      "quarter_label": "2022-12 (Q4)",
      "revenue": 573800000,
      "gross_profit": 218000000,
      "operating_income": 60100000,
      "net_income": 12700000,
      "opex": 157900000,
      "cogs": 355800000,
      "rd": 10600000,
      "sga": 147300000,
      "fcf": null,
      "ocf": null,
      "capex": -15000000,
      "gross_margin": 0.3799233182293482,
      "op_margin": 0.10474032764029279,
      "fcf_margin": null,
      "incr_op_margin_yoy": 0.005471956224350205,
      "rev_growth_yoy": -0.11300046375019322,
      "rev_growth_yoy_accel": -0.11673301811565898
    },
    {
      "date": "2023-03-31T00:00:00",
      "quarter_label": "2023-03 (Q1)",
      "revenue": 574400000,
      "gross_profit": 227800000,
      "operating_income": 66400000,
      "net_income": 42900000,
      "opex": 161400000,
      "cogs": 346600000,
      "rd": 12500000,
      "sga": 148900000,
      "fcf": 44400000,
      "ocf": 53500000,
      "capex": -9100000,
      "gross_margin": 0.39658774373259054,
      "op_margin": 0.11559888579387187,
      "fcf_margin": 0.07729805013927576,
      "incr_op_margin_yoy": 0.27504725897920607,
      "rev_growth_yoy": -0.1555424875036754,
      "rev_growth_yoy_accel": -0.042542023753482164
    },
    {
      "date": "2023-06-30T00:00:00",
      "quarter_label": "2023-06 (Q2)",
      "revenue": 586100000,
      "gross_profit": 228500000,
      "operating_income": 52600000,
      "net_income": 29900000,
      "opex": 175900000,
      "cogs": 357600000,
      "rd": 28900000,
      "sga": 147000000,
      "fcf": null,
      "ocf": null,
      "capex": -13800000,
      "gross_margin": 0.38986521071489505,
      "op_margin": 0.0897457771711312,
      "fcf_margin": null,
      "incr_op_margin_yoy": 0.41740088105726875,
      "rev_growth_yoy": -0.1341409366228394,
      "rev_growth_yoy_accel": 0.02140155088083598,
      "op_leverage_ratio": 0.22672894054365575
    },
    {
      "date": "2023-09-30T00:00:00",
      "quarter_label": "2023-09 (Q3)",
      "revenue": 599300000,
      "gross_profit": 241900000,
      "operating_income": -900000,
      "net_income": -31800000,
      "opex": 242800000,
      "cogs": 357400000,
      "rd": 12900000,
      "sga": 149900000,
      "fcf": null,
      "ocf": null,
      "capex": -13400000,
      "gross_margin": 0.40363757717336896,
      "op_margin": -0.0015017520440513933,
      "fcf_margin": null,
      "incr_op_margin_yoy": 4.171875,
      "rev_growth_yoy": -0.031042845594179466,
      "rev_growth_yoy_accel": 0.10309809102865994,
      "op_leverage_ratio": 0.05921639047500274
    },
    {
      "date": "2023-12-31T00:00:00",
      "quarter_label": "2023-12 (Q4)",
      "revenue": 573400000,
      "gross_profit": 220300000,
      "operating_income": 55500000,
      "net_income": 77100000,
      "opex": 164800000,
      "cogs": 353100000,
      "rd": 13800000,
      "sga": 151000000,
      "fcf": null,
      "ocf": null,
      "capex": -16400000,
      "gross_margin": 0.3841995116846878,
      "op_margin": 0.09679107080572026,
      "fcf_margin": null,
      "rev_growth_yoy": -0.0006971070059254096,
      "rev_growth_yoy_accel": 0.030345738588254057
    },
    {
      "date": "2024-03-31T00:00:00",
      "quarter_label": "2024-03 (Q1)",
      "revenue": 575000000,
      "gross_profit": 245000000,
      "operating_income": 77800000,
      "net_income": 56000000,
      "opex": 167200000,
      "cogs": 330000000,
      "rd": 18100000,
      "sga": 149100000,
      "fcf": 39200000,
      "ocf": 58200000,
      "capex": -19000000,
      "gross_margin": 0.4260869565217391,
      "op_margin": 0.13530434782608697,
      "fcf_margin": 0.06817391304347827,
      "rev_growth_yoy": 0.0010445682451253482,
      "rev_growth_yoy_accel": 0.0017416752510507577
    },
    {
      "date": "2024-06-30T00:00:00",
      "quarter_label": "2024-06 (Q2)",
      "revenue": 612700000,
      "gross_profit": 267200000,
      "operating_income": 96200000,
      "net_income": 93200000,
      "opex": 171000000,
      "cogs": 345500000,
      "rd": 15600000,
      "sga": 155400000,
      "fcf": null,
      "ocf": null,
      "capex": -14500000,
      "gross_margin": 0.4361024971437898,
      "op_margin": 0.15700995593275666,
      "fcf_margin": null,
      "incr_op_margin_yoy": 1.6390977443609023,
      "rev_growth_yoy": 0.04538474663026787,
      "rev_growth_yoy_accel": 0.04434017838514252,
      "op_leverage_ratio": 2.8848695652173912
    },
    {
      "date": "2024-09-30T00:00:00",
      "quarter_label": "2024-09 (Q3)",
      "revenue": 645000000,
      "gross_profit": 267500000,
      "operating_income": 95000000,
      "net_income": 40300000,
      "opex": 172500000,
      "cogs": 377500000,
      "rd": 14900000,
      "sga": 157600000,
      "fcf": null,
      "ocf": null,
      "capex": -12600000,
      "gross_margin": 0.41472868217054265,
      "op_margin": 0.14728682170542637,
      "fcf_margin": null,
      "incr_op_margin_yoy": 2.098468271334792,
      "rev_growth_yoy": 0.0762556315701652,
      "rev_growth_yoy_accel": 0.030870884939897328,
      "op_leverage_ratio": 6.009792720744247
    },
    {
      "date": "2024-12-31T00:00:00",
      "quarter_label": "2024-12 (Q4)",
      "revenue": 624200000,
      "gross_profit": 256000000,
      "operating_income": 74900000,
      "net_income": 54700000,
      "opex": 181100000,
      "cogs": 368200000,
      "rd": 14400000,
      "sga": 166700000,
      "fcf": null,
      "ocf": null,
      "capex": -22300000,
      "gross_margin": 0.4101249599487344,
      "op_margin": 0.1199935917975008,
      "fcf_margin": null,
      "incr_op_margin_yoy": 0.38188976377952755,
      "rev_growth_yoy": 0.08859434949424486,
      "rev_growth_yoy_accel": 0.012338717924079659
    },
    {
      "date": "2025-03-31T00:00:00",
      "quarter_label": "2025-03 (Q1)",
      "revenue": 593700000,
      "gross_profit": 250500000,
      "operating_income": 77400000,
      "net_income": null,
      "opex": 173100000,
      "cogs": 343200000,
      "rd": 15900000,
      "sga": 157200000,
      "fcf": 15000000,
      "ocf": 26000000,
      "capex": -11000000,
      "gross_margin": 0.42193026781202625,
      "op_margin": 0.1303688731682668,
      "fcf_margin": 0.025265285497726123,
      "incr_op_margin_yoy": -0.0213903743315508,
      "rev_growth_yoy": 0.03252173913043478,
      "rev_growth_yoy_accel": -0.056072610363810074
    },
    {
      "date": "2025-06-30T00:00:00",
      "quarter_label": "2025-06 (Q2)",
      "revenue": 625200000,
      "gross_profit": 266400000,
      "operating_income": 94300000,
      "net_income": 47400000,
      "opex": 172100000,
      "cogs": 358800000,
      "rd": 16200000,
      "sga": 155900000,
      "fcf": null,
      "ocf": null,
      "capex": -17700000,
      "gross_margin": 0.42610364683301344,
      "op_margin": 0.15083173384516954,
      "fcf_margin": null,
      "incr_op_margin_yoy": -0.152,
      "rev_growth_yoy": 0.02040150155051412,
      "rev_growth_yoy_accel": -0.012120237579920663,
      "op_leverage_ratio": Infinity
    },
    {
      "date": "2025-09-30T00:00:00",
      "quarter_label": "2025-09 (Q3)",
      "revenue": 656100000,
      "gross_profit": 277000000,
      "operating_income": 100800000,
      "net_income": 39300000,
      "opex": 176200000,
      "cogs": 379100000,
      "rd": 18100000,
      "sga": 158100000,
      "fcf": null,
      "ocf": null,
      "capex": -16500000,
      "gross_margin": 0.42219173906416707,
      "op_margin": 0.15363511659807957,
      "fcf_margin": null,
      "incr_op_margin_yoy": 0.5225225225225225,
      "rev_growth_yoy": 0.017209302325581394,
      "rev_growth_yoy_accel": -0.003192199224932725,
      "op_leverage_ratio": 2.074610271054726
    }
  ],
  "signals": [
    {
      "quarter": "2025-09 (Q3)",
      "signal": "OPERATING LEVERAGE",
      "detail": "Rev growth +4.9% vs OpEx growth +2.4% (leverage: 2.1x)",
      "severity": "MEDIUM"
    },
    {
      "quarter": "2025-09 (Q3)",
      "signal": "INCREMENTAL MARGIN (YoY)",
      "detail": "YoY Incr OPM: +52.3% vs year-ago OPM: +14.7%",
      "severity": "HIGH"
    },
    {
      "quarter": "2025-03 (Q1)",
      "signal": "YoY REVENUE GROWTH DECELERATION",
      "detail": "YoY growth: +3.3% vs prior quarter YoY: +8.9% (decel: -5.6%)",
      "severity": "WARNING"
    },
    {
      "quarter": "2024-12 (Q4)",
      "signal": "INCREMENTAL MARGIN (YoY)",
      "detail": "YoY Incr OPM: +38.2% vs year-ago OPM: +9.7%",
      "severity": "HIGH"
    },
    {
      "quarter": "2024-09 (Q3)",
      "signal": "OPERATING LEVERAGE",
      "detail": "Rev growth +5.3% vs OpEx growth +0.9% (leverage: 6.0x)",
      "severity": "MEDIUM"
    },
    {
      "quarter": "2024-09 (Q3)",
      "signal": "OP MARGIN TURNED POSITIVE (YoY)",
      "detail": "Op margin: -0.2% (year-ago) -> +14.7%",
      "severity": "HIGH"
    },
    {
      "quarter": "2024-06 (Q2)",
      "signal": "OPERATING LEVERAGE",
      "detail": "Rev growth +6.6% vs OpEx growth +2.3% (leverage: 2.9x)",
      "severity": "MEDIUM"
    },
    {
      "quarter": "2024-06 (Q2)",
      "signal": "INCREMENTAL MARGIN (YoY)",
      "detail": "YoY Incr OPM: +163.9% vs year-ago OPM: +9.0%",
      "severity": "HIGH"
    },
    {
      "quarter": "2024-03 (Q1)",
      "signal": "GROSS MARGIN INFLECTION",
      "detail": "GM: +40.4% -> +38.4% -> +42.6% (reversal +4.2%)",
      "severity": "MEDIUM"
    },
    {
      "quarter": "2023-12 (Q4)",
      "signal": "OP MARGIN TURNED POSITIVE (QoQ)",
      "detail": "Op margin: -0.2% -> +9.7%",
      "severity": "HIGH"
    },
    {
      "quarter": "2023-09 (Q3)",
      "signal": "YoY REVENUE GROWTH ACCELERATION",
      "detail": "YoY growth: -3.1% vs prior quarter YoY: -13.4% (accel: +10.3%)",
      "severity": "MEDIUM"
    },
    {
      "quarter": "2023-06 (Q2)",
      "signal": "INCREMENTAL MARGIN (YoY)",
      "detail": "YoY Incr OPM: +41.7% vs year-ago OPM: +13.4%",
      "severity": "HIGH"
    },
    {
      "quarter": "2023-03 (Q1)",
      "signal": "INCREMENTAL MARGIN (YoY)",
      "detail": "YoY Incr OPM: +27.5% vs year-ago OPM: +14.0%",
      "severity": "MEDIUM"
    },
    {
      "quarter": "2022-12 (Q4)",
      "signal": "GROSS MARGIN INFLECTION",
      "detail": "GM: +36.9% -> +35.9% -> +38.0% (reversal +2.1%)",
      "severity": "MEDIUM"
    },
    {
      "quarter": "2022-12 (Q4)",
      "signal": "YoY REVENUE GROWTH DECELERATION",
      "detail": "YoY growth: -11.3% vs prior quarter YoY: +0.4% (decel: -11.7%)",
      "severity": "WARNING"
    },
    {
      "quarter": "2022-09 (Q3)",
      "signal": "YoY REVENUE GROWTH DECELERATION",
      "detail": "YoY growth: +0.4% vs prior quarter YoY: +15.4% (decel: -15.0%)",
      "severity": "WARNING"
    },
    {
      "quarter": "2022-09 (Q3)",
      "signal": "INCREMENTAL MARGIN (YoY)",
      "detail": "YoY Incr OPM: +465.2% vs year-ago OPM: +11.1%",
      "severity": "HIGH"
    },
    {
      "quarter": "2022-06 (Q2)",
      "signal": "YoY REVENUE GROWTH DECELERATION",
      "detail": "YoY growth: +15.4% vs prior quarter YoY: +23.7% (decel: -8.3%)",
      "severity": "WARNING"
    },
    {
      "quarter": "2022-03 (Q1)",
      "signal": "GROSS MARGIN INFLECTION",
      "detail": "GM: +39.7% -> +36.6% -> +38.7% (reversal +2.1%)",
      "severity": "MEDIUM"
    },
    {
      "quarter": "2021-12 (Q4)",
      "signal": "OPERATING LEVERAGE",
      "detail": "Rev growth +5.0% vs OpEx growth +0.2% (leverage: 29.2x)",
      "severity": "MEDIUM"
    }
  ],
  "data_quality": {
    "n_quarters": 20,
    "coverage": {
      "revenue": [
        20,
        20
      ],
      "gross_profit": [
        20,
        20
      ],
      "op_income": [
        20,
        20
      ],
      "fcf": [
        5,
        20
      ]
    },
    "gaps": [],
    "warnings": [
      "fcf: 5/20Q"
    ]
  },
  "market_cap": null,
  "source": "SEC EDGAR",
  "last_updated": "2026-02-02T20:50:33.466882"
}