{
  "ticker": "ESNT",
  "name": "ESSENT GROUP LTD.",
  "quarters": [
    {
      "date": "2020-12-31T00:00:00",
      "quarter_label": "2020-12 (Q4)",
      "revenue": 247199000,
      "gross_profit": null,
      "operating_income": null,
      "net_income": 123602000,
      "opex": null,
      "cogs": null,
      "rd": null,
      "sga": null,
      "fcf": 178333000,
      "ocf": 179425000,
      "capex": -1092000,
      "gross_margin": null,
      "op_margin": null,
      "fcf_margin": 0.7214147306421143
    },
    {
      "date": "2021-03-31T00:00:00",
      "quarter_label": "2021-03 (Q1)",
      "revenue": 244797000,
      "gross_profit": null,
      "operating_income": -76612000,
      "net_income": 135648000,
      "opex": null,
      "cogs": null,
      "rd": null,
      "sga": null,
      "fcf": 187197000,
      "ocf": 187771000,
      "capex": -574000,
      "gross_margin": null,
      "op_margin": -0.3129613516505513,
      "fcf_margin": 0.7647029988112599,
      "fcf_margin_change": 0.04328826816914566
    },
    {
      "date": "2021-06-30T00:00:00",
      "quarter_label": "2021-06 (Q2)",
      "revenue": 243261000,
      "gross_profit": null,
      "operating_income": null,
      "net_income": 159795000,
      "opex": null,
      "cogs": null,
      "rd": null,
      "sga": null,
      "fcf": 151833000,
      "ocf": 152024000,
      "capex": -191000,
      "gross_margin": null,
      "op_margin": null,
      "fcf_margin": 0.6241567698891314,
      "fcf_margin_change": -0.14054622892212854
    },
    {
      "date": "2021-09-30T00:00:00",
      "quarter_label": "2021-09 (Q3)",
      "revenue": 283536000,
      "gross_profit": null,
      "operating_income": null,
      "net_income": 205353000,
      "opex": null,
      "cogs": null,
      "rd": null,
      "sga": null,
      "fcf": 177442000,
      "ocf": 178372000,
      "capex": -930000,
      "gross_margin": null,
      "op_margin": null,
      "fcf_margin": 0.6258182382484059,
      "fcf_margin_change": 0.0016614683592744983
    },
    {
      "date": "2021-12-31T00:00:00",
      "quarter_label": "2021-12 (Q4)",
      "revenue": 256916000,
      "gross_profit": null,
      "operating_income": null,
      "net_income": 180987000,
      "opex": null,
      "cogs": null,
      "rd": null,
      "sga": null,
      "fcf": 190286000,
      "ocf": 191089000,
      "capex": -803000,
      "gross_margin": null,
      "op_margin": null,
      "fcf_margin": 0.7406545329991125,
      "rev_growth_yoy": 0.03930841144179386,
      "fcf_margin_change": 0.11483629475070667
    },
    {
      "date": "2022-03-31T00:00:00",
      "quarter_label": "2022-03 (Q1)",
      "revenue": 264611000,
      "gross_profit": null,
      "operating_income": 63836000,
      "net_income": 274167000,
      "opex": null,
      "cogs": null,
      "rd": null,
      "sga": null,
      "fcf": 179913000,
      "ocf": 180629000,
      "capex": -716000,
      "gross_margin": null,
      "op_margin": 0.24124469504291204,
      "fcf_margin": 0.6799150451039451,
      "incr_op_margin_yoy": 7.088321388916928,
      "rev_growth_yoy": 0.08094053440197388,
      "rev_growth_yoy_accel": 0.04163212296018002,
      "fcf_margin_change": -0.06073948789516748
    },
    {
      "date": "2022-06-30T00:00:00",
      "quarter_label": "2022-06 (Q2)",
      "revenue": 244409000,
      "gross_profit": null,
      "operating_income": null,
      "net_income": 231769000,
      "opex": null,
      "cogs": null,
      "rd": null,
      "sga": null,
      "fcf": 62336000,
      "ocf": 63269000,
      "capex": -933000,
      "gross_margin": null,
      "op_margin": null,
      "fcf_margin": 0.25504789103510916,
      "rev_growth_yoy": 0.004719211053148676,
      "rev_growth_yoy_accel": -0.0762213233488252,
      "fcf_margin_change": -0.4248671540688359
    },
    {
      "date": "2022-09-30T00:00:00",
      "quarter_label": "2022-09 (Q3)",
      "revenue": 261767000,
      "gross_profit": null,
      "operating_income": null,
      "net_income": 178051000,
      "opex": null,
      "cogs": null,
      "rd": null,
      "sga": null,
      "fcf": 171696000,
      "ocf": 172558000,
      "capex": -862000,
      "gross_margin": null,
      "op_margin": null,
      "fcf_margin": 0.6559115549324399,
      "rev_growth_yoy": -0.07677684667908131,
      "rev_growth_yoy_accel": -0.08149605773223,
      "fcf_margin_change": 0.40086366389733075
    },
    {
      "date": "2022-12-31T00:00:00",
      "quarter_label": "2022-12 (Q4)",
      "revenue": 230037000,
      "gross_profit": null,
      "operating_income": null,
      "net_income": 147366000,
      "opex": null,
      "cogs": null,
      "rd": null,
      "sga": null,
      "fcf": 170891000,
      "ocf": 172361000,
      "capex": -1470000,
      "gross_margin": null,
      "op_margin": null,
      "fcf_margin": 0.7428848402648269,
      "rev_growth_yoy": -0.1046217440719924,
      "rev_growth_yoy_accel": -0.027844897392911086,
      "fcf_margin_change": 0.08697328533238702
    },
    {
      "date": "2023-03-31T00:00:00",
      "quarter_label": "2023-03 (Q1)",
      "revenue": 256246000,
      "gross_profit": null,
      "operating_income": null,
      "net_income": 170827000,
      "opex": null,
      "cogs": null,
      "rd": null,
      "sga": null,
      "fcf": 184399000,
      "ocf": 184789000,
      "capex": -390000,
      "gross_margin": null,
      "op_margin": null,
      "fcf_margin": 0.7196170867057436,
      "rev_growth_yoy": -0.03161244241547025,
      "rev_growth_yoy_accel": 0.07300930165652214,
      "fcf_margin_change": -0.023267753559083282
    },
    {
      "date": "2023-06-30T00:00:00",
      "quarter_label": "2023-06 (Q2)",
      "revenue": 260128000,
      "gross_profit": null,
      "operating_income": null,
      "net_income": 172233000,
      "opex": null,
      "cogs": null,
      "rd": null,
      "sga": null,
      "fcf": 167304000,
      "ocf": 167711000,
      "capex": -407000,
      "gross_margin": null,
      "op_margin": null,
      "fcf_margin": 0.6431602903186123,
      "rev_growth_yoy": 0.06431432557720869,
      "rev_growth_yoy_accel": 0.09592676799267894,
      "fcf_margin_change": -0.07645679638713132
    },
    {
      "date": "2023-09-30T00:00:00",
      "quarter_label": "2023-09 (Q3)",
      "revenue": 296108000,
      "gross_profit": null,
      "operating_income": null,
      "net_income": 177959000,
      "opex": null,
      "cogs": null,
      "rd": null,
      "sga": null,
      "fcf": 194002000,
      "ocf": 195048000,
      "capex": -1046000,
      "gross_margin": null,
      "op_margin": null,
      "fcf_margin": 0.655173112513002,
      "rev_growth_yoy": 0.13118918733071777,
      "rev_growth_yoy_accel": 0.06687486175350908,
      "fcf_margin_change": 0.012012822194389705
    },
    {
      "date": "2023-12-31T00:00:00",
      "quarter_label": "2023-12 (Q4)",
      "revenue": 297277000,
      "gross_profit": null,
      "operating_income": null,
      "net_income": 175367000,
      "opex": null,
      "cogs": null,
      "rd": null,
      "sga": null,
      "fcf": 213294000,
      "ocf": 215453000,
      "capex": -2159000,
      "gross_margin": null,
      "op_margin": null,
      "fcf_margin": 0.7174924397111112,
      "rev_growth_yoy": 0.2923008037837391,
      "rev_growth_yoy_accel": 0.16111161645302136,
      "fcf_margin_change": 0.062319327198109176
    },
    {
      "date": "2024-03-31T00:00:00",
      "quarter_label": "2024-03 (Q1)",
      "revenue": 298357000,
      "gross_profit": null,
      "operating_income": null,
      "net_income": 181719000,
      "opex": null,
      "cogs": null,
      "rd": null,
      "sga": null,
      "fcf": 212451000,
      "ocf": 216935000,
      "capex": -4484000,
      "gross_margin": null,
      "op_margin": null,
      "fcf_margin": 0.7120697687669469,
      "rev_growth_yoy": 0.16433817503492737,
      "rev_growth_yoy_accel": -0.12796262874881176,
      "fcf_margin_change": -0.005422670944164265
    },
    {
      "date": "2024-06-30T00:00:00",
      "quarter_label": "2024-06 (Q2)",
      "revenue": 312942000,
      "gross_profit": null,
      "operating_income": null,
      "net_income": 203609000,
      "opex": null,
      "cogs": null,
      "rd": null,
      "sga": null,
      "fcf": 187633000,
      "ocf": 188691000,
      "capex": -1058000,
      "gross_margin": null,
      "op_margin": null,
      "fcf_margin": 0.5995775575026683,
      "rev_growth_yoy": 0.2030308155984746,
      "rev_growth_yoy_accel": 0.03869264056354724,
      "fcf_margin_change": -0.11249221126427866
    },
    {
      "date": "2024-09-30T00:00:00",
      "quarter_label": "2024-09 (Q3)",
      "revenue": 316578000,
      "gross_profit": null,
      "operating_income": null,
      "net_income": 176175000,
      "opex": null,
      "cogs": null,
      "rd": null,
      "sga": null,
      "fcf": 228698000,
      "ocf": 229201000,
      "capex": -503000,
      "gross_margin": null,
      "op_margin": null,
      "fcf_margin": 0.7224064843419316,
      "rev_growth_yoy": 0.06913018223080768,
      "rev_growth_yoy_accel": -0.13390063336766694,
      "fcf_margin_change": 0.12282892683926327
    },
    {
      "date": "2024-12-31T00:00:00",
      "quarter_label": "2024-12 (Q4)",
      "revenue": 315027000,
      "gross_profit": null,
      "operating_income": null,
      "net_income": 167900000,
      "opex": null,
      "cogs": null,
      "rd": null,
      "sga": null,
      "fcf": 225984000,
      "ocf": 226705000,
      "capex": -721000,
      "gross_margin": null,
      "op_margin": null,
      "fcf_margin": 0.717348036834938,
      "rev_growth_yoy": 0.05970862192500597,
      "rev_growth_yoy_accel": -0.009421560305801706,
      "fcf_margin_change": -0.00505844750699358
    },
    {
      "date": "2025-03-31T00:00:00",
      "quarter_label": "2025-03 (Q1)",
      "revenue": 317558000,
      "gross_profit": null,
      "operating_income": null,
      "net_income": 175433000,
      "opex": null,
      "cogs": null,
      "rd": null,
      "sga": null,
      "fcf": 221346000,
      "ocf": 221567000,
      "capex": -221000,
      "gross_margin": null,
      "op_margin": null,
      "fcf_margin": 0.6970254252766424,
      "rev_growth_yoy": 0.06435578853521118,
      "rev_growth_yoy_accel": 0.004647166610205207,
      "fcf_margin_change": -0.020322611558295622
    },
    {
      "date": "2025-06-30T00:00:00",
      "quarter_label": "2025-06 (Q2)",
      "revenue": 319143000,
      "gross_profit": null,
      "operating_income": null,
      "net_income": 195339000,
      "opex": null,
      "cogs": null,
      "rd": null,
      "sga": null,
      "fcf": 188795000,
      "ocf": 189537000,
      "capex": -742000,
      "gross_margin": null,
      "op_margin": null,
      "fcf_margin": 0.5915686698439258,
      "rev_growth_yoy": 0.019815173418716567,
      "rev_growth_yoy_accel": -0.04454061511649461,
      "fcf_margin_change": -0.1054567554327166
    },
    {
      "date": "2025-09-30T00:00:00",
      "quarter_label": "2025-09 (Q3)",
      "revenue": 311830000,
      "gross_profit": null,
      "operating_income": null,
      "net_income": 164215000,
      "opex": null,
      "cogs": null,
      "rd": null,
      "sga": null,
      "fcf": 210596000,
      "ocf": 215857000,
      "capex": -5261000,
      "gross_margin": null,
      "op_margin": null,
      "fcf_margin": 0.6753551614661835,
      "rev_growth_yoy": -0.014997883617939339,
      "rev_growth_yoy_accel": -0.03481305703665591,
      "fcf_margin_change": 0.08378649162225771
    }
  ],
  "signals": [
    {
      "quarter": "2025-09 (Q3)",
      "signal": "FCF MARGIN EXPANSION",
      "detail": "FCF margin: +59.2% -> +67.5% (+8.4%)",
      "severity": "MEDIUM"
    },
    {
      "quarter": "2024-09 (Q3)",
      "signal": "FCF MARGIN EXPANSION",
      "detail": "FCF margin: +60.0% -> +72.2% (+12.3%)",
      "severity": "MEDIUM"
    },
    {
      "quarter": "2024-09 (Q3)",
      "signal": "YoY REVENUE GROWTH DECELERATION",
      "detail": "YoY growth: +6.9% vs prior quarter YoY: +20.3% (decel: -13.4%)",
      "severity": "WARNING"
    },
    {
      "quarter": "2024-03 (Q1)",
      "signal": "YoY REVENUE GROWTH DECELERATION",
      "detail": "YoY growth: +16.4% vs prior quarter YoY: +29.2% (decel: -12.8%)",
      "severity": "WARNING"
    },
    {
      "quarter": "2023-12 (Q4)",
      "signal": "FCF MARGIN EXPANSION",
      "detail": "FCF margin: +65.5% -> +71.7% (+6.2%)",
      "severity": "MEDIUM"
    },
    {
      "quarter": "2023-12 (Q4)",
      "signal": "YoY REVENUE GROWTH ACCELERATION",
      "detail": "YoY growth: +29.2% vs prior quarter YoY: +13.1% (accel: +16.1%)",
      "severity": "HIGH"
    },
    {
      "quarter": "2023-09 (Q3)",
      "signal": "YoY REVENUE GROWTH ACCELERATION",
      "detail": "YoY growth: +13.1% vs prior quarter YoY: +6.4% (accel: +6.7%)",
      "severity": "MEDIUM"
    },
    {
      "quarter": "2023-06 (Q2)",
      "signal": "YoY REVENUE GROWTH ACCELERATION",
      "detail": "YoY growth: +6.4% vs prior quarter YoY: -3.2% (accel: +9.6%)",
      "severity": "MEDIUM"
    },
    {
      "quarter": "2023-03 (Q1)",
      "signal": "YoY REVENUE GROWTH ACCELERATION",
      "detail": "YoY growth: -3.2% vs prior quarter YoY: -10.5% (accel: +7.3%)",
      "severity": "MEDIUM"
    },
    {
      "quarter": "2022-12 (Q4)",
      "signal": "FCF MARGIN EXPANSION",
      "detail": "FCF margin: +65.6% -> +74.3% (+8.7%)",
      "severity": "MEDIUM"
    },
    {
      "quarter": "2022-09 (Q3)",
      "signal": "FCF MARGIN EXPANSION",
      "detail": "FCF margin: +25.5% -> +65.6% (+40.1%)",
      "severity": "MEDIUM"
    },
    {
      "quarter": "2022-09 (Q3)",
      "signal": "YoY REVENUE GROWTH DECELERATION",
      "detail": "YoY growth: -7.7% vs prior quarter YoY: +0.5% (decel: -8.1%)",
      "severity": "WARNING"
    },
    {
      "quarter": "2022-06 (Q2)",
      "signal": "YoY REVENUE GROWTH DECELERATION",
      "detail": "YoY growth: +0.5% vs prior quarter YoY: +8.1% (decel: -7.6%)",
      "severity": "WARNING"
    },
    {
      "quarter": "2022-03 (Q1)",
      "signal": "OP MARGIN TURNED POSITIVE (YoY)",
      "detail": "Op margin: -31.3% (year-ago) -> +24.1%",
      "severity": "HIGH"
    },
    {
      "quarter": "2021-12 (Q4)",
      "signal": "FCF MARGIN EXPANSION",
      "detail": "FCF margin: +62.6% -> +74.1% (+11.5%)",
      "severity": "MEDIUM"
    }
  ],
  "data_quality": {
    "n_quarters": 20,
    "coverage": {
      "revenue": [
        20,
        20
      ],
      "gross_profit": [
        0,
        20
      ],
      "op_income": [
        2,
        20
      ],
      "fcf": [
        20,
        20
      ]
    },
    "gaps": [],
    "warnings": [
      "gross_profit: no data",
      "op_income: 2/20Q"
    ]
  },
  "market_cap": null,
  "source": "SEC EDGAR",
  "last_updated": "2026-02-02T20:55:31.838895"
}