{
  "ticker": "ESPR",
  "name": "Esperion Therapeutics,\u00a0Inc.",
  "quarters": [
    {
      "date": "2020-12-31T00:00:00",
      "quarter_label": "2020-12 (Q4)",
      "revenue": 9638000,
      "gross_profit": null,
      "operating_income": -95569000,
      "net_income": -104476000,
      "opex": 105207000,
      "cogs": null,
      "rd": null,
      "sga": 61555000,
      "fcf": -68726000,
      "ocf": -68550000,
      "capex": -176000,
      "gross_margin": null,
      "op_margin": -9.915853911599918,
      "fcf_margin": -7.130732517119735
    },
    {
      "date": "2021-03-31T00:00:00",
      "quarter_label": "2021-03 (Q1)",
      "revenue": 7978000,
      "gross_profit": null,
      "operating_income": -82824000,
      "net_income": -90935000,
      "opex": 90802000,
      "cogs": null,
      "rd": null,
      "sga": 61064000,
      "fcf": -89068000,
      "ocf": -89068000,
      "capex": null,
      "gross_margin": null,
      "op_margin": -10.381549260466283,
      "fcf_margin": -11.164201554274253,
      "fcf_margin_change": -4.033469037154519
    },
    {
      "date": "2021-06-30T00:00:00",
      "quarter_label": "2021-06 (Q2)",
      "revenue": 40659000,
      "gross_profit": null,
      "operating_income": -32533000,
      "net_income": -43668000,
      "opex": 73192000,
      "cogs": null,
      "rd": null,
      "sga": 46318000,
      "fcf": -47866000,
      "ocf": -47866000,
      "capex": null,
      "gross_margin": null,
      "op_margin": -0.800142649843823,
      "fcf_margin": -1.1772547283504267,
      "op_leverage_ratio": Infinity,
      "fcf_margin_change": 9.986946825923827
    },
    {
      "date": "2021-09-30T00:00:00",
      "quarter_label": "2021-09 (Q3)",
      "revenue": 14409000,
      "gross_profit": null,
      "operating_income": -55745000,
      "net_income": -69386000,
      "opex": 70154000,
      "cogs": null,
      "rd": null,
      "sga": 39265000,
      "fcf": -69169000,
      "ocf": -69169000,
      "capex": null,
      "gross_margin": null,
      "op_margin": -3.868762578943716,
      "fcf_margin": -4.800402526198903,
      "fcf_margin_change": -3.6231477978484765
    },
    {
      "date": "2021-12-31T00:00:00",
      "quarter_label": "2021-12 (Q4)",
      "revenue": 15401000,
      "gross_profit": null,
      "operating_income": -55628000,
      "net_income": -65119000,
      "opex": 71029000,
      "cogs": null,
      "rd": null,
      "sga": 38338000,
      "fcf": -57706000,
      "ocf": -57706000,
      "capex": null,
      "gross_margin": null,
      "op_margin": -3.611973248490358,
      "fcf_margin": -3.7468995519771444,
      "incr_op_margin_yoy": 6.930591705708832,
      "rev_growth_yoy": 0.5979456318738328,
      "op_leverage_ratio": 5.519785689499619,
      "fcf_margin_change": 1.0535029742217588
    },
    {
      "date": "2022-03-31T00:00:00",
      "quarter_label": "2022-03 (Q1)",
      "revenue": 18836000,
      "gross_profit": null,
      "operating_income": -42989000,
      "net_income": -56731000,
      "opex": 61825000,
      "cogs": null,
      "rd": null,
      "sga": 30381000,
      "fcf": -38990000,
      "ocf": -38990000,
      "capex": null,
      "gross_margin": null,
      "op_margin": -2.282278615417286,
      "fcf_margin": -2.069972393289446,
      "incr_op_margin_yoy": 3.668723521827224,
      "rev_growth_yoy": 1.3609927300075206,
      "rev_growth_yoy_accel": 0.7630470981336879,
      "op_leverage_ratio": Infinity,
      "fcf_margin_change": 1.6769271586876986
    },
    {
      "date": "2022-06-30T00:00:00",
      "quarter_label": "2022-06 (Q2)",
      "revenue": 18841000,
      "gross_profit": null,
      "operating_income": -52376000,
      "net_income": -66324000,
      "opex": 71217000,
      "cogs": null,
      "rd": null,
      "sga": 29609000,
      "fcf": -50532000,
      "ocf": -50532000,
      "capex": null,
      "gross_margin": null,
      "op_margin": -2.779894910036622,
      "fcf_margin": -2.682023247173717,
      "incr_op_margin_yoy": 0.9094784123201026,
      "rev_growth_yoy": -0.5366093607811309,
      "rev_growth_yoy_accel": -1.8976020907886515,
      "fcf_margin_change": -0.6120508538842713
    },
    {
      "date": "2022-09-30T00:00:00",
      "quarter_label": "2022-09 (Q3)",
      "revenue": 18980000,
      "gross_profit": null,
      "operating_income": -41623000,
      "net_income": -55117000,
      "opex": 60603000,
      "cogs": null,
      "rd": null,
      "sga": 24954000,
      "fcf": -42833000,
      "ocf": -42833000,
      "capex": null,
      "gross_margin": null,
      "op_margin": -2.1929926238145416,
      "fcf_margin": -2.2567439409905163,
      "incr_op_margin_yoy": 3.0894771384817328,
      "rev_growth_yoy": 0.31723228537719483,
      "rev_growth_yoy_accel": 0.8538416461583257,
      "fcf_margin_change": 0.42527930618320076
    },
    {
      "date": "2022-12-31T00:00:00",
      "quarter_label": "2022-12 (Q4)",
      "revenue": 18818000,
      "gross_profit": null,
      "operating_income": -42513000,
      "net_income": -55487000,
      "opex": 61331000,
      "cogs": null,
      "rd": null,
      "sga": 24138000,
      "fcf": -42472000,
      "ocf": -42472000,
      "capex": null,
      "gross_margin": null,
      "op_margin": -2.25916675523435,
      "fcf_margin": -2.256987990222128,
      "incr_op_margin_yoy": 3.8381621305238514,
      "rev_growth_yoy": 0.2218687098240374,
      "rev_growth_yoy_accel": -0.09536357555315744,
      "fcf_margin_change": -0.0002440492316115872
    },
    {
      "date": "2023-03-31T00:00:00",
      "quarter_label": "2023-03 (Q1)",
      "revenue": 24329000,
      "gross_profit": null,
      "operating_income": -48605000,
      "net_income": -61719000,
      "opex": 72934000,
      "cogs": null,
      "rd": null,
      "sga": 29901000,
      "fcf": -54356000,
      "ocf": -54356000,
      "capex": null,
      "gross_margin": null,
      "op_margin": -1.997821529861482,
      "fcf_margin": -2.234206091495746,
      "incr_op_margin_yoy": -1.022392135445112,
      "rev_growth_yoy": 0.2916224251433425,
      "rev_growth_yoy_accel": 0.06975371531930513,
      "op_leverage_ratio": 1.5479848304831945,
      "fcf_margin_change": 0.02278189872638192
    },
    {
      "date": "2023-06-30T00:00:00",
      "quarter_label": "2023-06 (Q2)",
      "revenue": 25786000,
      "gross_profit": null,
      "operating_income": -37058000,
      "net_income": -49935000,
      "opex": 62844000,
      "cogs": null,
      "rd": null,
      "sga": 33959000,
      "fcf": -24750000,
      "ocf": -24750000,
      "capex": null,
      "gross_margin": null,
      "op_margin": -1.4371364306212673,
      "fcf_margin": -0.9598231598541844,
      "incr_op_margin_yoy": 2.2056155507559394,
      "rev_growth_yoy": 0.3686110079082851,
      "rev_growth_yoy_accel": 0.07698858276494258,
      "op_leverage_ratio": Infinity,
      "fcf_margin_change": 1.2743829316415616
    },
    {
      "date": "2023-09-30T00:00:00",
      "quarter_label": "2023-09 (Q3)",
      "revenue": 33969000,
      "gross_profit": null,
      "operating_income": -27533000,
      "net_income": -41250000,
      "opex": 61502000,
      "cogs": null,
      "rd": null,
      "sga": 33240000,
      "fcf": -19325000,
      "ocf": -19325000,
      "capex": null,
      "gross_margin": null,
      "op_margin": -0.810533133150814,
      "fcf_margin": -0.5689010568459478,
      "incr_op_margin_yoy": 0.9400226833010875,
      "rev_growth_yoy": 0.7897260273972603,
      "rev_growth_yoy_accel": 0.4211150194889752,
      "op_leverage_ratio": Infinity,
      "fcf_margin_change": 0.3909221030082366
    },
    {
      "date": "2023-12-31T00:00:00",
      "quarter_label": "2023-12 (Q4)",
      "revenue": 32250000,
      "gross_profit": null,
      "operating_income": -42367000,
      "net_income": -56344000,
      "opex": 74617000,
      "cogs": null,
      "rd": null,
      "sga": 45423000,
      "fcf": -37056000,
      "ocf": -37056000,
      "capex": null,
      "gross_margin": null,
      "op_margin": -1.313705426356589,
      "fcf_margin": -1.1490232558139535,
      "incr_op_margin_yoy": 0.010869565217391304,
      "rev_growth_yoy": 0.7137846742480604,
      "rev_growth_yoy_accel": -0.07594135314919992,
      "fcf_margin_change": -0.5801221989680057
    },
    {
      "date": "2024-03-31T00:00:00",
      "quarter_label": "2024-03 (Q1)",
      "revenue": 137735000,
      "gross_profit": null,
      "operating_income": 72269000,
      "net_income": 61022000,
      "opex": 65466000,
      "cogs": null,
      "rd": null,
      "sga": 41988000,
      "fcf": 53755000,
      "ocf": 53828000,
      "capex": -73000,
      "gross_margin": null,
      "op_margin": 0.5246959741532653,
      "fcf_margin": 0.3902784332232185,
      "incr_op_margin_yoy": 1.065851894961466,
      "rev_growth_yoy": 4.661350651485881,
      "rev_growth_yoy_accel": 3.9475659772378204,
      "op_leverage_ratio": Infinity,
      "fcf_margin_change": 1.539301689037172
    },
    {
      "date": "2024-06-30T00:00:00",
      "quarter_label": "2024-06 (Q2)",
      "revenue": 73834000,
      "gross_profit": null,
      "operating_income": 2579000,
      "net_income": -61925000,
      "opex": 71255000,
      "cogs": null,
      "rd": null,
      "sga": 44185000,
      "fcf": -7282000,
      "ocf": -7205000,
      "capex": -77000,
      "gross_margin": null,
      "op_margin": 0.03492970718097353,
      "fcf_margin": -0.09862664896930953,
      "incr_op_margin_yoy": 0.8249458874458875,
      "rev_growth_yoy": 1.8633366943302567,
      "rev_growth_yoy_accel": -2.798013957155624,
      "fcf_margin_change": -0.48890508219252804
    },
    {
      "date": "2024-09-30T00:00:00",
      "quarter_label": "2024-09 (Q3)",
      "revenue": 51632000,
      "gross_profit": null,
      "operating_income": -16026000,
      "net_income": -29524000,
      "opex": 67658000,
      "cogs": null,
      "rd": null,
      "sga": 39975000,
      "fcf": -35492000,
      "ocf": -35325000,
      "capex": -167000,
      "gross_margin": null,
      "op_margin": -0.31038890610474124,
      "fcf_margin": -0.6874031608304927,
      "incr_op_margin_yoy": 0.6514748343995924,
      "rev_growth_yoy": 0.5199740940269069,
      "rev_growth_yoy_accel": -1.3433626003033499,
      "fcf_margin_change": -0.5887765118611832
    },
    {
      "date": "2024-12-31T00:00:00",
      "quarter_label": "2024-12 (Q4)",
      "revenue": 69113000,
      "gross_profit": null,
      "operating_income": -4420000,
      "net_income": -21318000,
      "opex": 73533000,
      "cogs": null,
      "rd": null,
      "sga": 36925000,
      "fcf": -34952000,
      "ocf": -34952000,
      "capex": null,
      "gross_margin": null,
      "op_margin": -0.06395323600480372,
      "fcf_margin": -0.5057225124072172,
      "incr_op_margin_yoy": 1.0294061796381195,
      "rev_growth_yoy": 1.1430387596899225,
      "rev_growth_yoy_accel": 0.6230646656630157,
      "op_leverage_ratio": 3.8990482498071457,
      "fcf_margin_change": 0.18168064842327547
    },
    {
      "date": "2025-03-31T00:00:00",
      "quarter_label": "2025-03 (Q1)",
      "revenue": 64995000,
      "gross_profit": null,
      "operating_income": -22096000,
      "net_income": -40455000,
      "opex": 87091000,
      "cogs": null,
      "rd": null,
      "sga": 42996000,
      "fcf": -22628000,
      "ocf": -22628000,
      "capex": null,
      "gross_margin": null,
      "op_margin": -0.3399646126625125,
      "fcf_margin": -0.3481498576813601,
      "incr_op_margin_yoy": 1.297291723948309,
      "rev_growth_yoy": -0.5281155842741496,
      "rev_growth_yoy_accel": -1.6711543439640721,
      "fcf_margin_change": 0.15757265472585713
    },
    {
      "date": "2025-06-30T00:00:00",
      "quarter_label": "2025-06 (Q2)",
      "revenue": 82385000,
      "gross_profit": null,
      "operating_income": 7095000,
      "net_income": -12725000,
      "opex": 75290000,
      "cogs": null,
      "rd": null,
      "sga": 39509000,
      "fcf": -31422000,
      "ocf": -31422000,
      "capex": null,
      "gross_margin": null,
      "op_margin": 0.08612004612490137,
      "fcf_margin": -0.38140438186563086,
      "incr_op_margin_yoy": 0.5281253654543329,
      "rev_growth_yoy": 0.11581385269658964,
      "rev_growth_yoy_accel": 0.6439294369707392,
      "op_leverage_ratio": Infinity,
      "fcf_margin_change": -0.03325452418427077
    },
    {
      "date": "2025-09-30T00:00:00",
      "quarter_label": "2025-09 (Q3)",
      "revenue": 87309000,
      "gross_profit": null,
      "operating_income": -9959000,
      "net_income": -31333000,
      "opex": 97268000,
      "cogs": null,
      "rd": null,
      "sga": 41848000,
      "fcf": -4286000,
      "ocf": -4286000,
      "capex": null,
      "gross_margin": null,
      "op_margin": -0.11406613293016757,
      "fcf_margin": -0.0490900136297518,
      "incr_op_margin_yoy": 0.1700535358914707,
      "rev_growth_yoy": 0.6909862101022621,
      "rev_growth_yoy_accel": 0.5751723574056725,
      "op_leverage_ratio": 0.20474769737378223,
      "fcf_margin_change": 0.33231436823587907
    }
  ],
  "signals": [
    {
      "quarter": "2025-09 (Q3)",
      "signal": "FCF MARGIN EXPANSION",
      "detail": "FCF margin: -38.1% -> -4.9% (+33.2%)",
      "severity": "MEDIUM"
    },
    {
      "quarter": "2025-09 (Q3)",
      "signal": "YoY REVENUE GROWTH ACCELERATION",
      "detail": "YoY growth: +69.1% vs prior quarter YoY: +11.6% (accel: +57.5%)",
      "severity": "HIGH"
    },
    {
      "quarter": "2025-06 (Q2)",
      "signal": "YoY REVENUE GROWTH ACCELERATION",
      "detail": "YoY growth: +11.6% vs prior quarter YoY: -52.8% (accel: +64.4%)",
      "severity": "HIGH"
    },
    {
      "quarter": "2025-06 (Q2)",
      "signal": "INCREMENTAL MARGIN (YoY)",
      "detail": "YoY Incr OPM: +52.8% vs year-ago OPM: +3.5%",
      "severity": "HIGH"
    },
    {
      "quarter": "2025-06 (Q2)",
      "signal": "OP MARGIN TURNED POSITIVE (QoQ)",
      "detail": "Op margin: -34.0% -> +8.6%",
      "severity": "HIGH"
    },
    {
      "quarter": "2025-03 (Q1)",
      "signal": "FCF MARGIN EXPANSION",
      "detail": "FCF margin: -50.6% -> -34.8% (+15.8%)",
      "severity": "MEDIUM"
    },
    {
      "quarter": "2025-03 (Q1)",
      "signal": "YoY REVENUE GROWTH DECELERATION",
      "detail": "YoY growth: -52.8% vs prior quarter YoY: +114.3% (decel: -167.1%)",
      "severity": "WARNING"
    },
    {
      "quarter": "2024-12 (Q4)",
      "signal": "FCF MARGIN EXPANSION",
      "detail": "FCF margin: -68.7% -> -50.6% (+18.2%)",
      "severity": "MEDIUM"
    },
    {
      "quarter": "2024-12 (Q4)",
      "signal": "OPERATING LEVERAGE",
      "detail": "Rev growth +33.9% vs OpEx growth +8.7% (leverage: 3.9x)",
      "severity": "MEDIUM"
    },
    {
      "quarter": "2024-12 (Q4)",
      "signal": "YoY REVENUE GROWTH ACCELERATION",
      "detail": "YoY growth: +114.3% vs prior quarter YoY: +52.0% (accel: +62.3%)",
      "severity": "HIGH"
    },
    {
      "quarter": "2024-09 (Q3)",
      "signal": "YoY REVENUE GROWTH DECELERATION",
      "detail": "YoY growth: +52.0% vs prior quarter YoY: +186.3% (decel: -134.3%)",
      "severity": "WARNING"
    },
    {
      "quarter": "2024-06 (Q2)",
      "signal": "YoY REVENUE GROWTH DECELERATION",
      "detail": "YoY growth: +186.3% vs prior quarter YoY: +466.1% (decel: -279.8%)",
      "severity": "WARNING"
    },
    {
      "quarter": "2024-06 (Q2)",
      "signal": "OP MARGIN TURNED POSITIVE (YoY)",
      "detail": "Op margin: -143.7% (year-ago) -> +3.5%",
      "severity": "HIGH"
    },
    {
      "quarter": "2024-03 (Q1)",
      "signal": "FCF TURNED POSITIVE",
      "detail": "FCF margin: -114.9% -> +39.0%",
      "severity": "HIGH"
    },
    {
      "quarter": "2024-03 (Q1)",
      "signal": "YoY REVENUE GROWTH ACCELERATION",
      "detail": "YoY growth: +466.1% vs prior quarter YoY: +71.4% (accel: +394.8%)",
      "severity": "HIGH"
    },
    {
      "quarter": "2024-03 (Q1)",
      "signal": "OP MARGIN TURNED POSITIVE (YoY)",
      "detail": "Op margin: -199.8% (year-ago) -> +52.5%",
      "severity": "HIGH"
    },
    {
      "quarter": "2024-03 (Q1)",
      "signal": "OP MARGIN TURNED POSITIVE (QoQ)",
      "detail": "Op margin: -131.4% -> +52.5%",
      "severity": "HIGH"
    },
    {
      "quarter": "2023-12 (Q4)",
      "signal": "YoY REVENUE GROWTH DECELERATION",
      "detail": "YoY growth: +71.4% vs prior quarter YoY: +79.0% (decel: -7.6%)",
      "severity": "WARNING"
    },
    {
      "quarter": "2023-09 (Q3)",
      "signal": "FCF MARGIN EXPANSION",
      "detail": "FCF margin: -96.0% -> -56.9% (+39.1%)",
      "severity": "MEDIUM"
    },
    {
      "quarter": "2023-09 (Q3)",
      "signal": "YoY REVENUE GROWTH ACCELERATION",
      "detail": "YoY growth: +79.0% vs prior quarter YoY: +36.9% (accel: +42.1%)",
      "severity": "HIGH"
    },
    {
      "quarter": "2023-06 (Q2)",
      "signal": "FCF MARGIN EXPANSION",
      "detail": "FCF margin: -223.4% -> -96.0% (+127.4%)",
      "severity": "MEDIUM"
    },
    {
      "quarter": "2023-06 (Q2)",
      "signal": "YoY REVENUE GROWTH ACCELERATION",
      "detail": "YoY growth: +36.9% vs prior quarter YoY: +29.2% (accel: +7.7%)",
      "severity": "MEDIUM"
    },
    {
      "quarter": "2023-03 (Q1)",
      "signal": "OPERATING LEVERAGE",
      "detail": "Rev growth +29.3% vs OpEx growth +18.9% (leverage: 1.5x)",
      "severity": "MEDIUM"
    },
    {
      "quarter": "2023-03 (Q1)",
      "signal": "YoY REVENUE GROWTH ACCELERATION",
      "detail": "YoY growth: +29.2% vs prior quarter YoY: +22.2% (accel: +7.0%)",
      "severity": "MEDIUM"
    },
    {
      "quarter": "2022-12 (Q4)",
      "signal": "YoY REVENUE GROWTH DECELERATION",
      "detail": "YoY growth: +22.2% vs prior quarter YoY: +31.7% (decel: -9.5%)",
      "severity": "WARNING"
    },
    {
      "quarter": "2022-09 (Q3)",
      "signal": "FCF MARGIN EXPANSION",
      "detail": "FCF margin: -268.2% -> -225.7% (+42.5%)",
      "severity": "MEDIUM"
    },
    {
      "quarter": "2022-09 (Q3)",
      "signal": "YoY REVENUE GROWTH ACCELERATION",
      "detail": "YoY growth: +31.7% vs prior quarter YoY: -53.7% (accel: +85.4%)",
      "severity": "HIGH"
    },
    {
      "quarter": "2022-06 (Q2)",
      "signal": "YoY REVENUE GROWTH DECELERATION",
      "detail": "YoY growth: -53.7% vs prior quarter YoY: +136.1% (decel: -189.8%)",
      "severity": "WARNING"
    },
    {
      "quarter": "2022-03 (Q1)",
      "signal": "FCF MARGIN EXPANSION",
      "detail": "FCF margin: -374.7% -> -207.0% (+167.7%)",
      "severity": "MEDIUM"
    },
    {
      "quarter": "2022-03 (Q1)",
      "signal": "YoY REVENUE GROWTH ACCELERATION",
      "detail": "YoY growth: +136.1% vs prior quarter YoY: +59.8% (accel: +76.3%)",
      "severity": "HIGH"
    },
    {
      "quarter": "2021-12 (Q4)",
      "signal": "FCF MARGIN EXPANSION",
      "detail": "FCF margin: -480.0% -> -374.7% (+105.4%)",
      "severity": "MEDIUM"
    },
    {
      "quarter": "2021-12 (Q4)",
      "signal": "OPERATING LEVERAGE",
      "detail": "Rev growth +6.9% vs OpEx growth +1.2% (leverage: 5.5x)",
      "severity": "MEDIUM"
    },
    {
      "quarter": "2021-06 (Q2)",
      "signal": "FCF MARGIN EXPANSION",
      "detail": "FCF margin: -1116.4% -> -117.7% (+998.7%)",
      "severity": "MEDIUM"
    }
  ],
  "data_quality": {
    "n_quarters": 20,
    "coverage": {
      "revenue": [
        20,
        20
      ],
      "gross_profit": [
        0,
        20
      ],
      "op_income": [
        20,
        20
      ],
      "fcf": [
        20,
        20
      ]
    },
    "gaps": [],
    "warnings": [
      "gross_profit: no data"
    ]
  },
  "market_cap": null,
  "source": "SEC EDGAR",
  "last_updated": "2026-02-02T22:08:16.107170"
}