{
  "ticker": "ESRT",
  "name": "EMPIRE STATE REALTY TRUST, INC.",
  "quarters": [
    {
      "date": "2020-12-31T00:00:00",
      "quarter_label": "2020-12 (Q4)",
      "revenue": 151399000,
      "gross_profit": null,
      "operating_income": 19426000,
      "net_income": -210000,
      "opex": 131973000,
      "cogs": null,
      "rd": null,
      "sga": 13627000,
      "fcf": 18740000,
      "ocf": 18740000,
      "capex": null,
      "gross_margin": null,
      "op_margin": 0.128309962417189,
      "fcf_margin": 0.12377888889622785
    },
    {
      "date": "2021-03-31T00:00:00",
      "quarter_label": "2021-03 (Q1)",
      "revenue": 145304000,
      "gross_profit": null,
      "operating_income": 18349000,
      "net_income": null,
      "opex": 126955000,
      "cogs": null,
      "rd": null,
      "sga": 13853000,
      "fcf": 73400000,
      "ocf": 73400000,
      "capex": null,
      "gross_margin": null,
      "op_margin": 0.1262800748774982,
      "fcf_margin": 0.5051478280019821,
      "fcf_margin_change": 0.38136893910575426
    },
    {
      "date": "2021-06-30T00:00:00",
      "quarter_label": "2021-06 (Q2)",
      "revenue": 153408000,
      "gross_profit": null,
      "operating_income": 26484000,
      "net_income": null,
      "opex": 126924000,
      "cogs": null,
      "rd": null,
      "sga": 14089000,
      "fcf": 10329000,
      "ocf": 10329000,
      "capex": null,
      "gross_margin": null,
      "op_margin": 0.17263767209011263,
      "fcf_margin": 0.0673302565707134,
      "op_leverage_ratio": Infinity,
      "fcf_margin_change": -0.4378175714312687
    },
    {
      "date": "2021-09-30T00:00:00",
      "quarter_label": "2021-09 (Q3)",
      "revenue": 165048000,
      "gross_profit": null,
      "operating_income": 13203000,
      "net_income": null,
      "opex": 151845000,
      "cogs": null,
      "rd": null,
      "sga": 14427000,
      "fcf": 83298000,
      "ocf": 83298000,
      "capex": null,
      "gross_margin": null,
      "op_margin": 0.07999491057147012,
      "fcf_margin": 0.5046895448596772,
      "op_leverage_ratio": 0.3864410536042329,
      "fcf_margin_change": 0.4373592882889638
    },
    {
      "date": "2021-12-31T00:00:00",
      "quarter_label": "2021-12 (Q4)",
      "revenue": 160334000,
      "gross_profit": null,
      "operating_income": 21097000,
      "net_income": null,
      "opex": 139237000,
      "cogs": null,
      "rd": null,
      "sga": 13578000,
      "fcf": 45459000,
      "ocf": 45459000,
      "capex": null,
      "gross_margin": null,
      "op_margin": 0.13158157346539098,
      "fcf_margin": 0.2835268876220889,
      "incr_op_margin_yoy": 0.18701734750979296,
      "rev_growth_yoy": 0.05901624185100298,
      "fcf_margin_change": -0.22116265723758832
    },
    {
      "date": "2022-03-31T00:00:00",
      "quarter_label": "2022-03 (Q1)",
      "revenue": 164034000,
      "gross_profit": null,
      "operating_income": 6048000,
      "net_income": null,
      "opex": 157986000,
      "cogs": null,
      "rd": null,
      "sga": 13686000,
      "fcf": 67693000,
      "ocf": 67693000,
      "capex": null,
      "gross_margin": null,
      "op_margin": 0.03687040491605399,
      "fcf_margin": 0.41267664020873723,
      "incr_op_margin_yoy": -0.6567538707955152,
      "rev_growth_yoy": 0.12890216373947036,
      "rev_growth_yoy_accel": 0.06988592188846737,
      "op_leverage_ratio": 0.1713770429451199,
      "fcf_margin_change": 0.12914975258664835
    },
    {
      "date": "2022-06-30T00:00:00",
      "quarter_label": "2022-06 (Q2)",
      "revenue": 198022000,
      "gross_profit": null,
      "operating_income": 46499000,
      "net_income": null,
      "opex": 151523000,
      "cogs": null,
      "rd": null,
      "sga": 15876000,
      "fcf": 15985000,
      "ocf": 15985000,
      "capex": null,
      "gross_margin": null,
      "op_margin": 0.23481734352748684,
      "fcf_margin": 0.08072335397077092,
      "incr_op_margin_yoy": 0.4486259918411261,
      "rev_growth_yoy": 0.2908192532332082,
      "rev_growth_yoy_accel": 0.16191708949373781,
      "op_leverage_ratio": Infinity,
      "fcf_margin_change": -0.3319532862379663
    },
    {
      "date": "2022-09-30T00:00:00",
      "quarter_label": "2022-09 (Q3)",
      "revenue": 183712000,
      "gross_profit": null,
      "operating_income": 35527000,
      "net_income": null,
      "opex": 148185000,
      "cogs": null,
      "rd": null,
      "sga": 15725000,
      "fcf": 90307000,
      "ocf": 90307000,
      "capex": null,
      "gross_margin": null,
      "op_margin": 0.1933842100679324,
      "fcf_margin": 0.49156832433373976,
      "incr_op_margin_yoy": 1.1960994427775395,
      "rev_growth_yoy": 0.11308225485919247,
      "rev_growth_yoy_accel": -0.1777369983740157,
      "fcf_margin_change": 0.41084497036296885
    },
    {
      "date": "2022-12-31T00:00:00",
      "quarter_label": "2022-12 (Q4)",
      "revenue": 181273000,
      "gross_profit": null,
      "operating_income": 38954000,
      "net_income": null,
      "opex": 142319000,
      "cogs": null,
      "rd": null,
      "sga": 16478000,
      "fcf": 37188000,
      "ocf": 37188000,
      "capex": null,
      "gross_margin": null,
      "op_margin": 0.21489135171812682,
      "fcf_margin": 0.2051491396953766,
      "incr_op_margin_yoy": 0.8528105449161851,
      "rev_growth_yoy": 0.13059613057741964,
      "rev_growth_yoy_accel": 0.01751387571822717,
      "fcf_margin_change": -0.28641918463836313
    },
    {
      "date": "2023-03-31T00:00:00",
      "quarter_label": "2023-03 (Q1)",
      "revenue": 164622000,
      "gross_profit": null,
      "operating_income": 17488000,
      "net_income": null,
      "opex": 147134000,
      "cogs": null,
      "rd": null,
      "sga": 15708000,
      "fcf": 86363000,
      "ocf": 86363000,
      "capex": null,
      "gross_margin": null,
      "op_margin": 0.10623124491258762,
      "fcf_margin": 0.5246139641117226,
      "rev_growth_yoy": 0.0035846227001719157,
      "rev_growth_yoy_accel": -0.12701150787724774,
      "fcf_margin_change": 0.31946482441634594
    },
    {
      "date": "2023-06-30T00:00:00",
      "quarter_label": "2023-06 (Q2)",
      "revenue": 190542000,
      "gross_profit": null,
      "operating_income": 46189000,
      "net_income": null,
      "opex": 144353000,
      "cogs": null,
      "rd": null,
      "sga": 16075000,
      "fcf": 19543000,
      "ocf": 19543000,
      "capex": null,
      "gross_margin": null,
      "op_margin": 0.242408497863988,
      "fcf_margin": 0.10256531368412214,
      "incr_op_margin_yoy": 0.04144385026737968,
      "rev_growth_yoy": -0.03777358071325408,
      "rev_growth_yoy_accel": -0.041358203413426,
      "op_leverage_ratio": Infinity,
      "fcf_margin_change": -0.4220486504276004
    },
    {
      "date": "2023-09-30T00:00:00",
      "quarter_label": "2023-09 (Q3)",
      "revenue": 191526000,
      "gross_profit": null,
      "operating_income": 42257000,
      "net_income": null,
      "opex": 149269000,
      "cogs": null,
      "rd": null,
      "sga": 16012000,
      "fcf": 90142000,
      "ocf": 90142000,
      "capex": null,
      "gross_margin": null,
      "op_margin": 0.2206332299531134,
      "fcf_margin": 0.47065150423441204,
      "incr_op_margin_yoy": 0.8612746352700281,
      "rev_growth_yoy": 0.042533966207977704,
      "rev_growth_yoy_accel": 0.08030754692123179,
      "fcf_margin_change": 0.3680861905502899
    },
    {
      "date": "2023-12-31T00:00:00",
      "quarter_label": "2023-12 (Q4)",
      "revenue": 192882000,
      "gross_profit": null,
      "operating_income": 40772000,
      "net_income": null,
      "opex": 152110000,
      "cogs": null,
      "rd": null,
      "sga": 16144000,
      "fcf": 36443000,
      "ocf": 36443000,
      "capex": null,
      "gross_margin": null,
      "op_margin": 0.2113831254342033,
      "fcf_margin": 0.18893935152061883,
      "incr_op_margin_yoy": 0.15660263588595055,
      "rev_growth_yoy": 0.06404152852327705,
      "rev_growth_yoy_accel": 0.021507562315299343,
      "fcf_margin_change": -0.28171215271379324
    },
    {
      "date": "2024-03-31T00:00:00",
      "quarter_label": "2024-03 (Q1)",
      "revenue": 181179000,
      "gross_profit": null,
      "operating_income": 31063000,
      "net_income": null,
      "opex": 150116000,
      "cogs": null,
      "rd": null,
      "sga": null,
      "fcf": 70926000,
      "ocf": 70926000,
      "capex": null,
      "gross_margin": null,
      "op_margin": 0.17144922976724675,
      "fcf_margin": 0.39146921000778234,
      "incr_op_margin_yoy": 0.8198949084979162,
      "rev_growth_yoy": 0.1005758647082407,
      "rev_growth_yoy_accel": 0.036534336184963656,
      "fcf_margin_change": 0.2025298584871635
    },
    {
      "date": "2024-06-30T00:00:00",
      "quarter_label": "2024-06 (Q2)",
      "revenue": 189543000,
      "gross_profit": null,
      "operating_income": 39361000,
      "net_income": null,
      "opex": 150182000,
      "cogs": null,
      "rd": null,
      "sga": null,
      "fcf": 37124000,
      "ocf": 37124000,
      "capex": null,
      "gross_margin": null,
      "op_margin": 0.207662641194874,
      "fcf_margin": 0.1958605698970682,
      "rev_growth_yoy": -0.0052429385647258875,
      "rev_growth_yoy_accel": -0.1058188032729666,
      "op_leverage_ratio": Infinity,
      "fcf_margin_change": -0.19560864011071413
    },
    {
      "date": "2024-09-30T00:00:00",
      "quarter_label": "2024-09 (Q3)",
      "revenue": 199599000,
      "gross_profit": null,
      "operating_income": 45346000,
      "net_income": null,
      "opex": 154253000,
      "cogs": null,
      "rd": null,
      "sga": null,
      "fcf": 102810000,
      "ocf": 102810000,
      "capex": null,
      "gross_margin": null,
      "op_margin": 0.22718550694141754,
      "fcf_margin": 0.5150827408954954,
      "incr_op_margin_yoy": 0.38263346958999134,
      "rev_growth_yoy": 0.04215093512108017,
      "rev_growth_yoy_accel": 0.047393873685806054,
      "op_leverage_ratio": 1.9571958929364646,
      "fcf_margin_change": 0.3192221709984272
    },
    {
      "date": "2024-12-31T00:00:00",
      "quarter_label": "2024-12 (Q4)",
      "revenue": 197602000,
      "gross_profit": null,
      "operating_income": 42940000,
      "net_income": null,
      "opex": 154662000,
      "cogs": null,
      "rd": null,
      "sga": null,
      "fcf": 50032000,
      "ocf": 50032000,
      "capex": null,
      "gross_margin": null,
      "op_margin": 0.21730549285938403,
      "fcf_margin": 0.2531958178560946,
      "incr_op_margin_yoy": 0.45932203389830506,
      "rev_growth_yoy": 0.024470920044379466,
      "rev_growth_yoy_accel": -0.0176800150767007,
      "fcf_margin_change": -0.26188692303940087
    },
    {
      "date": "2025-03-31T00:00:00",
      "quarter_label": "2025-03 (Q1)",
      "revenue": 180066000,
      "gross_profit": null,
      "operating_income": 25788000,
      "net_income": null,
      "opex": 154278000,
      "cogs": null,
      "rd": null,
      "sga": null,
      "fcf": 83146000,
      "ocf": 83146000,
      "capex": null,
      "gross_margin": null,
      "op_margin": 0.14321415480990304,
      "fcf_margin": 0.46175291282085457,
      "incr_op_margin_yoy": 4.739442946990117,
      "rev_growth_yoy": -0.0061430960541784645,
      "rev_growth_yoy_accel": -0.03061401609855793,
      "fcf_margin_change": 0.20855709496476
    },
    {
      "date": "2025-06-30T00:00:00",
      "quarter_label": "2025-06 (Q2)",
      "revenue": 191250000,
      "gross_profit": null,
      "operating_income": 35122000,
      "net_income": null,
      "opex": 156128000,
      "cogs": null,
      "rd": null,
      "sga": null,
      "fcf": 26715000,
      "ocf": 26715000,
      "capex": null,
      "gross_margin": null,
      "op_margin": 0.18364444444444444,
      "fcf_margin": 0.13968627450980392,
      "incr_op_margin_yoy": -2.483304042179262,
      "rev_growth_yoy": 0.00900587201848657,
      "rev_growth_yoy_accel": 0.015148968072665034,
      "op_leverage_ratio": 5.179617779787051,
      "fcf_margin_change": -0.32206663831105065
    },
    {
      "date": "2025-09-30T00:00:00",
      "quarter_label": "2025-09 (Q3)",
      "revenue": 197730000,
      "gross_profit": null,
      "operating_income": 39333000,
      "net_income": null,
      "opex": 158397000,
      "cogs": null,
      "rd": null,
      "sga": null,
      "fcf": 105293000,
      "ocf": 105293000,
      "capex": null,
      "gross_margin": null,
      "op_margin": 0.1989227734789865,
      "fcf_margin": 0.5325089768876751,
      "incr_op_margin_yoy": 3.2172284644194757,
      "rev_growth_yoy": -0.009363774367607052,
      "rev_growth_yoy_accel": -0.018369646386093622,
      "op_leverage_ratio": 2.3314164830321724,
      "fcf_margin_change": 0.39282270237787115
    }
  ],
  "signals": [
    {
      "quarter": "2025-09 (Q3)",
      "signal": "FCF MARGIN EXPANSION",
      "detail": "FCF margin: +14.0% -> +53.3% (+39.3%)",
      "severity": "MEDIUM"
    },
    {
      "quarter": "2025-09 (Q3)",
      "signal": "OPERATING LEVERAGE",
      "detail": "Rev growth +3.4% vs OpEx growth +1.5% (leverage: 2.3x)",
      "severity": "MEDIUM"
    },
    {
      "quarter": "2025-09 (Q3)",
      "signal": "INCREMENTAL MARGIN (YoY)",
      "detail": "YoY Incr OPM: +321.7% vs year-ago OPM: +22.7%",
      "severity": "HIGH"
    },
    {
      "quarter": "2025-06 (Q2)",
      "signal": "OPERATING LEVERAGE",
      "detail": "Rev growth +6.2% vs OpEx growth +1.2% (leverage: 5.2x)",
      "severity": "MEDIUM"
    },
    {
      "quarter": "2025-03 (Q1)",
      "signal": "FCF MARGIN EXPANSION",
      "detail": "FCF margin: +25.3% -> +46.2% (+20.9%)",
      "severity": "MEDIUM"
    },
    {
      "quarter": "2025-03 (Q1)",
      "signal": "INCREMENTAL MARGIN (YoY)",
      "detail": "YoY Incr OPM: +473.9% vs year-ago OPM: +17.1%",
      "severity": "HIGH"
    },
    {
      "quarter": "2024-12 (Q4)",
      "signal": "INCREMENTAL MARGIN (YoY)",
      "detail": "YoY Incr OPM: +45.9% vs year-ago OPM: +21.1%",
      "severity": "HIGH"
    },
    {
      "quarter": "2024-09 (Q3)",
      "signal": "FCF MARGIN EXPANSION",
      "detail": "FCF margin: +19.6% -> +51.5% (+31.9%)",
      "severity": "MEDIUM"
    },
    {
      "quarter": "2024-09 (Q3)",
      "signal": "OPERATING LEVERAGE",
      "detail": "Rev growth +5.3% vs OpEx growth +2.7% (leverage: 2.0x)",
      "severity": "MEDIUM"
    },
    {
      "quarter": "2024-09 (Q3)",
      "signal": "INCREMENTAL MARGIN (YoY)",
      "detail": "YoY Incr OPM: +38.3% vs year-ago OPM: +22.1%",
      "severity": "MEDIUM"
    },
    {
      "quarter": "2024-06 (Q2)",
      "signal": "OPERATING LEVERAGE",
      "detail": "Rev growth +4.6% vs OpEx growth +0.0% (leverage: 105.0x)",
      "severity": "MEDIUM"
    },
    {
      "quarter": "2024-06 (Q2)",
      "signal": "YoY REVENUE GROWTH DECELERATION",
      "detail": "YoY growth: -0.5% vs prior quarter YoY: +10.1% (decel: -10.6%)",
      "severity": "WARNING"
    },
    {
      "quarter": "2024-03 (Q1)",
      "signal": "FCF MARGIN EXPANSION",
      "detail": "FCF margin: +18.9% -> +39.1% (+20.3%)",
      "severity": "MEDIUM"
    },
    {
      "quarter": "2024-03 (Q1)",
      "signal": "INCREMENTAL MARGIN (YoY)",
      "detail": "YoY Incr OPM: +82.0% vs year-ago OPM: +10.6%",
      "severity": "HIGH"
    },
    {
      "quarter": "2023-09 (Q3)",
      "signal": "FCF MARGIN EXPANSION",
      "detail": "FCF margin: +10.3% -> +47.1% (+36.8%)",
      "severity": "MEDIUM"
    },
    {
      "quarter": "2023-09 (Q3)",
      "signal": "YoY REVENUE GROWTH ACCELERATION",
      "detail": "YoY growth: +4.3% vs prior quarter YoY: -3.8% (accel: +8.0%)",
      "severity": "MEDIUM"
    },
    {
      "quarter": "2023-09 (Q3)",
      "signal": "INCREMENTAL MARGIN (YoY)",
      "detail": "YoY Incr OPM: +86.1% vs year-ago OPM: +19.3%",
      "severity": "HIGH"
    },
    {
      "quarter": "2023-03 (Q1)",
      "signal": "FCF MARGIN EXPANSION",
      "detail": "FCF margin: +20.5% -> +52.5% (+31.9%)",
      "severity": "MEDIUM"
    },
    {
      "quarter": "2023-03 (Q1)",
      "signal": "YoY REVENUE GROWTH DECELERATION",
      "detail": "YoY growth: +0.4% vs prior quarter YoY: +13.1% (decel: -12.7%)",
      "severity": "WARNING"
    },
    {
      "quarter": "2022-12 (Q4)",
      "signal": "INCREMENTAL MARGIN (YoY)",
      "detail": "YoY Incr OPM: +85.3% vs year-ago OPM: +13.2%",
      "severity": "HIGH"
    },
    {
      "quarter": "2022-09 (Q3)",
      "signal": "FCF MARGIN EXPANSION",
      "detail": "FCF margin: +8.1% -> +49.2% (+41.1%)",
      "severity": "MEDIUM"
    },
    {
      "quarter": "2022-09 (Q3)",
      "signal": "YoY REVENUE GROWTH DECELERATION",
      "detail": "YoY growth: +11.3% vs prior quarter YoY: +29.1% (decel: -17.8%)",
      "severity": "WARNING"
    },
    {
      "quarter": "2022-09 (Q3)",
      "signal": "INCREMENTAL MARGIN (YoY)",
      "detail": "YoY Incr OPM: +119.6% vs year-ago OPM: +8.0%",
      "severity": "HIGH"
    },
    {
      "quarter": "2022-06 (Q2)",
      "signal": "YoY REVENUE GROWTH ACCELERATION",
      "detail": "YoY growth: +29.1% vs prior quarter YoY: +12.9% (accel: +16.2%)",
      "severity": "HIGH"
    },
    {
      "quarter": "2022-06 (Q2)",
      "signal": "INCREMENTAL MARGIN (YoY)",
      "detail": "YoY Incr OPM: +44.9% vs year-ago OPM: +17.3%",
      "severity": "HIGH"
    },
    {
      "quarter": "2022-03 (Q1)",
      "signal": "FCF MARGIN EXPANSION",
      "detail": "FCF margin: +28.4% -> +41.3% (+12.9%)",
      "severity": "MEDIUM"
    },
    {
      "quarter": "2022-03 (Q1)",
      "signal": "YoY REVENUE GROWTH ACCELERATION",
      "detail": "YoY growth: +12.9% vs prior quarter YoY: +5.9% (accel: +7.0%)",
      "severity": "MEDIUM"
    },
    {
      "quarter": "2021-09 (Q3)",
      "signal": "FCF MARGIN EXPANSION",
      "detail": "FCF margin: +6.7% -> +50.5% (+43.7%)",
      "severity": "MEDIUM"
    },
    {
      "quarter": "2021-03 (Q1)",
      "signal": "FCF MARGIN EXPANSION",
      "detail": "FCF margin: +12.4% -> +50.5% (+38.1%)",
      "severity": "MEDIUM"
    }
  ],
  "data_quality": {
    "n_quarters": 20,
    "coverage": {
      "revenue": [
        20,
        20
      ],
      "gross_profit": [
        0,
        20
      ],
      "op_income": [
        20,
        20
      ],
      "fcf": [
        20,
        20
      ]
    },
    "gaps": [],
    "warnings": [
      "gross_profit: no data"
    ]
  },
  "market_cap": null,
  "source": "SEC EDGAR",
  "last_updated": "2026-02-02T21:37:23.617708",
  "sector": "Real Estate",
  "industry": "REIT - Diversified"
}