{
  "ticker": "ESS",
  "name": "ESSEX PROPERTY TRUST, INC.",
  "quarters": [
    {
      "date": "2020-12-31T00:00:00",
      "quarter_label": "2020-12 (Q4)",
      "revenue": 362073000,
      "gross_profit": null,
      "operating_income": 111931000,
      "net_income": null,
      "opex": 275858000,
      "cogs": null,
      "rd": null,
      "sga": null,
      "fcf": 149671000,
      "ocf": 149671000,
      "capex": null,
      "gross_margin": null,
      "op_margin": 0.309139317209513,
      "fcf_margin": 0.41337244146898555
    },
    {
      "date": "2021-03-31T00:00:00",
      "quarter_label": "2021-03 (Q1)",
      "revenue": 355125000,
      "gross_profit": null,
      "operating_income": 197381000,
      "net_income": null,
      "opex": 257840000,
      "cogs": null,
      "rd": null,
      "sga": null,
      "fcf": 195266000,
      "ocf": 195266000,
      "capex": null,
      "gross_margin": null,
      "op_margin": 0.5558071101724745,
      "fcf_margin": 0.5498514607532559,
      "fcf_margin_change": 0.1364790192842703
    },
    {
      "date": "2021-06-30T00:00:00",
      "quarter_label": "2021-06 (Q2)",
      "revenue": 350978000,
      "gross_profit": null,
      "operating_income": 93381000,
      "net_income": null,
      "opex": 257597000,
      "cogs": null,
      "rd": null,
      "sga": null,
      "fcf": 232805000,
      "ocf": 232805000,
      "capex": null,
      "gross_margin": null,
      "op_margin": 0.26605941113118203,
      "fcf_margin": 0.6633036828519167,
      "fcf_margin_change": 0.1134522220986608
    },
    {
      "date": "2021-09-30T00:00:00",
      "quarter_label": "2021-09 (Q3)",
      "revenue": 362857000,
      "gross_profit": null,
      "operating_income": 137971000,
      "net_income": null,
      "opex": 267783000,
      "cogs": null,
      "rd": null,
      "sga": null,
      "fcf": 271806000,
      "ocf": 271806000,
      "capex": null,
      "gross_margin": null,
      "op_margin": 0.3802351890689721,
      "fcf_margin": 0.749071948453523,
      "op_leverage_ratio": 0.8559277690136157,
      "fcf_margin_change": 0.08576826560160633
    },
    {
      "date": "2021-12-31T00:00:00",
      "quarter_label": "2021-12 (Q4)",
      "revenue": 371596000,
      "gross_profit": null,
      "operating_income": 101262000,
      "net_income": null,
      "opex": 270334000,
      "cogs": null,
      "rd": null,
      "sga": null,
      "fcf": 205382000,
      "ocf": 205382000,
      "capex": null,
      "gross_margin": null,
      "op_margin": 0.272505624387776,
      "fcf_margin": 0.5527023972270961,
      "incr_op_margin_yoy": -1.1203402289194582,
      "rev_growth_yoy": 0.026301325975701034,
      "op_leverage_ratio": 2.528126365181843,
      "fcf_margin_change": -0.19636955122642685
    },
    {
      "date": "2022-03-31T00:00:00",
      "quarter_label": "2022-03 (Q1)",
      "revenue": 381905000,
      "gross_profit": null,
      "operating_income": 109850000,
      "net_income": null,
      "opex": 272055000,
      "cogs": null,
      "rd": null,
      "sga": null,
      "fcf": 315143000,
      "ocf": 315143000,
      "capex": null,
      "gross_margin": null,
      "op_margin": 0.2876369777824328,
      "fcf_margin": 0.8251868920281222,
      "incr_op_margin_yoy": -3.268521284540702,
      "rev_growth_yoy": 0.07541006687785991,
      "rev_growth_yoy_accel": 0.04910874090215887,
      "op_leverage_ratio": 4.3577800802942575,
      "fcf_margin_change": 0.2724844948010261
    },
    {
      "date": "2022-06-30T00:00:00",
      "quarter_label": "2022-06 (Q2)",
      "revenue": 399978000,
      "gross_profit": null,
      "operating_income": 128628000,
      "net_income": null,
      "opex": 271350000,
      "cogs": null,
      "rd": null,
      "sga": null,
      "fcf": 194402000,
      "ocf": 194402000,
      "capex": null,
      "gross_margin": null,
      "op_margin": 0.32158768732280274,
      "fcf_margin": 0.486031731745246,
      "incr_op_margin_yoy": 0.7193265306122449,
      "rev_growth_yoy": 0.13960989007858043,
      "rev_growth_yoy_accel": 0.06419982320072053,
      "op_leverage_ratio": Infinity,
      "fcf_margin_change": -0.33915516028287623
    },
    {
      "date": "2022-09-30T00:00:00",
      "quarter_label": "2022-09 (Q3)",
      "revenue": 409748000,
      "gross_profit": null,
      "operating_income": 128608000,
      "net_income": null,
      "opex": 281140000,
      "cogs": null,
      "rd": null,
      "sga": null,
      "fcf": 299190000,
      "ocf": 299190000,
      "capex": null,
      "gross_margin": null,
      "op_margin": 0.3138709645928717,
      "fcf_margin": 0.7301805011860949,
      "incr_op_margin_yoy": -0.19967584397858865,
      "rev_growth_yoy": 0.1292272162311875,
      "rev_growth_yoy_accel": -0.010382673847392943,
      "op_leverage_ratio": 0.6770263835399609,
      "fcf_margin_change": 0.2441487694408489
    },
    {
      "date": "2022-12-31T00:00:00",
      "quarter_label": "2022-12 (Q4)",
      "revenue": 415183000,
      "gross_profit": null,
      "operating_income": 228143000,
      "net_income": null,
      "opex": 281456000,
      "cogs": null,
      "rd": null,
      "sga": null,
      "fcf": 166914000,
      "ocf": 166914000,
      "capex": null,
      "gross_margin": null,
      "op_margin": 0.5494998590982771,
      "fcf_margin": 0.4020251310867738,
      "incr_op_margin_yoy": 2.910982632436277,
      "rev_growth_yoy": 0.11729674162262242,
      "rev_growth_yoy_accel": -0.01193047460856507,
      "op_leverage_ratio": 11.800985150119436,
      "fcf_margin_change": -0.3281553700993211
    },
    {
      "date": "2023-03-31T00:00:00",
      "quarter_label": "2023-03 (Q1)",
      "revenue": 412421000,
      "gross_profit": null,
      "operating_income": 187385000,
      "net_income": null,
      "opex": 284274000,
      "cogs": null,
      "rd": null,
      "sga": null,
      "fcf": 276919000,
      "ocf": 276919000,
      "capex": null,
      "gross_margin": null,
      "op_margin": 0.4543536822809702,
      "fcf_margin": 0.6714473802255462,
      "incr_op_margin_yoy": 2.540798269760126,
      "rev_growth_yoy": 0.07990468833872298,
      "rev_growth_yoy_accel": -0.03739205328389944,
      "fcf_margin_change": 0.2694222491387724
    },
    {
      "date": "2023-06-30T00:00:00",
      "quarter_label": "2023-06 (Q2)",
      "revenue": 416043000,
      "gross_profit": null,
      "operating_income": 134832000,
      "net_income": null,
      "opex": 281211000,
      "cogs": null,
      "rd": null,
      "sga": null,
      "fcf": 211408000,
      "ocf": 211408000,
      "capex": null,
      "gross_margin": null,
      "op_margin": 0.32408188576661545,
      "fcf_margin": 0.5081397836281346,
      "incr_op_margin_yoy": 0.3861811391223156,
      "rev_growth_yoy": 0.040164709058998244,
      "rev_growth_yoy_accel": -0.03973997927972474,
      "fcf_margin_change": -0.16330759659741156
    },
    {
      "date": "2023-09-30T00:00:00",
      "quarter_label": "2023-09 (Q3)",
      "revenue": 419183000,
      "gross_profit": null,
      "operating_income": 131784000,
      "net_income": null,
      "opex": 287399000,
      "cogs": null,
      "rd": null,
      "sga": null,
      "fcf": 288063000,
      "ocf": 288063000,
      "capex": null,
      "gross_margin": null,
      "op_margin": 0.3143829783173459,
      "fcf_margin": 0.687201055386311,
      "incr_op_margin_yoy": 0.33661897191308954,
      "rev_growth_yoy": 0.023026347901637104,
      "rev_growth_yoy_accel": -0.01713836115736114,
      "fcf_margin_change": 0.17906127175817643
    },
    {
      "date": "2023-12-31T00:00:00",
      "quarter_label": "2023-12 (Q4)",
      "revenue": 421748000,
      "gross_profit": null,
      "operating_income": 130341000,
      "net_income": null,
      "opex": 291407000,
      "cogs": null,
      "rd": null,
      "sga": null,
      "fcf": 203674000,
      "ocf": 203674000,
      "capex": null,
      "gross_margin": null,
      "op_margin": 0.3090494797841365,
      "fcf_margin": 0.48292819408746457,
      "incr_op_margin_yoy": -14.897486671744097,
      "rev_growth_yoy": 0.01581230445369873,
      "rev_growth_yoy_accel": -0.007214043447938374,
      "fcf_margin_change": -0.20427286129884648
    },
    {
      "date": "2024-03-31T00:00:00",
      "quarter_label": "2024-03 (Q1)",
      "revenue": 426928000,
      "gross_profit": 297717000,
      "operating_income": 132359000,
      "net_income": null,
      "opex": 294569000,
      "cogs": null,
      "rd": null,
      "sga": null,
      "fcf": 314855000,
      "ocf": 314855000,
      "capex": null,
      "gross_margin": 0.6973470936551363,
      "op_margin": 0.31002651500955664,
      "fcf_margin": 0.7374896938125398,
      "incr_op_margin_yoy": -3.7930654166953883,
      "rev_growth_yoy": 0.03517522143634781,
      "rev_growth_yoy_accel": 0.01936291698264908,
      "op_leverage_ratio": 1.13191767701397,
      "fcf_margin_change": 0.25456149972507525
    },
    {
      "date": "2024-06-30T00:00:00",
      "quarter_label": "2024-06 (Q2)",
      "revenue": 442355000,
      "gross_profit": 313248000,
      "operating_income": 137450000,
      "net_income": null,
      "opex": 304905000,
      "cogs": null,
      "rd": null,
      "sga": null,
      "fcf": 218927000,
      "ocf": 218927000,
      "capex": null,
      "gross_margin": 0.7081371296809124,
      "op_margin": 0.3107232878570379,
      "fcf_margin": 0.4949124571893615,
      "incr_op_margin_yoy": 0.09949832775919733,
      "rev_growth_yoy": 0.0632434628151417,
      "rev_growth_yoy_accel": 0.028068241378793893,
      "op_leverage_ratio": 1.0298201386365682,
      "fcf_margin_change": -0.24257723662317832
    },
    {
      "date": "2024-09-30T00:00:00",
      "quarter_label": "2024-09 (Q3)",
      "revenue": 450698000,
      "gross_profit": 313343000,
      "operating_income": 128790000,
      "net_income": null,
      "opex": 321908000,
      "cogs": null,
      "rd": null,
      "sga": null,
      "fcf": 316199000,
      "ocf": 316199000,
      "capex": null,
      "gross_margin": 0.6952393842439949,
      "op_margin": 0.2857567595152408,
      "fcf_margin": 0.7015762217715632,
      "incr_op_margin_yoy": -0.09500237981913374,
      "rev_growth_yoy": 0.07518196110052174,
      "rev_growth_yoy_accel": 0.011938498285380031,
      "op_leverage_ratio": 0.33821299825964435,
      "fcf_margin_change": 0.2066637645822017
    },
    {
      "date": "2024-12-31T00:00:00",
      "quarter_label": "2024-12 (Q4)",
      "revenue": 454469000,
      "gross_profit": 320351000,
      "operating_income": 304496000,
      "net_income": null,
      "opex": 325556000,
      "cogs": null,
      "rd": null,
      "sga": null,
      "fcf": 218324000,
      "ocf": 218324000,
      "capex": null,
      "gross_margin": 0.7048907626262737,
      "op_margin": 0.670003894655081,
      "fcf_margin": 0.4803936022038907,
      "incr_op_margin_yoy": 5.322422908835304,
      "rev_growth_yoy": 0.07758424462001005,
      "rev_growth_yoy_accel": 0.0024022835194883185,
      "fcf_margin_change": -0.2211826195676725
    },
    {
      "date": "2025-03-31T00:00:00",
      "quarter_label": "2025-03 (Q1)",
      "revenue": 464583000,
      "gross_profit": 323468000,
      "operating_income": 257081000,
      "net_income": null,
      "opex": 318532000,
      "cogs": null,
      "rd": null,
      "sga": null,
      "fcf": 281503000,
      "ocf": 281503000,
      "capex": null,
      "gross_margin": 0.6962544905861816,
      "op_margin": 0.5533586033066212,
      "fcf_margin": 0.6059261746555513,
      "incr_op_margin_yoy": 3.312229451600053,
      "rev_growth_yoy": 0.08819988382115954,
      "rev_growth_yoy_accel": 0.010615639201149482,
      "op_leverage_ratio": Infinity,
      "fcf_margin_change": 0.1255325724516606
    },
    {
      "date": "2025-06-30T00:00:00",
      "quarter_label": "2025-06 (Q2)",
      "revenue": 469833000,
      "gross_profit": 332181000,
      "operating_income": 279700000,
      "net_income": null,
      "opex": 316307000,
      "cogs": null,
      "rd": null,
      "sga": null,
      "fcf": 216129000,
      "ocf": 216129000,
      "capex": null,
      "gross_margin": 0.7070193026032654,
      "op_margin": 0.5953179108321467,
      "fcf_margin": 0.4600123873801968,
      "incr_op_margin_yoy": 5.176868767741466,
      "rev_growth_yoy": 0.062117530038091576,
      "rev_growth_yoy_accel": -0.02608235378306796,
      "op_leverage_ratio": Infinity,
      "fcf_margin_change": -0.14591378727535453
    },
    {
      "date": "2025-09-30T00:00:00",
      "quarter_label": "2025-09 (Q3)",
      "revenue": 473303000,
      "gross_profit": 327506000,
      "operating_income": 210399000,
      "net_income": null,
      "opex": 325224000,
      "cogs": null,
      "rd": null,
      "sga": null,
      "fcf": 342589000,
      "ocf": 342589000,
      "capex": null,
      "gross_margin": 0.691958428321815,
      "op_margin": 0.44453341728237517,
      "fcf_margin": 0.7238259634948437,
      "incr_op_margin_yoy": 3.6102189781021896,
      "rev_growth_yoy": 0.050155536523348226,
      "rev_growth_yoy_accel": -0.01196199351474335,
      "fcf_margin_change": 0.26381357611464695
    }
  ],
  "signals": [
    {
      "quarter": "2025-09 (Q3)",
      "signal": "FCF MARGIN EXPANSION",
      "detail": "FCF margin: +46.0% -> +72.4% (+26.4%)",
      "severity": "MEDIUM"
    },
    {
      "quarter": "2025-09 (Q3)",
      "signal": "INCREMENTAL MARGIN (YoY)",
      "detail": "YoY Incr OPM: +361.0% vs year-ago OPM: +28.6%",
      "severity": "HIGH"
    },
    {
      "quarter": "2025-06 (Q2)",
      "signal": "INCREMENTAL MARGIN (YoY)",
      "detail": "YoY Incr OPM: +517.7% vs year-ago OPM: +31.1%",
      "severity": "HIGH"
    },
    {
      "quarter": "2025-03 (Q1)",
      "signal": "FCF MARGIN EXPANSION",
      "detail": "FCF margin: +48.0% -> +60.6% (+12.6%)",
      "severity": "MEDIUM"
    },
    {
      "quarter": "2025-03 (Q1)",
      "signal": "INCREMENTAL MARGIN (YoY)",
      "detail": "YoY Incr OPM: +331.2% vs year-ago OPM: +31.0%",
      "severity": "HIGH"
    },
    {
      "quarter": "2024-12 (Q4)",
      "signal": "INCREMENTAL MARGIN (YoY)",
      "detail": "YoY Incr OPM: +532.2% vs year-ago OPM: +30.9%",
      "severity": "HIGH"
    },
    {
      "quarter": "2024-09 (Q3)",
      "signal": "FCF MARGIN EXPANSION",
      "detail": "FCF margin: +49.5% -> +70.2% (+20.7%)",
      "severity": "MEDIUM"
    },
    {
      "quarter": "2024-03 (Q1)",
      "signal": "FCF MARGIN EXPANSION",
      "detail": "FCF margin: +48.3% -> +73.7% (+25.5%)",
      "severity": "MEDIUM"
    },
    {
      "quarter": "2023-09 (Q3)",
      "signal": "FCF MARGIN EXPANSION",
      "detail": "FCF margin: +50.8% -> +68.7% (+17.9%)",
      "severity": "MEDIUM"
    },
    {
      "quarter": "2023-03 (Q1)",
      "signal": "FCF MARGIN EXPANSION",
      "detail": "FCF margin: +40.2% -> +67.1% (+26.9%)",
      "severity": "MEDIUM"
    },
    {
      "quarter": "2023-03 (Q1)",
      "signal": "INCREMENTAL MARGIN (YoY)",
      "detail": "YoY Incr OPM: +254.1% vs year-ago OPM: +28.8%",
      "severity": "HIGH"
    },
    {
      "quarter": "2022-12 (Q4)",
      "signal": "OPERATING LEVERAGE",
      "detail": "Rev growth +1.3% vs OpEx growth +0.1% (leverage: 11.8x)",
      "severity": "MEDIUM"
    },
    {
      "quarter": "2022-12 (Q4)",
      "signal": "INCREMENTAL MARGIN (YoY)",
      "detail": "YoY Incr OPM: +291.1% vs year-ago OPM: +27.3%",
      "severity": "HIGH"
    },
    {
      "quarter": "2022-09 (Q3)",
      "signal": "FCF MARGIN EXPANSION",
      "detail": "FCF margin: +48.6% -> +73.0% (+24.4%)",
      "severity": "MEDIUM"
    },
    {
      "quarter": "2022-06 (Q2)",
      "signal": "YoY REVENUE GROWTH ACCELERATION",
      "detail": "YoY growth: +14.0% vs prior quarter YoY: +7.5% (accel: +6.4%)",
      "severity": "MEDIUM"
    },
    {
      "quarter": "2022-06 (Q2)",
      "signal": "INCREMENTAL MARGIN (YoY)",
      "detail": "YoY Incr OPM: +71.9% vs year-ago OPM: +26.6%",
      "severity": "HIGH"
    },
    {
      "quarter": "2022-03 (Q1)",
      "signal": "FCF MARGIN EXPANSION",
      "detail": "FCF margin: +55.3% -> +82.5% (+27.2%)",
      "severity": "MEDIUM"
    },
    {
      "quarter": "2022-03 (Q1)",
      "signal": "OPERATING LEVERAGE",
      "detail": "Rev growth +2.8% vs OpEx growth +0.6% (leverage: 4.4x)",
      "severity": "MEDIUM"
    },
    {
      "quarter": "2021-12 (Q4)",
      "signal": "OPERATING LEVERAGE",
      "detail": "Rev growth +2.4% vs OpEx growth +1.0% (leverage: 2.5x)",
      "severity": "MEDIUM"
    },
    {
      "quarter": "2021-09 (Q3)",
      "signal": "FCF MARGIN EXPANSION",
      "detail": "FCF margin: +66.3% -> +74.9% (+8.6%)",
      "severity": "MEDIUM"
    },
    {
      "quarter": "2021-06 (Q2)",
      "signal": "FCF MARGIN EXPANSION",
      "detail": "FCF margin: +55.0% -> +66.3% (+11.3%)",
      "severity": "MEDIUM"
    },
    {
      "quarter": "2021-03 (Q1)",
      "signal": "FCF MARGIN EXPANSION",
      "detail": "FCF margin: +41.3% -> +55.0% (+13.6%)",
      "severity": "MEDIUM"
    }
  ],
  "data_quality": {
    "n_quarters": 20,
    "coverage": {
      "revenue": [
        20,
        20
      ],
      "gross_profit": [
        7,
        20
      ],
      "op_income": [
        20,
        20
      ],
      "fcf": [
        20,
        20
      ]
    },
    "gaps": [],
    "warnings": [
      "gross_profit: 7/20Q"
    ]
  },
  "market_cap": null,
  "source": "SEC EDGAR",
  "last_updated": "2026-02-02T20:21:51.839986",
  "sector": "Real Estate",
  "industry": "REIT - Residential"
}