{
  "ticker": "ET",
  "name": "ENERGY TRANSFER LP",
  "quarters": [
    {
      "date": "2020-12-31T00:00:00",
      "quarter_label": "2020-12 (Q4)",
      "revenue": 10034000000,
      "gross_profit": 3331000000,
      "operating_income": 1339000000,
      "net_income": 636000000,
      "opex": 8695000000,
      "cogs": 6703000000,
      "rd": null,
      "sga": 156000000,
      "fcf": 1906000000,
      "ocf": 1906000000,
      "capex": null,
      "gross_margin": 0.3319712975882001,
      "op_margin": 0.1334462826390273,
      "fcf_margin": 0.18995415587004186
    },
    {
      "date": "2021-03-31T00:00:00",
      "quarter_label": "2021-03 (Q1)",
      "revenue": 16995000000,
      "gross_profit": 6047000000,
      "operating_income": 4069000000,
      "net_income": 3288000000,
      "opex": 12926000000,
      "cogs": 10948000000,
      "rd": null,
      "sga": 201000000,
      "fcf": 5155000000,
      "ocf": 5155000000,
      "capex": null,
      "gross_margin": 0.35581053250956163,
      "op_margin": 0.2394233598117093,
      "fcf_margin": 0.30332450720800236,
      "op_leverage_ratio": 1.425686699728133,
      "fcf_margin_change": 0.1133703513379605
    },
    {
      "date": "2021-06-30T00:00:00",
      "quarter_label": "2021-06 (Q2)",
      "revenue": 15101000000,
      "gross_profit": 3596000000,
      "operating_income": 1597000000,
      "net_income": 626000000,
      "opex": 13504000000,
      "cogs": 11505000000,
      "rd": null,
      "sga": 184000000,
      "fcf": 2005000000,
      "ocf": 2005000000,
      "capex": null,
      "gross_margin": 0.2381299251705185,
      "op_margin": 0.1057545857890206,
      "fcf_margin": 0.13277266406198265,
      "fcf_margin_change": -0.1705518431460197
    },
    {
      "date": "2021-09-30T00:00:00",
      "quarter_label": "2021-09 (Q3)",
      "revenue": 16664000000,
      "gross_profit": 3476000000,
      "operating_income": 1437000000,
      "net_income": 635000000,
      "opex": 15227000000,
      "cogs": 13188000000,
      "rd": null,
      "sga": 198000000,
      "fcf": 2263000000,
      "ocf": 2263000000,
      "capex": null,
      "gross_margin": 0.2085933749399904,
      "op_margin": 0.08623379740758522,
      "fcf_margin": 0.13580172827652423,
      "op_leverage_ratio": 0.8112046328565065,
      "fcf_margin_change": 0.003029064214541577
    },
    {
      "date": "2021-12-31T00:00:00",
      "quarter_label": "2021-12 (Q4)",
      "revenue": 18657000000,
      "gross_profit": 3903000000,
      "operating_income": 1689000000,
      "net_income": 921000000,
      "opex": 16968000000,
      "cogs": 14754000000,
      "rd": null,
      "sga": 235000000,
      "fcf": 1739000000,
      "ocf": 1739000000,
      "capex": null,
      "gross_margin": 0.20919762019617302,
      "op_margin": 0.09052902395883583,
      "fcf_margin": 0.093208983223455,
      "incr_op_margin_yoy": 0.04058912211527311,
      "rev_growth_yoy": 0.8593781144110025,
      "op_leverage_ratio": 1.046028743116992,
      "fcf_margin_change": -0.04259274505306923
    },
    {
      "date": "2022-03-31T00:00:00",
      "quarter_label": "2022-03 (Q1)",
      "revenue": 20491000000,
      "gross_profit": 4353000000,
      "operating_income": 1846000000,
      "net_income": 1269000000,
      "opex": 18645000000,
      "cogs": 16138000000,
      "rd": null,
      "sga": 230000000,
      "fcf": 2370000000,
      "ocf": 2370000000,
      "capex": null,
      "gross_margin": 0.2124347274413157,
      "op_margin": 0.09008833146259333,
      "fcf_margin": 0.1156605338929286,
      "incr_op_margin_yoy": -0.6358695652173914,
      "rev_growth_yoy": 0.20570756104736687,
      "rev_growth_yoy_accel": -0.6536705533636357,
      "op_leverage_ratio": 0.9946152475011897,
      "fcf_margin_change": 0.022451550669473602
    },
    {
      "date": "2022-06-30T00:00:00",
      "quarter_label": "2022-06 (Q2)",
      "revenue": 25945000000,
      "gross_profit": 4430000000,
      "operating_income": 2113000000,
      "net_income": 1326000000,
      "opex": 23832000000,
      "cogs": 21515000000,
      "rd": null,
      "sga": 211000000,
      "fcf": 2354000000,
      "ocf": 2354000000,
      "capex": null,
      "gross_margin": 0.17074580844093273,
      "op_margin": 0.0814415108884178,
      "fcf_margin": 0.09073039121217961,
      "incr_op_margin_yoy": 0.047583917373662854,
      "rev_growth_yoy": 0.7180981391960797,
      "rev_growth_yoy_accel": 0.5123905781487128,
      "op_leverage_ratio": 0.9567492269525768,
      "fcf_margin_change": -0.024930142680748987
    },
    {
      "date": "2022-09-30T00:00:00",
      "quarter_label": "2022-09 (Q3)",
      "revenue": 22939000000,
      "gross_profit": 4423000000,
      "operating_income": 1973000000,
      "net_income": 1006000000,
      "opex": 20966000000,
      "cogs": 18516000000,
      "rd": null,
      "sga": 361000000,
      "fcf": 2989000000,
      "ocf": 2989000000,
      "capex": null,
      "gross_margin": 0.1928157286716945,
      "op_margin": 0.08601072409433716,
      "fcf_margin": 0.13030210558437597,
      "incr_op_margin_yoy": 0.08541832669322709,
      "rev_growth_yoy": 0.3765602496399424,
      "rev_growth_yoy_accel": -0.3415378895561373,
      "fcf_margin_change": 0.03957171437219635
    },
    {
      "date": "2022-12-31T00:00:00",
      "quarter_label": "2022-12 (Q4)",
      "revenue": 20501000000,
      "gross_profit": 4438000000,
      "operating_income": 1806000000,
      "net_income": 1155000000,
      "opex": 18695000000,
      "cogs": 16063000000,
      "rd": null,
      "sga": 216000000,
      "fcf": 1338000000,
      "ocf": 1338000000,
      "capex": null,
      "gross_margin": 0.21647724501243842,
      "op_margin": 0.08809326374323204,
      "fcf_margin": 0.06526510901907225,
      "incr_op_margin_yoy": 0.06344902386117136,
      "rev_growth_yoy": 0.09883689767915528,
      "rev_growth_yoy_accel": -0.2777233519607871,
      "fcf_margin_change": -0.06503699656530372
    },
    {
      "date": "2023-03-31T00:00:00",
      "quarter_label": "2023-03 (Q1)",
      "revenue": 18995000000,
      "gross_profit": 4385000000,
      "operating_income": 2062000000,
      "net_income": 1113000000,
      "opex": 16933000000,
      "cogs": 14610000000,
      "rd": null,
      "sga": 238000000,
      "fcf": 3350000000,
      "ocf": 3350000000,
      "capex": null,
      "gross_margin": 0.23085022374309028,
      "op_margin": 0.10855488286391156,
      "fcf_margin": 0.17636220057909976,
      "incr_op_margin_yoy": -0.1443850267379679,
      "rev_growth_yoy": -0.0730076619003465,
      "rev_growth_yoy_accel": -0.1718445595795018,
      "fcf_margin_change": 0.11109709156002752
    },
    {
      "date": "2023-06-30T00:00:00",
      "quarter_label": "2023-06 (Q2)",
      "revenue": 18320000000,
      "gross_profit": 4228000000,
      "operating_income": 1835000000,
      "net_income": 911000000,
      "opex": 16485000000,
      "cogs": 14092000000,
      "rd": null,
      "sga": 228000000,
      "fcf": 2536000000,
      "ocf": 2536000000,
      "capex": null,
      "gross_margin": 0.23078602620087335,
      "op_margin": 0.10016375545851529,
      "fcf_margin": 0.13842794759825328,
      "incr_op_margin_yoy": 0.03645901639344262,
      "rev_growth_yoy": -0.2938909231065716,
      "rev_growth_yoy_accel": -0.22088326120622512,
      "fcf_margin_change": -0.03793425298084649
    },
    {
      "date": "2023-09-30T00:00:00",
      "quarter_label": "2023-09 (Q3)",
      "revenue": 20739000000,
      "gross_profit": 4680000000,
      "operating_income": 2233000000,
      "net_income": 584000000,
      "opex": 18506000000,
      "cogs": 16059000000,
      "rd": null,
      "sga": 234000000,
      "fcf": 2373000000,
      "ocf": 2373000000,
      "capex": null,
      "gross_margin": 0.22566179661507305,
      "op_margin": 0.10767153671826028,
      "fcf_margin": 0.11442210328366845,
      "incr_op_margin_yoy": -0.11818181818181818,
      "rev_growth_yoy": -0.09590653472252496,
      "rev_growth_yoy_accel": 0.19798438838404664,
      "op_leverage_ratio": 1.0770429864155624,
      "fcf_margin_change": -0.02400584431458483
    },
    {
      "date": "2023-12-31T00:00:00",
      "quarter_label": "2023-12 (Q4)",
      "revenue": 20532000000,
      "gross_profit": 4752000000,
      "operating_income": 2165000000,
      "net_income": 1327000000,
      "opex": 18367000000,
      "cogs": 15780000000,
      "rd": null,
      "sga": 285000000,
      "fcf": 1296000000,
      "ocf": 1296000000,
      "capex": null,
      "gross_margin": 0.2314436002337814,
      "op_margin": 0.10544515877654394,
      "fcf_margin": 0.06312098188194039,
      "incr_op_margin_yoy": 11.580645161290322,
      "rev_growth_yoy": 0.0015121213599336618,
      "rev_growth_yoy_accel": 0.09741865608245862,
      "fcf_margin_change": -0.05130112140172806
    },
    {
      "date": "2024-03-31T00:00:00",
      "quarter_label": "2024-03 (Q1)",
      "revenue": 21629000000,
      "gross_profit": 5032000000,
      "operating_income": 2380000000,
      "net_income": 1240000000,
      "opex": 19249000000,
      "cogs": 16597000000,
      "rd": null,
      "sga": 260000000,
      "fcf": 3772000000,
      "ocf": 3772000000,
      "capex": null,
      "gross_margin": 0.23265060798002682,
      "op_margin": 0.11003744972028295,
      "fcf_margin": 0.17439548753987702,
      "incr_op_margin_yoy": 0.12072892938496584,
      "rev_growth_yoy": 0.13866807054488023,
      "rev_growth_yoy_accel": 0.13715594918494656,
      "op_leverage_ratio": 1.1126152617030969,
      "fcf_margin_change": 0.11127450565793663
    },
    {
      "date": "2024-06-30T00:00:00",
      "quarter_label": "2024-06 (Q2)",
      "revenue": 20729000000,
      "gross_profit": 5120000000,
      "operating_income": 2298000000,
      "net_income": 1314000000,
      "opex": 18431000000,
      "cogs": 15609000000,
      "rd": null,
      "sga": 332000000,
      "fcf": 2270000000,
      "ocf": 2270000000,
      "capex": null,
      "gross_margin": 0.24699696077958416,
      "op_margin": 0.1108591827873993,
      "fcf_margin": 0.10950841815813595,
      "incr_op_margin_yoy": 0.19219593192195933,
      "rev_growth_yoy": 0.13149563318777294,
      "rev_growth_yoy_accel": -0.007172437357107292,
      "fcf_margin_change": -0.06488706938174107
    },
    {
      "date": "2024-09-30T00:00:00",
      "quarter_label": "2024-09 (Q3)",
      "revenue": 20772000000,
      "gross_profit": 5160000000,
      "operating_income": 2181000000,
      "net_income": 1183000000,
      "opex": 18591000000,
      "cogs": 15612000000,
      "rd": null,
      "sga": 297000000,
      "fcf": 2874000000,
      "ocf": 2874000000,
      "capex": null,
      "gross_margin": 0.24841132293471982,
      "op_margin": 0.10499711149624495,
      "fcf_margin": 0.13835932986712882,
      "incr_op_margin_yoy": -1.5757575757575757,
      "rev_growth_yoy": 0.0015912049761319254,
      "rev_growth_yoy_accel": -0.129904428211641,
      "fcf_margin_change": 0.02885091170899287
    },
    {
      "date": "2024-12-31T00:00:00",
      "quarter_label": "2024-12 (Q4)",
      "revenue": 19541000000,
      "gross_profit": 5384000000,
      "operating_income": 2279000000,
      "net_income": 1077000000,
      "opex": 17262000000,
      "cogs": 14157000000,
      "rd": null,
      "sga": 288000000,
      "fcf": 2590000000,
      "ocf": 2590000000,
      "capex": null,
      "gross_margin": 0.2755232587892124,
      "op_margin": 0.11662658001125838,
      "fcf_margin": 0.13254183511591014,
      "incr_op_margin_yoy": -0.11503531786074672,
      "rev_growth_yoy": -0.04826612117669979,
      "rev_growth_yoy_accel": -0.04985732615283171,
      "fcf_margin_change": -0.005817494751218677
    },
    {
      "date": "2025-03-31T00:00:00",
      "quarter_label": "2025-03 (Q1)",
      "revenue": 21020000000,
      "gross_profit": 5449000000,
      "operating_income": 2491000000,
      "net_income": 1323000000,
      "opex": 18529000000,
      "cogs": 15571000000,
      "rd": null,
      "sga": 288000000,
      "fcf": 2917000000,
      "ocf": 2917000000,
      "capex": null,
      "gross_margin": 0.2592293054234063,
      "op_margin": 0.11850618458610847,
      "fcf_margin": 0.13877259752616555,
      "incr_op_margin_yoy": -0.18226600985221675,
      "rev_growth_yoy": -0.028156641546072402,
      "rev_growth_yoy_accel": 0.020109479630627387,
      "op_leverage_ratio": 1.0311833371455001,
      "fcf_margin_change": 0.006230762410255414
    },
    {
      "date": "2025-06-30T00:00:00",
      "quarter_label": "2025-06 (Q2)",
      "revenue": 19242000000,
      "gross_profit": 5296000000,
      "operating_income": 2309000000,
      "net_income": 1163000000,
      "opex": 16933000000,
      "cogs": 13946000000,
      "rd": null,
      "sga": 257000000,
      "fcf": 2762000000,
      "ocf": 2762000000,
      "capex": null,
      "gross_margin": 0.2752312649412743,
      "op_margin": 0.11999792121401101,
      "fcf_margin": 0.1435401725392371,
      "incr_op_margin_yoy": -0.007397444519166106,
      "rev_growth_yoy": -0.07173525013266438,
      "rev_growth_yoy_accel": -0.043578608586591974,
      "fcf_margin_change": 0.00476757501307154
    },
    {
      "date": "2025-09-30T00:00:00",
      "quarter_label": "2025-09 (Q3)",
      "revenue": 19954000000,
      "gross_profit": 5392000000,
      "operating_income": 2151000000,
      "net_income": 1019000000,
      "opex": 17803000000,
      "cogs": 14562000000,
      "rd": null,
      "sga": 268000000,
      "fcf": 2572000000,
      "ocf": 2572000000,
      "capex": null,
      "gross_margin": 0.2702215094717851,
      "op_margin": 0.10779793525107748,
      "fcf_margin": 0.12889646186228326,
      "incr_op_margin_yoy": 0.03667481662591687,
      "rev_growth_yoy": -0.039379934527248216,
      "rev_growth_yoy_accel": 0.032355315605416164,
      "op_leverage_ratio": 0.7201856093053152,
      "fcf_margin_change": -0.01464371067695383
    }
  ],
  "signals": [
    {
      "quarter": "2024-09 (Q3)",
      "signal": "YoY REVENUE GROWTH DECELERATION",
      "detail": "YoY growth: +0.2% vs prior quarter YoY: +13.1% (decel: -13.0%)",
      "severity": "WARNING"
    },
    {
      "quarter": "2024-03 (Q1)",
      "signal": "FCF MARGIN EXPANSION",
      "detail": "FCF margin: +6.3% -> +17.4% (+11.1%)",
      "severity": "MEDIUM"
    },
    {
      "quarter": "2024-03 (Q1)",
      "signal": "YoY REVENUE GROWTH ACCELERATION",
      "detail": "YoY growth: +13.9% vs prior quarter YoY: +0.2% (accel: +13.7%)",
      "severity": "MEDIUM"
    },
    {
      "quarter": "2023-12 (Q4)",
      "signal": "YoY REVENUE GROWTH ACCELERATION",
      "detail": "YoY growth: +0.2% vs prior quarter YoY: -9.6% (accel: +9.7%)",
      "severity": "MEDIUM"
    },
    {
      "quarter": "2023-12 (Q4)",
      "signal": "INCREMENTAL MARGIN (YoY)",
      "detail": "YoY Incr OPM: +1158.1% vs year-ago OPM: +8.8%",
      "severity": "HIGH"
    },
    {
      "quarter": "2023-09 (Q3)",
      "signal": "YoY REVENUE GROWTH ACCELERATION",
      "detail": "YoY growth: -9.6% vs prior quarter YoY: -29.4% (accel: +19.8%)",
      "severity": "HIGH"
    },
    {
      "quarter": "2023-06 (Q2)",
      "signal": "YoY REVENUE GROWTH DECELERATION",
      "detail": "YoY growth: -29.4% vs prior quarter YoY: -7.3% (decel: -22.1%)",
      "severity": "WARNING"
    },
    {
      "quarter": "2023-03 (Q1)",
      "signal": "FCF MARGIN EXPANSION",
      "detail": "FCF margin: +6.5% -> +17.6% (+11.1%)",
      "severity": "MEDIUM"
    },
    {
      "quarter": "2023-03 (Q1)",
      "signal": "YoY REVENUE GROWTH DECELERATION",
      "detail": "YoY growth: -7.3% vs prior quarter YoY: +9.9% (decel: -17.2%)",
      "severity": "WARNING"
    },
    {
      "quarter": "2022-12 (Q4)",
      "signal": "YoY REVENUE GROWTH DECELERATION",
      "detail": "YoY growth: +9.9% vs prior quarter YoY: +37.7% (decel: -27.8%)",
      "severity": "WARNING"
    },
    {
      "quarter": "2022-09 (Q3)",
      "signal": "GROSS MARGIN INFLECTION",
      "detail": "GM: +21.2% -> +17.1% -> +19.3% (reversal +2.2%)",
      "severity": "MEDIUM"
    },
    {
      "quarter": "2022-09 (Q3)",
      "signal": "YoY REVENUE GROWTH DECELERATION",
      "detail": "YoY growth: +37.7% vs prior quarter YoY: +71.8% (decel: -34.2%)",
      "severity": "WARNING"
    },
    {
      "quarter": "2022-06 (Q2)",
      "signal": "YoY REVENUE GROWTH ACCELERATION",
      "detail": "YoY growth: +71.8% vs prior quarter YoY: +20.6% (accel: +51.2%)",
      "severity": "HIGH"
    },
    {
      "quarter": "2022-03 (Q1)",
      "signal": "YoY REVENUE GROWTH DECELERATION",
      "detail": "YoY growth: +20.6% vs prior quarter YoY: +85.9% (decel: -65.4%)",
      "severity": "WARNING"
    },
    {
      "quarter": "2021-03 (Q1)",
      "signal": "FCF MARGIN EXPANSION",
      "detail": "FCF margin: +19.0% -> +30.3% (+11.3%)",
      "severity": "MEDIUM"
    }
  ],
  "data_quality": {
    "n_quarters": 20,
    "coverage": {
      "revenue": [
        20,
        20
      ],
      "gross_profit": [
        20,
        20
      ],
      "op_income": [
        20,
        20
      ],
      "fcf": [
        20,
        20
      ]
    },
    "gaps": [],
    "warnings": []
  },
  "market_cap": null,
  "source": "SEC EDGAR",
  "last_updated": "2026-02-02T19:56:51.418455"
}