{
  "ticker": "ETN",
  "name": "Eaton Corp plc",
  "quarters": [
    {
      "date": "2020-12-31T00:00:00",
      "quarter_label": "2020-12 (Q4)",
      "revenue": 4687000000,
      "gross_profit": 1509000000,
      "operating_income": null,
      "net_income": 475000000,
      "opex": null,
      "cogs": 3178000000,
      "rd": 140000000,
      "sga": 765000000,
      "fcf": 845000000,
      "ocf": 943000000,
      "capex": -98000000,
      "gross_margin": 0.32195434179645827,
      "op_margin": null,
      "fcf_margin": 0.18028589716236398
    },
    {
      "date": "2021-03-31T00:00:00",
      "quarter_label": "2021-03 (Q1)",
      "revenue": 4692000000,
      "gross_profit": 1508000000,
      "operating_income": null,
      "net_income": 458000000,
      "opex": null,
      "cogs": 3184000000,
      "rd": 148000000,
      "sga": 795000000,
      "fcf": 141000000,
      "ocf": 260000000,
      "capex": -119000000,
      "gross_margin": 0.3213981244671782,
      "op_margin": null,
      "fcf_margin": 0.030051150895140665,
      "fcf_margin_change": -0.15023474626722333
    },
    {
      "date": "2021-06-30T00:00:00",
      "quarter_label": "2021-06 (Q2)",
      "revenue": 5215000000,
      "gross_profit": 1670000000,
      "operating_income": null,
      "net_income": 506000000,
      "opex": null,
      "cogs": 3545000000,
      "rd": 154000000,
      "sga": 876000000,
      "fcf": 484000000,
      "ocf": 637000000,
      "capex": -153000000,
      "gross_margin": 0.3202301054650048,
      "op_margin": null,
      "fcf_margin": 0.09280920421860019,
      "fcf_margin_change": 0.06275805332345952
    },
    {
      "date": "2021-09-30T00:00:00",
      "quarter_label": "2021-09 (Q3)",
      "revenue": 4923000000,
      "gross_profit": 1585000000,
      "operating_income": null,
      "net_income": 629000000,
      "opex": null,
      "cogs": 3338000000,
      "rd": 152000000,
      "sga": 834000000,
      "fcf": 331000000,
      "ocf": 471000000,
      "capex": -140000000,
      "gross_margin": 0.3219581555961812,
      "op_margin": null,
      "fcf_margin": 0.06723542555352427,
      "fcf_margin_change": -0.025573778665075916
    },
    {
      "date": "2021-12-31T00:00:00",
      "quarter_label": "2021-12 (Q4)",
      "revenue": 4798000000,
      "gross_profit": 1572000000,
      "operating_income": null,
      "net_income": 551000000,
      "opex": null,
      "cogs": 3226000000,
      "rd": 162000000,
      "sga": 751000000,
      "fcf": 632000000,
      "ocf": 795000000,
      "capex": -163000000,
      "gross_margin": 0.3276365152146728,
      "op_margin": null,
      "fcf_margin": 0.13172155064610255,
      "rev_growth_yoy": 0.023682526136121186,
      "fcf_margin_change": 0.06448612509257828
    },
    {
      "date": "2022-03-31T00:00:00",
      "quarter_label": "2022-03 (Q1)",
      "revenue": 4843000000,
      "gross_profit": 1574000000,
      "operating_income": null,
      "net_income": 532000000,
      "opex": null,
      "cogs": 3269000000,
      "rd": 165000000,
      "sga": 790000000,
      "fcf": -73000000,
      "ocf": 42000000,
      "capex": -115000000,
      "gross_margin": 0.3250051620896139,
      "op_margin": null,
      "fcf_margin": -0.015073301672517034,
      "rev_growth_yoy": 0.032182438192668375,
      "rev_growth_yoy_accel": 0.008499912056547189,
      "fcf_margin_change": -0.14679485231861958
    },
    {
      "date": "2022-06-30T00:00:00",
      "quarter_label": "2022-06 (Q2)",
      "revenue": 5212000000,
      "gross_profit": 1707000000,
      "operating_income": null,
      "net_income": 601000000,
      "opex": null,
      "cogs": 3505000000,
      "rd": 168000000,
      "sga": 828000000,
      "fcf": 201000000,
      "ocf": 340000000,
      "capex": -139000000,
      "gross_margin": 0.3275134305448964,
      "op_margin": null,
      "fcf_margin": 0.038564850345356866,
      "rev_growth_yoy": -0.0005752636625119846,
      "rev_growth_yoy_accel": -0.03275770185518036,
      "fcf_margin_change": 0.0536381520178739
    },
    {
      "date": "2022-09-30T00:00:00",
      "quarter_label": "2022-09 (Q3)",
      "revenue": 5313000000,
      "gross_profit": 1768000000,
      "operating_income": null,
      "net_income": 607000000,
      "opex": null,
      "cogs": 3545000000,
      "rd": 165000000,
      "sga": 813000000,
      "fcf": 830000000,
      "ocf": 965000000,
      "capex": -135000000,
      "gross_margin": 0.33276868059476755,
      "op_margin": null,
      "fcf_margin": 0.1562205910031997,
      "rev_growth_yoy": 0.07921998781230957,
      "rev_growth_yoy_accel": 0.07979525147482155,
      "fcf_margin_change": 0.11765574065784284
    },
    {
      "date": "2022-12-31T00:00:00",
      "quarter_label": "2022-12 (Q4)",
      "revenue": 5384000000,
      "gross_profit": 1838000000,
      "operating_income": null,
      "net_income": 721000000,
      "opex": null,
      "cogs": 3546000000,
      "rd": 167000000,
      "sga": 796000000,
      "fcf": 977000000,
      "ocf": 1186000000,
      "capex": -209000000,
      "gross_margin": 0.3413818722139673,
      "op_margin": null,
      "fcf_margin": 0.1814635958395245,
      "rev_growth_yoy": 0.12213422259274698,
      "rev_growth_yoy_accel": 0.042914234780437405,
      "fcf_margin_change": 0.0252430048363248
    },
    {
      "date": "2023-03-31T00:00:00",
      "quarter_label": "2023-03 (Q1)",
      "revenue": 5483000000,
      "gross_profit": 1884000000,
      "operating_income": null,
      "net_income": 638000000,
      "opex": null,
      "cogs": 3599000000,
      "rd": 179000000,
      "sga": 904000000,
      "fcf": 209000000,
      "ocf": 335000000,
      "capex": -126000000,
      "gross_margin": 0.34360751413459784,
      "op_margin": null,
      "fcf_margin": 0.03811781871238373,
      "rev_growth_yoy": 0.13214949411521784,
      "rev_growth_yoy_accel": 0.010015271522470864,
      "fcf_margin_change": -0.14334577712714078
    },
    {
      "date": "2023-06-30T00:00:00",
      "quarter_label": "2023-06 (Q2)",
      "revenue": 5866000000,
      "gross_profit": 2119000000,
      "operating_income": null,
      "net_income": 744000000,
      "opex": null,
      "cogs": 3747000000,
      "rd": 187000000,
      "sga": 986000000,
      "fcf": 690000000,
      "ocf": 850000000,
      "capex": -160000000,
      "gross_margin": 0.3612342311626321,
      "op_margin": null,
      "fcf_margin": 0.11762700306853051,
      "rev_growth_yoy": 0.1254796623177283,
      "rev_growth_yoy_accel": -0.006669831797489534,
      "fcf_margin_change": 0.07950918435614678
    },
    {
      "date": "2023-09-30T00:00:00",
      "quarter_label": "2023-09 (Q3)",
      "revenue": 5880000000,
      "gross_profit": 2196000000,
      "operating_income": null,
      "net_income": 891000000,
      "opex": null,
      "cogs": 3684000000,
      "rd": 187000000,
      "sga": 949000000,
      "fcf": 913000000,
      "ocf": 1141000000,
      "capex": -228000000,
      "gross_margin": 0.373469387755102,
      "op_margin": null,
      "fcf_margin": 0.15527210884353743,
      "rev_growth_yoy": 0.1067193675889328,
      "rev_growth_yoy_accel": -0.018760294728795507,
      "fcf_margin_change": 0.03764510577500692
    },
    {
      "date": "2023-12-31T00:00:00",
      "quarter_label": "2023-12 (Q4)",
      "revenue": 5967000000,
      "gross_profit": 2235000000,
      "operating_income": null,
      "net_income": 945000000,
      "opex": null,
      "cogs": 3732000000,
      "rd": 201000000,
      "sga": 956000000,
      "fcf": 1055000000,
      "ocf": 1298000000,
      "capex": -243000000,
      "gross_margin": 0.3745600804424334,
      "op_margin": null,
      "fcf_margin": 0.17680576504105916,
      "rev_growth_yoy": 0.10828380386329867,
      "rev_growth_yoy_accel": 0.0015644362743658657,
      "fcf_margin_change": 0.021533656197521733
    },
    {
      "date": "2024-03-31T00:00:00",
      "quarter_label": "2024-03 (Q1)",
      "revenue": 5943000000,
      "gross_profit": 2218000000,
      "operating_income": null,
      "net_income": 821000000,
      "opex": null,
      "cogs": 3725000000,
      "rd": 189000000,
      "sga": 1025000000,
      "fcf": 292000000,
      "ocf": 475000000,
      "capex": -183000000,
      "gross_margin": 0.3732121823994616,
      "op_margin": null,
      "fcf_margin": 0.04913343429244489,
      "rev_growth_yoy": 0.08389567754878716,
      "rev_growth_yoy_accel": -0.02438812631451151,
      "fcf_margin_change": -0.12767233074861428
    },
    {
      "date": "2024-06-30T00:00:00",
      "quarter_label": "2024-06 (Q2)",
      "revenue": 6350000000,
      "gross_profit": 2410000000,
      "operating_income": null,
      "net_income": 993000000,
      "opex": null,
      "cogs": 3940000000,
      "rd": 196000000,
      "sga": 1021000000,
      "fcf": 759000000,
      "ocf": 946000000,
      "capex": -187000000,
      "gross_margin": 0.3795275590551181,
      "op_margin": null,
      "fcf_margin": 0.11952755905511811,
      "rev_growth_yoy": 0.08250937606546198,
      "rev_growth_yoy_accel": -0.001386301483325178,
      "fcf_margin_change": 0.07039412476267322
    },
    {
      "date": "2024-09-30T00:00:00",
      "quarter_label": "2024-09 (Q3)",
      "revenue": 6345000000,
      "gross_profit": 2446000000,
      "operating_income": null,
      "net_income": 1009000000,
      "opex": null,
      "cogs": 3899000000,
      "rd": 207000000,
      "sga": 1028000000,
      "fcf": 1126000000,
      "ocf": 1309000000,
      "capex": -183000000,
      "gross_margin": 0.3855003940110323,
      "op_margin": null,
      "fcf_margin": 0.17746256895193066,
      "rev_growth_yoy": 0.07908163265306123,
      "rev_growth_yoy_accel": -0.0034277434124007494,
      "fcf_margin_change": 0.05793500989681255
    },
    {
      "date": "2024-12-31T00:00:00",
      "quarter_label": "2024-12 (Q4)",
      "revenue": 6240000000,
      "gross_profit": 2429000000,
      "operating_income": null,
      "net_income": 971000000,
      "opex": null,
      "cogs": 3811000000,
      "rd": 201000000,
      "sga": 1003000000,
      "fcf": 1342000000,
      "ocf": 1597000000,
      "capex": -255000000,
      "gross_margin": 0.3892628205128205,
      "op_margin": null,
      "fcf_margin": 0.21506410256410258,
      "rev_growth_yoy": 0.0457516339869281,
      "rev_growth_yoy_accel": -0.03332999866613313,
      "fcf_margin_change": 0.03760153361217192
    },
    {
      "date": "2025-03-31T00:00:00",
      "quarter_label": "2025-03 (Q1)",
      "revenue": 6377000000,
      "gross_profit": 2447000000,
      "operating_income": null,
      "net_income": 964000000,
      "opex": null,
      "cogs": 3930000000,
      "rd": 198000000,
      "sga": 1048000000,
      "fcf": 91000000,
      "ocf": 238000000,
      "capex": -147000000,
      "gross_margin": 0.383722753645915,
      "op_margin": null,
      "fcf_margin": 0.014270032930845226,
      "rev_growth_yoy": 0.07302709069493522,
      "rev_growth_yoy_accel": 0.02727545670800712,
      "fcf_margin_change": -0.20079406963325735
    },
    {
      "date": "2025-06-30T00:00:00",
      "quarter_label": "2025-06 (Q2)",
      "revenue": 7028000000,
      "gross_profit": 2597000000,
      "operating_income": null,
      "net_income": 982000000,
      "opex": null,
      "cogs": 4431000000,
      "rd": 192000000,
      "sga": 1149000000,
      "fcf": 716000000,
      "ocf": 918000000,
      "capex": -202000000,
      "gross_margin": 0.3695219123505976,
      "op_margin": null,
      "fcf_margin": 0.10187820147979511,
      "rev_growth_yoy": 0.10677165354330709,
      "rev_growth_yoy_accel": 0.033744562848371865,
      "fcf_margin_change": 0.08760816854894989
    },
    {
      "date": "2025-09-30T00:00:00",
      "quarter_label": "2025-09 (Q3)",
      "revenue": 6988000000,
      "gross_profit": 2675000000,
      "operating_income": null,
      "net_income": 1010000000,
      "opex": null,
      "cogs": 4313000000,
      "rd": 203000000,
      "sga": 1105000000,
      "fcf": 1173000000,
      "ocf": 1351000000,
      "capex": -178000000,
      "gross_margin": 0.3827990841442473,
      "op_margin": null,
      "fcf_margin": 0.16785918717801945,
      "rev_growth_yoy": 0.10133963750985027,
      "rev_growth_yoy_accel": -0.0054320160334568185,
      "fcf_margin_change": 0.06598098569822435
    }
  ],
  "signals": [
    {
      "quarter": "2025-09 (Q3)",
      "signal": "FCF MARGIN EXPANSION",
      "detail": "FCF margin: +10.2% -> +16.8% (+6.6%)",
      "severity": "MEDIUM"
    },
    {
      "quarter": "2025-06 (Q2)",
      "signal": "FCF MARGIN EXPANSION",
      "detail": "FCF margin: +1.4% -> +10.2% (+8.8%)",
      "severity": "MEDIUM"
    },
    {
      "quarter": "2024-09 (Q3)",
      "signal": "FCF MARGIN EXPANSION",
      "detail": "FCF margin: +12.0% -> +17.7% (+5.8%)",
      "severity": "MEDIUM"
    },
    {
      "quarter": "2024-06 (Q2)",
      "signal": "FCF MARGIN EXPANSION",
      "detail": "FCF margin: +4.9% -> +12.0% (+7.0%)",
      "severity": "MEDIUM"
    },
    {
      "quarter": "2023-06 (Q2)",
      "signal": "FCF MARGIN EXPANSION",
      "detail": "FCF margin: +3.8% -> +11.8% (+8.0%)",
      "severity": "MEDIUM"
    },
    {
      "quarter": "2022-09 (Q3)",
      "signal": "FCF MARGIN EXPANSION",
      "detail": "FCF margin: +3.9% -> +15.6% (+11.8%)",
      "severity": "MEDIUM"
    },
    {
      "quarter": "2022-09 (Q3)",
      "signal": "YoY REVENUE GROWTH ACCELERATION",
      "detail": "YoY growth: +7.9% vs prior quarter YoY: -0.1% (accel: +8.0%)",
      "severity": "MEDIUM"
    },
    {
      "quarter": "2022-06 (Q2)",
      "signal": "FCF TURNED POSITIVE",
      "detail": "FCF margin: -1.5% -> +3.9%",
      "severity": "HIGH"
    },
    {
      "quarter": "2021-12 (Q4)",
      "signal": "FCF MARGIN EXPANSION",
      "detail": "FCF margin: +6.7% -> +13.2% (+6.4%)",
      "severity": "MEDIUM"
    },
    {
      "quarter": "2021-06 (Q2)",
      "signal": "FCF MARGIN EXPANSION",
      "detail": "FCF margin: +3.0% -> +9.3% (+6.3%)",
      "severity": "MEDIUM"
    }
  ],
  "data_quality": {
    "n_quarters": 20,
    "coverage": {
      "revenue": [
        20,
        20
      ],
      "gross_profit": [
        20,
        20
      ],
      "op_income": [
        0,
        20
      ],
      "fcf": [
        20,
        20
      ]
    },
    "gaps": [],
    "warnings": [
      "op_income: no data"
    ]
  },
  "market_cap": null,
  "source": "SEC EDGAR",
  "last_updated": "2026-02-02T19:47:58.986832",
  "sector": "Industrials",
  "industry": "Specialty Industrial Machinery"
}