{
  "ticker": "ETR",
  "name": "ENTERGY CORPORATION",
  "quarters": [
    {
      "date": "2020-12-31T00:00:00",
      "quarter_label": "2020-12 (Q4)",
      "revenue": 2370101000,
      "gross_profit": null,
      "operating_income": 152112000,
      "net_income": null,
      "opex": 2217991000,
      "cogs": null,
      "rd": null,
      "sga": null,
      "fcf": 319700000,
      "ocf": 319700000,
      "capex": null,
      "gross_margin": null,
      "op_margin": 0.06417954340342458,
      "fcf_margin": 0.13488876634371277
    },
    {
      "date": "2021-03-31T00:00:00",
      "quarter_label": "2021-03 (Q1)",
      "revenue": 2844838000,
      "gross_profit": null,
      "operating_income": 507997000,
      "net_income": null,
      "opex": 2336841000,
      "cogs": null,
      "rd": null,
      "sga": null,
      "fcf": -49565000,
      "ocf": -49565000,
      "capex": null,
      "gross_margin": null,
      "op_margin": 0.17856798875718055,
      "fcf_margin": -0.017422784706897194,
      "op_leverage_ratio": 3.738064759849871,
      "fcf_margin_change": -0.15231155105060998
    },
    {
      "date": "2021-06-30T00:00:00",
      "quarter_label": "2021-06 (Q2)",
      "revenue": 2822070000,
      "gross_profit": null,
      "operating_income": 168208000,
      "net_income": null,
      "opex": 2653862000,
      "cogs": null,
      "rd": null,
      "sga": null,
      "fcf": 796112000,
      "ocf": 796112000,
      "capex": null,
      "gross_margin": null,
      "op_margin": 0.0596044747295425,
      "fcf_margin": 0.2821021448794679,
      "fcf_margin_change": 0.29952492958636506
    },
    {
      "date": "2021-09-30T00:00:00",
      "quarter_label": "2021-09 (Q3)",
      "revenue": 3353532000,
      "gross_profit": null,
      "operating_income": 827870000,
      "net_income": null,
      "opex": 2525662000,
      "cogs": null,
      "rd": null,
      "sga": null,
      "fcf": 1264436000,
      "ocf": 1264436000,
      "capex": null,
      "gross_margin": null,
      "op_margin": 0.24686509626268663,
      "fcf_margin": 0.3770460517448469,
      "op_leverage_ratio": Infinity,
      "fcf_margin_change": 0.09494390686537901
    },
    {
      "date": "2021-12-31T00:00:00",
      "quarter_label": "2021-12 (Q4)",
      "revenue": 2722456000,
      "gross_profit": null,
      "operating_income": 341549000,
      "net_income": null,
      "opex": 2380907000,
      "cogs": null,
      "rd": null,
      "sga": null,
      "fcf": 289730000,
      "ocf": 289730000,
      "capex": null,
      "gross_margin": null,
      "op_margin": 0.12545620572012917,
      "fcf_margin": 0.10642228928585072,
      "incr_op_margin_yoy": 0.5376310822891686,
      "rev_growth_yoy": 0.14866666019718147,
      "fcf_margin_change": -0.27062376245899616
    },
    {
      "date": "2022-03-31T00:00:00",
      "quarter_label": "2022-03 (Q1)",
      "revenue": 2877925000,
      "gross_profit": null,
      "operating_income": 566060000,
      "net_income": null,
      "opex": 2311865000,
      "cogs": null,
      "rd": null,
      "sga": null,
      "fcf": 537966000,
      "ocf": 537966000,
      "capex": null,
      "gross_margin": null,
      "op_margin": 0.1966903237575684,
      "fcf_margin": 0.1869284293371092,
      "incr_op_margin_yoy": 1.7548584036026234,
      "rev_growth_yoy": 0.011630539243359377,
      "rev_growth_yoy_accel": -0.1370361209538221,
      "op_leverage_ratio": Infinity,
      "fcf_margin_change": 0.08050614005125849
    },
    {
      "date": "2022-06-30T00:00:00",
      "quarter_label": "2022-06 (Q2)",
      "revenue": 3395196000,
      "gross_profit": null,
      "operating_income": 81132000,
      "net_income": null,
      "opex": 3314064000,
      "cogs": null,
      "rd": null,
      "sga": null,
      "fcf": 277997000,
      "ocf": 277997000,
      "capex": null,
      "gross_margin": null,
      "op_margin": 0.02389611674848816,
      "fcf_margin": 0.08187951446691148,
      "incr_op_margin_yoy": -0.15193168692399228,
      "rev_growth_yoy": 0.20308709564256025,
      "rev_growth_yoy_accel": 0.19145655639920087,
      "op_leverage_ratio": 0.41461705663206494,
      "fcf_margin_change": -0.10504891487019773
    },
    {
      "date": "2022-09-30T00:00:00",
      "quarter_label": "2022-09 (Q3)",
      "revenue": 4218615000,
      "gross_profit": null,
      "operating_income": 954705000,
      "net_income": 560600000,
      "opex": 3263910000,
      "cogs": null,
      "rd": null,
      "sga": null,
      "fcf": 993478000,
      "ocf": 993478000,
      "capex": null,
      "gross_margin": null,
      "op_margin": 0.22630768629040574,
      "fcf_margin": 0.23549861743723946,
      "incr_op_margin_yoy": 0.1466159894484113,
      "rev_growth_yoy": 0.25796175494970675,
      "rev_growth_yoy_accel": 0.054874659307146495,
      "op_leverage_ratio": Infinity,
      "fcf_margin_change": 0.153619102970328
    },
    {
      "date": "2022-12-31T00:00:00",
      "quarter_label": "2022-12 (Q4)",
      "revenue": 3272500000,
      "gross_profit": null,
      "operating_income": 448878000,
      "net_income": 106466000,
      "opex": 2823622000,
      "cogs": null,
      "rd": null,
      "sga": null,
      "fcf": 776049000,
      "ocf": 776049000,
      "capex": null,
      "gross_margin": null,
      "op_margin": 0.137166692131398,
      "fcf_margin": 0.23714255156608097,
      "incr_op_margin_yoy": 0.19512802612154664,
      "rev_growth_yoy": 0.20203962892329572,
      "rev_growth_yoy_accel": -0.05592212602641103,
      "fcf_margin_change": 0.0016439341288415066
    },
    {
      "date": "2023-03-31T00:00:00",
      "quarter_label": "2023-03 (Q1)",
      "revenue": 2981059000,
      "gross_profit": null,
      "operating_income": 462109000,
      "net_income": null,
      "opex": 2518950000,
      "cogs": null,
      "rd": null,
      "sga": null,
      "fcf": 959543000,
      "ocf": 959543000,
      "capex": null,
      "gross_margin": null,
      "op_margin": 0.15501504666630214,
      "fcf_margin": 0.32187990911954445,
      "incr_op_margin_yoy": -1.00792173289119,
      "rev_growth_yoy": 0.03583623617710677,
      "rev_growth_yoy_accel": -0.16620339274618895,
      "fcf_margin_change": 0.08473735755346348
    },
    {
      "date": "2023-06-30T00:00:00",
      "quarter_label": "2023-06 (Q2)",
      "revenue": 2846026000,
      "gross_profit": null,
      "operating_income": 755927000,
      "net_income": null,
      "opex": 2090099000,
      "cogs": null,
      "rd": null,
      "sga": null,
      "fcf": 866429000,
      "ocf": 866429000,
      "capex": null,
      "gross_margin": null,
      "op_margin": 0.2656079037928677,
      "fcf_margin": 0.3044346748764769,
      "incr_op_margin_yoy": -1.2287543019465739,
      "rev_growth_yoy": -0.16174913024167087,
      "rev_growth_yoy_accel": -0.19758536641877764,
      "fcf_margin_change": -0.017445234243067542
    },
    {
      "date": "2023-09-30T00:00:00",
      "quarter_label": "2023-09 (Q3)",
      "revenue": 3595522000,
      "gross_profit": null,
      "operating_income": 1143383000,
      "net_income": 666800000,
      "opex": 2452139000,
      "cogs": null,
      "rd": null,
      "sga": null,
      "fcf": 1405021000,
      "ocf": 1405021000,
      "capex": null,
      "gross_margin": null,
      "op_margin": 0.3180019479786245,
      "fcf_margin": 0.3907696851806219,
      "incr_op_margin_yoy": -0.30280872999696673,
      "rev_growth_yoy": -0.14770084494555677,
      "rev_growth_yoy_accel": 0.0140482852961141,
      "op_leverage_ratio": 1.520340124126784,
      "fcf_margin_change": 0.08633501030414498
    },
    {
      "date": "2023-12-31T00:00:00",
      "quarter_label": "2023-12 (Q4)",
      "revenue": 2724805000,
      "gross_profit": null,
      "operating_income": 256557000,
      "net_income": 987636000,
      "opex": 2468248000,
      "cogs": null,
      "rd": null,
      "sga": null,
      "fcf": -3700000,
      "ocf": 1063335000,
      "capex": -1067035000,
      "gross_margin": null,
      "op_margin": 0.0941560955738117,
      "fcf_margin": -0.001357895335629522,
      "incr_op_margin_yoy": 0.3511461671185605,
      "rev_growth_yoy": -0.16736287242169595,
      "rev_growth_yoy_accel": -0.019662027476139182,
      "fcf_margin_change": -0.3921275805162514
    },
    {
      "date": "2024-03-31T00:00:00",
      "quarter_label": "2024-03 (Q1)",
      "revenue": 2794628000,
      "gross_profit": null,
      "operating_income": 237982000,
      "net_income": null,
      "opex": 2556646000,
      "cogs": null,
      "rd": null,
      "sga": null,
      "fcf": -440060000,
      "ocf": 521092000,
      "capex": -961152000,
      "gross_margin": null,
      "op_margin": 0.08515695112193823,
      "fcf_margin": -0.1574663962430778,
      "incr_op_margin_yoy": 1.2021981322848667,
      "rev_growth_yoy": -0.06253851399787794,
      "rev_growth_yoy_accel": 0.10482435842381801,
      "op_leverage_ratio": 0.7154996599329142,
      "fcf_margin_change": -0.15610850090744827
    },
    {
      "date": "2024-06-30T00:00:00",
      "quarter_label": "2024-06 (Q2)",
      "revenue": 2953620000,
      "gross_profit": null,
      "operating_income": 617630000,
      "net_income": null,
      "opex": 2335990000,
      "cogs": null,
      "rd": null,
      "sga": null,
      "fcf": -137763000,
      "ocf": 1025364000,
      "capex": -1163127000,
      "gross_margin": null,
      "op_margin": 0.20910949952939106,
      "fcf_margin": -0.046642086659759885,
      "incr_op_margin_yoy": -1.2853597784263062,
      "rev_growth_yoy": 0.037804995456822955,
      "rev_growth_yoy_accel": 0.10034350945470089,
      "op_leverage_ratio": Infinity,
      "fcf_margin_change": 0.1108243095833179
    },
    {
      "date": "2024-09-30T00:00:00",
      "quarter_label": "2024-09 (Q3)",
      "revenue": 3389100000,
      "gross_profit": null,
      "operating_income": 1125862000,
      "net_income": null,
      "opex": 2263238000,
      "cogs": null,
      "rd": null,
      "sga": null,
      "fcf": 421795000,
      "ocf": 1562372000,
      "capex": -1140577000,
      "gross_margin": null,
      "op_margin": 0.3322008792894869,
      "fcf_margin": 0.1244563453424213,
      "incr_op_margin_yoy": 0.08487951865595722,
      "rev_growth_yoy": -0.05741085717178201,
      "rev_growth_yoy_accel": -0.09521585262860496,
      "op_leverage_ratio": Infinity,
      "fcf_margin_change": 0.17109843200218117
    },
    {
      "date": "2024-12-31T00:00:00",
      "quarter_label": "2024-12 (Q4)",
      "revenue": 2742305000,
      "gross_profit": null,
      "operating_income": 669615000,
      "net_income": null,
      "opex": 2072690000,
      "cogs": null,
      "rd": null,
      "sga": null,
      "fcf": -193801000,
      "ocf": 1379682000,
      "capex": -1573483000,
      "gross_margin": null,
      "op_margin": 0.2441796226167403,
      "fcf_margin": -0.07067084077081141,
      "incr_op_margin_yoy": 23.603314285714287,
      "rev_growth_yoy": 0.00642247793878828,
      "rev_growth_yoy_accel": 0.0638333351105703,
      "fcf_margin_change": -0.1951271861132327
    },
    {
      "date": "2025-03-31T00:00:00",
      "quarter_label": "2025-03 (Q1)",
      "revenue": 2846874000,
      "gross_profit": null,
      "operating_income": 700104000,
      "net_income": null,
      "opex": 2146770000,
      "cogs": null,
      "rd": null,
      "sga": null,
      "fcf": -1123981000,
      "ocf": 536188000,
      "capex": -1660169000,
      "gross_margin": null,
      "op_margin": 0.24592026201370346,
      "fcf_margin": -0.3948123450493418,
      "incr_op_margin_yoy": 8.845117329556329,
      "rev_growth_yoy": 0.018695153702031182,
      "rev_growth_yoy_accel": 0.012272675763242903,
      "op_leverage_ratio": 1.0668922926915507,
      "fcf_margin_change": -0.3241415042785304
    },
    {
      "date": "2025-06-30T00:00:00",
      "quarter_label": "2025-06 (Q2)",
      "revenue": 3328849000,
      "gross_profit": null,
      "operating_income": 837425000,
      "net_income": null,
      "opex": 2491424000,
      "cogs": null,
      "rd": null,
      "sga": null,
      "fcf": -746555000,
      "ocf": 1261602000,
      "capex": -2008157000,
      "gross_margin": null,
      "op_margin": 0.25156593164784585,
      "fcf_margin": -0.22426820802024963,
      "incr_op_margin_yoy": 0.5857622944921634,
      "rev_growth_yoy": 0.1270403775705744,
      "rev_growth_yoy_accel": 0.10834522386854323,
      "op_leverage_ratio": 1.0545288367926828,
      "fcf_margin_change": 0.17054413702909219
    },
    {
      "date": "2025-09-30T00:00:00",
      "quarter_label": "2025-09 (Q3)",
      "revenue": 3812019000,
      "gross_profit": null,
      "operating_income": 1119041000,
      "net_income": null,
      "opex": 2692978000,
      "cogs": null,
      "rd": null,
      "sga": null,
      "fcf": 245972000,
      "ocf": 2134795000,
      "capex": -1888823000,
      "gross_margin": null,
      "op_margin": 0.29355598699796615,
      "fcf_margin": 0.06452538667829305,
      "incr_op_margin_yoy": -0.016128383922216785,
      "rev_growth_yoy": 0.12478799681331326,
      "rev_growth_yoy_accel": -0.002252380757261141,
      "op_leverage_ratio": 1.7941637913696096,
      "fcf_margin_change": 0.2887935946985427
    }
  ],
  "signals": [
    {
      "quarter": "2025-09 (Q3)",
      "signal": "FCF TURNED POSITIVE",
      "detail": "FCF margin: -22.4% -> +6.5%",
      "severity": "HIGH"
    },
    {
      "quarter": "2025-09 (Q3)",
      "signal": "OPERATING LEVERAGE",
      "detail": "Rev growth +14.5% vs OpEx growth +8.1% (leverage: 1.8x)",
      "severity": "MEDIUM"
    },
    {
      "quarter": "2025-06 (Q2)",
      "signal": "FCF MARGIN EXPANSION",
      "detail": "FCF margin: -39.5% -> -22.4% (+17.1%)",
      "severity": "MEDIUM"
    },
    {
      "quarter": "2025-06 (Q2)",
      "signal": "YoY REVENUE GROWTH ACCELERATION",
      "detail": "YoY growth: +12.7% vs prior quarter YoY: +1.9% (accel: +10.8%)",
      "severity": "MEDIUM"
    },
    {
      "quarter": "2025-06 (Q2)",
      "signal": "INCREMENTAL MARGIN (YoY)",
      "detail": "YoY Incr OPM: +58.6% vs year-ago OPM: +20.9%",
      "severity": "HIGH"
    },
    {
      "quarter": "2025-03 (Q1)",
      "signal": "INCREMENTAL MARGIN (YoY)",
      "detail": "YoY Incr OPM: +884.5% vs year-ago OPM: +8.5%",
      "severity": "HIGH"
    },
    {
      "quarter": "2024-12 (Q4)",
      "signal": "YoY REVENUE GROWTH ACCELERATION",
      "detail": "YoY growth: +0.6% vs prior quarter YoY: -5.7% (accel: +6.4%)",
      "severity": "MEDIUM"
    },
    {
      "quarter": "2024-12 (Q4)",
      "signal": "INCREMENTAL MARGIN (YoY)",
      "detail": "YoY Incr OPM: +2360.3% vs year-ago OPM: +9.4%",
      "severity": "HIGH"
    },
    {
      "quarter": "2024-09 (Q3)",
      "signal": "FCF TURNED POSITIVE",
      "detail": "FCF margin: -4.7% -> +12.4%",
      "severity": "HIGH"
    },
    {
      "quarter": "2024-09 (Q3)",
      "signal": "YoY REVENUE GROWTH DECELERATION",
      "detail": "YoY growth: -5.7% vs prior quarter YoY: +3.8% (decel: -9.5%)",
      "severity": "WARNING"
    },
    {
      "quarter": "2024-06 (Q2)",
      "signal": "FCF MARGIN EXPANSION",
      "detail": "FCF margin: -15.7% -> -4.7% (+11.1%)",
      "severity": "MEDIUM"
    },
    {
      "quarter": "2024-06 (Q2)",
      "signal": "YoY REVENUE GROWTH ACCELERATION",
      "detail": "YoY growth: +3.8% vs prior quarter YoY: -6.3% (accel: +10.0%)",
      "severity": "MEDIUM"
    },
    {
      "quarter": "2024-03 (Q1)",
      "signal": "YoY REVENUE GROWTH ACCELERATION",
      "detail": "YoY growth: -6.3% vs prior quarter YoY: -16.7% (accel: +10.5%)",
      "severity": "MEDIUM"
    },
    {
      "quarter": "2024-03 (Q1)",
      "signal": "INCREMENTAL MARGIN (YoY)",
      "detail": "YoY Incr OPM: +120.2% vs year-ago OPM: +15.5%",
      "severity": "HIGH"
    },
    {
      "quarter": "2023-12 (Q4)",
      "signal": "INCREMENTAL MARGIN (YoY)",
      "detail": "YoY Incr OPM: +35.1% vs year-ago OPM: +13.7%",
      "severity": "HIGH"
    },
    {
      "quarter": "2023-09 (Q3)",
      "signal": "FCF MARGIN EXPANSION",
      "detail": "FCF margin: +30.4% -> +39.1% (+8.6%)",
      "severity": "MEDIUM"
    },
    {
      "quarter": "2023-09 (Q3)",
      "signal": "OPERATING LEVERAGE",
      "detail": "Rev growth +26.3% vs OpEx growth +17.3% (leverage: 1.5x)",
      "severity": "MEDIUM"
    },
    {
      "quarter": "2023-06 (Q2)",
      "signal": "YoY REVENUE GROWTH DECELERATION",
      "detail": "YoY growth: -16.2% vs prior quarter YoY: +3.6% (decel: -19.8%)",
      "severity": "WARNING"
    },
    {
      "quarter": "2023-03 (Q1)",
      "signal": "FCF MARGIN EXPANSION",
      "detail": "FCF margin: +23.7% -> +32.2% (+8.5%)",
      "severity": "MEDIUM"
    },
    {
      "quarter": "2023-03 (Q1)",
      "signal": "YoY REVENUE GROWTH DECELERATION",
      "detail": "YoY growth: +3.6% vs prior quarter YoY: +20.2% (decel: -16.6%)",
      "severity": "WARNING"
    },
    {
      "quarter": "2022-12 (Q4)",
      "signal": "YoY REVENUE GROWTH DECELERATION",
      "detail": "YoY growth: +20.2% vs prior quarter YoY: +25.8% (decel: -5.6%)",
      "severity": "WARNING"
    },
    {
      "quarter": "2022-09 (Q3)",
      "signal": "FCF MARGIN EXPANSION",
      "detail": "FCF margin: +8.2% -> +23.5% (+15.4%)",
      "severity": "MEDIUM"
    },
    {
      "quarter": "2022-09 (Q3)",
      "signal": "YoY REVENUE GROWTH ACCELERATION",
      "detail": "YoY growth: +25.8% vs prior quarter YoY: +20.3% (accel: +5.5%)",
      "severity": "MEDIUM"
    },
    {
      "quarter": "2022-06 (Q2)",
      "signal": "YoY REVENUE GROWTH ACCELERATION",
      "detail": "YoY growth: +20.3% vs prior quarter YoY: +1.2% (accel: +19.1%)",
      "severity": "HIGH"
    },
    {
      "quarter": "2022-03 (Q1)",
      "signal": "FCF MARGIN EXPANSION",
      "detail": "FCF margin: +10.6% -> +18.7% (+8.1%)",
      "severity": "MEDIUM"
    },
    {
      "quarter": "2022-03 (Q1)",
      "signal": "YoY REVENUE GROWTH DECELERATION",
      "detail": "YoY growth: +1.2% vs prior quarter YoY: +14.9% (decel: -13.7%)",
      "severity": "WARNING"
    },
    {
      "quarter": "2022-03 (Q1)",
      "signal": "INCREMENTAL MARGIN (YoY)",
      "detail": "YoY Incr OPM: +175.5% vs year-ago OPM: +17.9%",
      "severity": "HIGH"
    },
    {
      "quarter": "2021-12 (Q4)",
      "signal": "INCREMENTAL MARGIN (YoY)",
      "detail": "YoY Incr OPM: +53.8% vs year-ago OPM: +6.4%",
      "severity": "HIGH"
    },
    {
      "quarter": "2021-09 (Q3)",
      "signal": "FCF MARGIN EXPANSION",
      "detail": "FCF margin: +28.2% -> +37.7% (+9.5%)",
      "severity": "MEDIUM"
    },
    {
      "quarter": "2021-06 (Q2)",
      "signal": "FCF TURNED POSITIVE",
      "detail": "FCF margin: -1.7% -> +28.2%",
      "severity": "HIGH"
    },
    {
      "quarter": "2021-03 (Q1)",
      "signal": "OPERATING LEVERAGE",
      "detail": "Rev growth +20.0% vs OpEx growth +5.4% (leverage: 3.7x)",
      "severity": "MEDIUM"
    }
  ],
  "data_quality": {
    "n_quarters": 20,
    "coverage": {
      "revenue": [
        20,
        20
      ],
      "gross_profit": [
        0,
        20
      ],
      "op_income": [
        20,
        20
      ],
      "fcf": [
        20,
        20
      ]
    },
    "gaps": [],
    "warnings": [
      "gross_profit: no data"
    ]
  },
  "market_cap": null,
  "source": "SEC EDGAR",
  "last_updated": "2026-02-02T20:02:07.351177",
  "sector": "Utilities",
  "industry": "Utilities - Regulated Electric"
}