{
  "ticker": "ETST",
  "name": "EARTH SCIENCE TECH, INC.",
  "quarters": [
    {
      "date": "2020-06-30T00:00:00",
      "quarter_label": "2020-06 (Q2)",
      "revenue": 72080,
      "gross_profit": 23955,
      "operating_income": -3874894,
      "net_income": null,
      "opex": 3898849,
      "cogs": 48125,
      "rd": 9000,
      "sga": null,
      "fcf": null,
      "ocf": null,
      "capex": null,
      "gross_margin": 0.3323390677025527,
      "op_margin": -53.75824084350722,
      "fcf_margin": null
    },
    {
      "date": "2020-09-30T00:00:00",
      "quarter_label": "2020-09 (Q3)",
      "revenue": 26551,
      "gross_profit": 13435,
      "operating_income": -155493,
      "net_income": null,
      "opex": 168928,
      "cogs": 13116,
      "rd": 9000,
      "sga": null,
      "fcf": null,
      "ocf": null,
      "capex": null,
      "gross_margin": 0.5060073066927799,
      "op_margin": -5.856389589845957,
      "fcf_margin": null
    },
    {
      "date": "2020-12-31T00:00:00",
      "quarter_label": "2020-12 (Q4)",
      "revenue": 23929,
      "gross_profit": 7916,
      "operating_income": -81450,
      "net_income": -110793,
      "opex": 89366,
      "cogs": 16013,
      "rd": null,
      "sga": null,
      "fcf": -64139,
      "ocf": -64139,
      "capex": null,
      "gross_margin": 0.3308119854569769,
      "op_margin": -3.4038196330811985,
      "fcf_margin": -2.6803878139496007
    },
    {
      "date": "2021-03-31T00:00:00",
      "quarter_label": "2021-03 (Q1)",
      "revenue": 18342,
      "gross_profit": -5372,
      "operating_income": -190277,
      "net_income": -216894,
      "opex": 184905,
      "cogs": 23714,
      "rd": 0,
      "sga": null,
      "fcf": -40860,
      "ocf": -40860,
      "capex": null,
      "gross_margin": -0.29287972958237923,
      "op_margin": -10.373841456765893,
      "fcf_margin": -2.227674190382728,
      "fcf_margin_change": 0.4527136235668725
    },
    {
      "date": "2021-06-30T00:00:00",
      "quarter_label": "2021-06 (Q2)",
      "revenue": 7490,
      "gross_profit": 3745,
      "operating_income": -11542,
      "net_income": -22410,
      "opex": 15287,
      "cogs": 3745,
      "rd": null,
      "sga": null,
      "fcf": -36179,
      "ocf": -36179,
      "capex": null,
      "gross_margin": 0.5,
      "op_margin": -1.5409879839786382,
      "fcf_margin": -4.830307076101469,
      "rev_growth_yoy": -0.896087680355161,
      "fcf_margin_change": -2.6026328857187404
    },
    {
      "date": "2021-09-30T00:00:00",
      "quarter_label": "2021-09 (Q3)",
      "revenue": 2455,
      "gross_profit": 1123,
      "operating_income": -46190,
      "net_income": 3341399,
      "opex": 47313,
      "cogs": 1332,
      "rd": null,
      "sga": null,
      "fcf": 15348,
      "ocf": 15348,
      "capex": null,
      "gross_margin": 0.4574338085539715,
      "op_margin": -18.814663951120163,
      "fcf_margin": 6.251731160896131,
      "rev_growth_yoy": -0.9075364393054876,
      "rev_growth_yoy_accel": -0.011448758950326599,
      "fcf_margin_change": 11.0820382369976
    },
    {
      "date": "2021-12-31T00:00:00",
      "quarter_label": "2021-12 (Q4)",
      "revenue": 3997,
      "gross_profit": 1530,
      "operating_income": -100951,
      "net_income": -115048,
      "opex": 102481,
      "cogs": 2467,
      "rd": null,
      "sga": null,
      "fcf": -19631,
      "ocf": -19631,
      "capex": null,
      "gross_margin": 0.3827870903177383,
      "op_margin": -25.256692519389542,
      "fcf_margin": -4.911433575181386,
      "rev_growth_yoy": -0.8329641857160768,
      "rev_growth_yoy_accel": 0.07457225358941078,
      "op_leverage_ratio": 0.5386741361915878,
      "fcf_margin_change": -11.163164736077515
    },
    {
      "date": "2022-03-31T00:00:00",
      "quarter_label": "2022-03 (Q1)",
      "revenue": 181,
      "gross_profit": -14914,
      "operating_income": -68023,
      "net_income": -30681,
      "opex": 53109,
      "cogs": 15095,
      "rd": null,
      "sga": null,
      "fcf": -127644,
      "ocf": -127644,
      "capex": null,
      "gross_margin": -82.39779005524862,
      "op_margin": -375.81767955801104,
      "fcf_margin": -705.2154696132596,
      "rev_growth_yoy": -0.9901319376294843,
      "rev_growth_yoy_accel": -0.15716775191340748,
      "fcf_margin_change": -700.3040360380783
    },
    {
      "date": "2022-12-31T00:00:00",
      "quarter_label": "2022-12 (Q4)",
      "revenue": 2533,
      "gross_profit": 1708,
      "operating_income": -48275,
      "net_income": 98464,
      "opex": 49983,
      "cogs": 825,
      "rd": null,
      "sga": null,
      "fcf": -293517,
      "ocf": -293517,
      "capex": null,
      "gross_margin": 0.6742992499013029,
      "op_margin": -19.058428740623768,
      "fcf_margin": -115.87722068693249,
      "rev_growth_yoy": -0.36627470602952217,
      "rev_growth_yoy_accel": 0.6238572315999621,
      "op_leverage_ratio": Infinity,
      "fcf_margin_change": 589.3382489263272
    },
    {
      "date": "2023-03-31T00:00:00",
      "quarter_label": "2023-03 (Q1)",
      "revenue": 46004,
      "gross_profit": 20352,
      "operating_income": -133184,
      "net_income": -249370,
      "opex": 153536,
      "cogs": 25652,
      "rd": null,
      "sga": null,
      "fcf": -343874,
      "ocf": -343874,
      "capex": null,
      "gross_margin": 0.4423963133640553,
      "op_margin": -2.8950526041213807,
      "fcf_margin": -7.474871750282584,
      "rev_growth_yoy": 253.1657458563536,
      "rev_growth_yoy_accel": 253.5320205623831,
      "op_leverage_ratio": 8.2836945185182,
      "fcf_margin_change": 108.4023489366499
    },
    {
      "date": "2023-06-30T00:00:00",
      "quarter_label": "2023-06 (Q2)",
      "revenue": 219934,
      "gross_profit": 148769,
      "operating_income": -77090,
      "net_income": -89708,
      "opex": 225859,
      "cogs": 71165,
      "rd": 6817,
      "sga": 124712,
      "fcf": -53768,
      "ocf": -53768,
      "capex": null,
      "gross_margin": 0.676425654969218,
      "op_margin": -0.3505142451826457,
      "fcf_margin": -0.2444733420026008,
      "op_leverage_ratio": 8.026250158569775,
      "fcf_margin_change": 7.230398408279983
    },
    {
      "date": "2023-09-30T00:00:00",
      "quarter_label": "2023-09 (Q3)",
      "revenue": 1927720,
      "gross_profit": 1181494,
      "operating_income": 479944,
      "net_income": 444581,
      "opex": 701550,
      "cogs": 746226,
      "rd": null,
      "sga": null,
      "fcf": 181678,
      "ocf": 181678,
      "capex": null,
      "gross_margin": 0.6128971012387692,
      "op_margin": 0.24896976739360488,
      "fcf_margin": 0.09424501483617953,
      "op_leverage_ratio": 3.6868336468857947,
      "fcf_margin_change": 0.3387183568387803
    },
    {
      "date": "2023-12-31T00:00:00",
      "quarter_label": "2023-12 (Q4)",
      "revenue": 3790112,
      "gross_profit": 2376698,
      "operating_income": 231031,
      "net_income": 225443,
      "opex": 2145667,
      "cogs": 1413414,
      "rd": null,
      "sga": null,
      "fcf": 179370,
      "ocf": 179370,
      "capex": null,
      "gross_margin": 0.62707856654368,
      "op_margin": 0.06095624614787109,
      "fcf_margin": 0.04732577823557721,
      "incr_op_margin_yoy": 0.0737426202859399,
      "rev_growth_yoy": 1495.2937228582707,
      "op_leverage_ratio": 0.46933548676081166,
      "fcf_margin_change": -0.04691923660060232
    },
    {
      "date": "2024-03-31T00:00:00",
      "quarter_label": "2024-03 (Q1)",
      "revenue": 6015869,
      "gross_profit": 4121535,
      "operating_income": 258485,
      "net_income": 231824,
      "opex": 3863051,
      "cogs": 1894334,
      "rd": null,
      "sga": null,
      "fcf": 898961,
      "ocf": 898961,
      "capex": null,
      "gross_margin": 0.6851104969207275,
      "op_margin": 0.04296719227097531,
      "fcf_margin": 0.14943161162585156,
      "incr_op_margin_yoy": 0.06560768124572332,
      "rev_growth_yoy": 129.768389705243,
      "rev_growth_yoy_accel": -1365.5253331530278,
      "op_leverage_ratio": 0.7337035383334272,
      "fcf_margin_change": 0.10210583339027435
    },
    {
      "date": "2024-06-30T00:00:00",
      "quarter_label": "2024-06 (Q2)",
      "revenue": 8568918,
      "gross_profit": 6410434,
      "operating_income": 1065018,
      "net_income": 1076254,
      "opex": 5345416,
      "cogs": 2158484,
      "rd": null,
      "sga": 60596,
      "fcf": 858960,
      "ocf": 951185,
      "capex": -92225,
      "gross_margin": 0.7481030860605739,
      "op_margin": 0.12428850410285172,
      "fcf_margin": 0.10024136069454744,
      "incr_op_margin_yoy": 0.13679604608177473,
      "rev_growth_yoy": 37.9613156674275,
      "rev_growth_yoy_accel": -91.80707403781551,
      "op_leverage_ratio": 1.1059514668644244,
      "fcf_margin_change": -0.04919025093130412
    },
    {
      "date": "2024-09-30T00:00:00",
      "quarter_label": "2024-09 (Q3)",
      "revenue": 8519047,
      "gross_profit": 6266681,
      "operating_income": 829560,
      "net_income": 798368,
      "opex": 5437121,
      "cogs": 2252366,
      "rd": null,
      "sga": 1259422,
      "fcf": 910362,
      "ocf": 926732,
      "capex": -16370,
      "gross_margin": 0.735608220027428,
      "op_margin": 0.09737708924484159,
      "fcf_margin": 0.10686195298605583,
      "incr_op_margin_yoy": 0.05304182298951334,
      "rev_growth_yoy": 3.4192346398854605,
      "rev_growth_yoy_accel": -34.54208102754204,
      "fcf_margin_change": 0.006620592291508395
    },
    {
      "date": "2024-12-31T00:00:00",
      "quarter_label": "2024-12 (Q4)",
      "revenue": 7352635,
      "gross_profit": 5086873,
      "operating_income": null,
      "net_income": 206411,
      "opex": 4860647,
      "cogs": 2265762,
      "rd": null,
      "sga": null,
      "fcf": 500430,
      "ocf": 500430,
      "capex": null,
      "gross_margin": 0.6918435363648542,
      "op_margin": null,
      "fcf_margin": 0.06806131407311801,
      "rev_growth_yoy": 0.9399519064344273,
      "rev_growth_yoy_accel": -2.4792827334510332,
      "fcf_margin_change": -0.03880063891293782
    },
    {
      "date": "2025-03-31T00:00:00",
      "quarter_label": "2025-03 (Q1)",
      "revenue": 8677024,
      "gross_profit": 6536148,
      "operating_income": null,
      "net_income": 1172602,
      "opex": 5208994,
      "cogs": 2140876,
      "rd": null,
      "sga": null,
      "fcf": 1994043,
      "ocf": 1994043,
      "capex": null,
      "gross_margin": 0.7532707066385894,
      "op_margin": null,
      "fcf_margin": 0.22980724727740756,
      "rev_growth_yoy": 0.4423558757679065,
      "rev_growth_yoy_accel": -0.49759603066652075,
      "op_leverage_ratio": 2.513359224501426,
      "fcf_margin_change": 0.16174593320428954
    },
    {
      "date": "2025-06-30T00:00:00",
      "quarter_label": "2025-06 (Q2)",
      "revenue": 8760190,
      "gross_profit": 6090775,
      "operating_income": null,
      "net_income": 465039,
      "opex": 5849144,
      "cogs": 2669415,
      "rd": null,
      "sga": 980172,
      "fcf": 339376,
      "ocf": 339376,
      "capex": null,
      "gross_margin": 0.6952788695222364,
      "op_margin": null,
      "fcf_margin": 0.03874071224482574,
      "rev_growth_yoy": 0.02232160466467295,
      "rev_growth_yoy_accel": -0.42003427110323355,
      "fcf_margin_change": -0.1910665350325818
    },
    {
      "date": "2025-09-30T00:00:00",
      "quarter_label": "2025-09 (Q3)",
      "revenue": 9050626,
      "gross_profit": 6723984,
      "operating_income": null,
      "net_income": 966823,
      "opex": 6141366,
      "cogs": 2326643,
      "rd": null,
      "sga": 888495,
      "fcf": 841820,
      "ocf": 841820,
      "capex": null,
      "gross_margin": 0.742930268027869,
      "op_margin": null,
      "fcf_margin": 0.09301235074789302,
      "rev_growth_yoy": 0.0623988810015956,
      "rev_growth_yoy_accel": 0.04007727633692265,
      "op_leverage_ratio": 0.6636152012835052,
      "fcf_margin_change": 0.05427163850306728
    }
  ],
  "signals": [
    {
      "quarter": "2025-09 (Q3)",
      "signal": "FCF MARGIN EXPANSION",
      "detail": "FCF margin: +3.9% -> +9.3% (+5.4%)",
      "severity": "MEDIUM"
    },
    {
      "quarter": "2025-09 (Q3)",
      "signal": "GROSS MARGIN INFLECTION",
      "detail": "GM: +75.3% -> +69.5% -> +74.3% (reversal +4.8%)",
      "severity": "MEDIUM"
    },
    {
      "quarter": "2025-06 (Q2)",
      "signal": "YoY REVENUE GROWTH DECELERATION",
      "detail": "YoY growth: +2.2% vs prior quarter YoY: +44.2% (decel: -42.0%)",
      "severity": "WARNING"
    },
    {
      "quarter": "2025-03 (Q1)",
      "signal": "FCF MARGIN EXPANSION",
      "detail": "FCF margin: +6.8% -> +23.0% (+16.2%)",
      "severity": "MEDIUM"
    },
    {
      "quarter": "2025-03 (Q1)",
      "signal": "OPERATING LEVERAGE",
      "detail": "Rev growth +18.0% vs OpEx growth +7.2% (leverage: 2.5x)",
      "severity": "MEDIUM"
    },
    {
      "quarter": "2025-03 (Q1)",
      "signal": "GROSS MARGIN INFLECTION",
      "detail": "GM: +73.6% -> +69.2% -> +75.3% (reversal +6.1%)",
      "severity": "HIGH"
    },
    {
      "quarter": "2025-03 (Q1)",
      "signal": "YoY REVENUE GROWTH DECELERATION",
      "detail": "YoY growth: +44.2% vs prior quarter YoY: +94.0% (decel: -49.8%)",
      "severity": "WARNING"
    },
    {
      "quarter": "2024-12 (Q4)",
      "signal": "YoY REVENUE GROWTH DECELERATION",
      "detail": "YoY growth: +94.0% vs prior quarter YoY: +341.9% (decel: -247.9%)",
      "severity": "WARNING"
    },
    {
      "quarter": "2024-09 (Q3)",
      "signal": "YoY REVENUE GROWTH DECELERATION",
      "detail": "YoY growth: +341.9% vs prior quarter YoY: +3796.1% (decel: -3454.2%)",
      "severity": "WARNING"
    },
    {
      "quarter": "2024-06 (Q2)",
      "signal": "YoY REVENUE GROWTH DECELERATION",
      "detail": "YoY growth: +3796.1% vs prior quarter YoY: +12976.8% (decel: -9180.7%)",
      "severity": "WARNING"
    },
    {
      "quarter": "2024-06 (Q2)",
      "signal": "OP MARGIN TURNED POSITIVE (YoY)",
      "detail": "Op margin: -35.1% (year-ago) -> +12.4%",
      "severity": "HIGH"
    },
    {
      "quarter": "2024-03 (Q1)",
      "signal": "FCF MARGIN EXPANSION",
      "detail": "FCF margin: +4.7% -> +14.9% (+10.2%)",
      "severity": "MEDIUM"
    },
    {
      "quarter": "2024-03 (Q1)",
      "signal": "YoY REVENUE GROWTH DECELERATION",
      "detail": "YoY growth: +12976.8% vs prior quarter YoY: +149529.4% (decel: -136552.5%)",
      "severity": "WARNING"
    },
    {
      "quarter": "2024-03 (Q1)",
      "signal": "OP MARGIN TURNED POSITIVE (YoY)",
      "detail": "Op margin: -289.5% (year-ago) -> +4.3%",
      "severity": "HIGH"
    },
    {
      "quarter": "2023-12 (Q4)",
      "signal": "OP MARGIN TURNED POSITIVE (YoY)",
      "detail": "Op margin: -1905.8% (year-ago) -> +6.1%",
      "severity": "HIGH"
    },
    {
      "quarter": "2023-09 (Q3)",
      "signal": "FCF TURNED POSITIVE",
      "detail": "FCF margin: -24.4% -> +9.4%",
      "severity": "HIGH"
    },
    {
      "quarter": "2023-09 (Q3)",
      "signal": "OPERATING LEVERAGE",
      "detail": "Rev growth +776.5% vs OpEx growth +210.6% (leverage: 3.7x)",
      "severity": "MEDIUM"
    },
    {
      "quarter": "2023-09 (Q3)",
      "signal": "OP MARGIN TURNED POSITIVE (QoQ)",
      "detail": "Op margin: -35.1% -> +24.9%",
      "severity": "HIGH"
    },
    {
      "quarter": "2023-06 (Q2)",
      "signal": "FCF MARGIN EXPANSION",
      "detail": "FCF margin: -747.5% -> -24.4% (+723.0%)",
      "severity": "MEDIUM"
    },
    {
      "quarter": "2023-06 (Q2)",
      "signal": "OPERATING LEVERAGE",
      "detail": "Rev growth +378.1% vs OpEx growth +47.1% (leverage: 8.0x)",
      "severity": "MEDIUM"
    },
    {
      "quarter": "2023-06 (Q2)",
      "signal": "GROSS MARGIN INFLECTION",
      "detail": "GM: +67.4% -> +44.2% -> +67.6% (reversal +23.4%)",
      "severity": "HIGH"
    },
    {
      "quarter": "2023-03 (Q1)",
      "signal": "FCF MARGIN EXPANSION",
      "detail": "FCF margin: -11587.7% -> -747.5% (+10840.2%)",
      "severity": "MEDIUM"
    },
    {
      "quarter": "2023-03 (Q1)",
      "signal": "OPERATING LEVERAGE",
      "detail": "Rev growth +1716.2% vs OpEx growth +207.2% (leverage: 8.3x)",
      "severity": "MEDIUM"
    },
    {
      "quarter": "2023-03 (Q1)",
      "signal": "YoY REVENUE GROWTH ACCELERATION",
      "detail": "YoY growth: +25316.6% vs prior quarter YoY: -36.6% (accel: +25353.2%)",
      "severity": "HIGH"
    },
    {
      "quarter": "2022-12 (Q4)",
      "signal": "FCF MARGIN EXPANSION",
      "detail": "FCF margin: -70521.5% -> -11587.7% (+58933.8%)",
      "severity": "MEDIUM"
    },
    {
      "quarter": "2022-12 (Q4)",
      "signal": "GROSS MARGIN INFLECTION",
      "detail": "GM: +38.3% -> -8239.8% -> +67.4% (reversal +8307.2%)",
      "severity": "HIGH"
    },
    {
      "quarter": "2022-12 (Q4)",
      "signal": "YoY REVENUE GROWTH ACCELERATION",
      "detail": "YoY growth: -36.6% vs prior quarter YoY: -99.0% (accel: +62.4%)",
      "severity": "HIGH"
    },
    {
      "quarter": "2022-03 (Q1)",
      "signal": "YoY REVENUE GROWTH DECELERATION",
      "detail": "YoY growth: -99.0% vs prior quarter YoY: -83.3% (decel: -15.7%)",
      "severity": "WARNING"
    },
    {
      "quarter": "2021-12 (Q4)",
      "signal": "YoY REVENUE GROWTH ACCELERATION",
      "detail": "YoY growth: -83.3% vs prior quarter YoY: -90.8% (accel: +7.5%)",
      "severity": "MEDIUM"
    },
    {
      "quarter": "2021-09 (Q3)",
      "signal": "FCF TURNED POSITIVE",
      "detail": "FCF margin: -483.0% -> +625.2%",
      "severity": "HIGH"
    },
    {
      "quarter": "2021-06 (Q2)",
      "signal": "GROSS MARGIN INFLECTION",
      "detail": "GM: +33.1% -> -29.3% -> +50.0% (reversal +79.3%)",
      "severity": "HIGH"
    },
    {
      "quarter": "2021-03 (Q1)",
      "signal": "FCF MARGIN EXPANSION",
      "detail": "FCF margin: -268.0% -> -222.8% (+45.3%)",
      "severity": "MEDIUM"
    }
  ],
  "data_quality": {
    "n_quarters": 20,
    "coverage": {
      "revenue": [
        20,
        20
      ],
      "gross_profit": [
        20,
        20
      ],
      "op_income": [
        16,
        20
      ],
      "fcf": [
        18,
        20
      ]
    },
    "gaps": [
      [
        "2022-03 (Q1)",
        "2022-12 (Q4)",
        275
      ]
    ],
    "warnings": [
      "gap: 2Q missing between 2022-03 (Q1) and 2022-12 (Q4)"
    ]
  },
  "market_cap": null,
  "source": "SEC EDGAR",
  "last_updated": "2026-02-02T23:42:46.029702"
}