{
  "ticker": "EVC",
  "name": "ENTRAVISION COMMUNICATIONS CORPORATION",
  "quarters": [
    {
      "date": "2020-12-31T00:00:00",
      "quarter_label": "2020-12 (Q4)",
      "revenue": 171683000,
      "gross_profit": null,
      "operating_income": 29024000,
      "net_income": null,
      "opex": null,
      "cogs": null,
      "rd": null,
      "sga": 14033000,
      "fcf": 36413000,
      "ocf": 37732000,
      "capex": -1319000,
      "gross_margin": null,
      "op_margin": 0.16905575974324774,
      "fcf_margin": 0.21209438325285557
    },
    {
      "date": "2021-03-31T00:00:00",
      "quarter_label": "2021-03 (Q1)",
      "revenue": 148880000,
      "gross_profit": 64124000,
      "operating_income": 11369000,
      "net_income": null,
      "opex": 52755000,
      "cogs": 84756000,
      "rd": null,
      "sga": 13853000,
      "fcf": 21614000,
      "ocf": 23452000,
      "capex": -1838000,
      "gross_margin": 0.43070929607737773,
      "op_margin": 0.0763635142396561,
      "fcf_margin": 0.14517732401934444,
      "fcf_margin_change": -0.06691705923351113
    },
    {
      "date": "2021-06-30T00:00:00",
      "quarter_label": "2021-06 (Q2)",
      "revenue": 178410000,
      "gross_profit": 69380000,
      "operating_income": 16239000,
      "net_income": null,
      "opex": 53141000,
      "cogs": 109030000,
      "rd": null,
      "sga": 13106000,
      "fcf": 19935000,
      "ocf": 20933000,
      "capex": -998000,
      "gross_margin": 0.388879547110588,
      "op_margin": 0.09102068269715823,
      "fcf_margin": 0.11173701025727258,
      "op_leverage_ratio": 27.108370304839173,
      "fcf_margin_change": -0.03344031376207186
    },
    {
      "date": "2021-09-30T00:00:00",
      "quarter_label": "2021-09 (Q3)",
      "revenue": 199008000,
      "gross_profit": 74676000,
      "operating_income": 20497000,
      "net_income": null,
      "opex": 54179000,
      "cogs": 124332000,
      "rd": null,
      "sga": 14530000,
      "fcf": 7962000,
      "ocf": 9395000,
      "capex": -1433000,
      "gross_margin": 0.37524119633381575,
      "op_margin": 0.10299585946293616,
      "fcf_margin": 0.04000844187168355,
      "op_leverage_ratio": 5.91069064468962,
      "fcf_margin_change": -0.07172856838558903
    },
    {
      "date": "2021-12-31T00:00:00",
      "quarter_label": "2021-12 (Q4)",
      "revenue": 233894000,
      "gross_profit": 85495000,
      "operating_income": 12366000,
      "net_income": null,
      "opex": 73129000,
      "cogs": 148399000,
      "rd": null,
      "sga": 15096000,
      "fcf": 9923000,
      "ocf": 11473000,
      "capex": -1550000,
      "gross_margin": 0.36552882929874214,
      "op_margin": 0.052870103551181304,
      "fcf_margin": 0.042425201159499604,
      "incr_op_margin_yoy": -0.26776615068074777,
      "rev_growth_yoy": 0.3623596978151593,
      "op_leverage_ratio": 0.5011900169961744,
      "fcf_margin_change": 0.002416759287816053
    },
    {
      "date": "2022-03-31T00:00:00",
      "quarter_label": "2022-03 (Q1)",
      "revenue": 197172000,
      "gross_profit": 67281000,
      "operating_income": 4166000,
      "net_income": null,
      "opex": 63115000,
      "cogs": 129891000,
      "rd": null,
      "sga": 16039000,
      "fcf": 51672000,
      "ocf": 53219000,
      "capex": -1547000,
      "gross_margin": 0.3412299920881261,
      "op_margin": 0.021128760675958046,
      "fcf_margin": 0.26206560769277587,
      "incr_op_margin_yoy": -0.14915513956763024,
      "rev_growth_yoy": 0.3243686190220312,
      "rev_growth_yoy_accel": -0.03799107879312813,
      "fcf_margin_change": 0.21964040653327627
    },
    {
      "date": "2022-06-30T00:00:00",
      "quarter_label": "2022-06 (Q2)",
      "revenue": 221695000,
      "gross_profit": 76730000,
      "operating_income": 13441000,
      "net_income": null,
      "opex": 63289000,
      "cogs": 144965000,
      "rd": null,
      "sga": 17775000,
      "fcf": 8025000,
      "ocf": 9687000,
      "capex": -1662000,
      "gross_margin": 0.34610613680958074,
      "op_margin": 0.060628340738401856,
      "fcf_margin": 0.036198380658111366,
      "incr_op_margin_yoy": -0.0646413307150283,
      "rev_growth_yoy": 0.24261532425312482,
      "rev_growth_yoy_accel": -0.08175329476890636,
      "op_leverage_ratio": 45.11403734437125,
      "fcf_margin_change": -0.2258672270346645
    },
    {
      "date": "2022-09-30T00:00:00",
      "quarter_label": "2022-09 (Q3)",
      "revenue": 241014000,
      "gross_profit": 83919000,
      "operating_income": 15904000,
      "net_income": null,
      "opex": 68015000,
      "cogs": 157095000,
      "rd": null,
      "sga": 19208000,
      "fcf": 10563000,
      "ocf": 15236000,
      "capex": -4673000,
      "gross_margin": 0.3481913913714556,
      "op_margin": 0.06598786792468488,
      "fcf_margin": 0.04382732953272424,
      "incr_op_margin_yoy": -0.1093415226396229,
      "rev_growth_yoy": 0.2110769416304872,
      "rev_growth_yoy_accel": -0.03153838262263761,
      "op_leverage_ratio": 1.1669795899913469,
      "fcf_margin_change": 0.007628948874612872
    },
    {
      "date": "2022-12-31T00:00:00",
      "quarter_label": "2022-12 (Q4)",
      "revenue": 296328000,
      "gross_profit": 104363000,
      "operating_income": 6741000,
      "net_income": null,
      "opex": 97622000,
      "cogs": 191965000,
      "rd": null,
      "sga": 22143000,
      "fcf": -2811000,
      "ocf": 775000,
      "capex": -3586000,
      "gross_margin": 0.352187440943819,
      "op_margin": 0.0227484409168219,
      "fcf_margin": -0.009486109986231473,
      "incr_op_margin_yoy": -0.09009514046833456,
      "rev_growth_yoy": 0.2669328841269977,
      "rev_growth_yoy_accel": 0.05585594249651052,
      "op_leverage_ratio": 0.5272336169127124,
      "fcf_margin_change": -0.05331343951895571
    },
    {
      "date": "2023-03-31T00:00:00",
      "quarter_label": "2023-03 (Q1)",
      "revenue": 239006000,
      "gross_profit": 71250000,
      "operating_income": 6668000,
      "net_income": null,
      "opex": 64582000,
      "cogs": 167756000,
      "rd": null,
      "sga": 22768000,
      "fcf": 29945000,
      "ocf": 36695000,
      "capex": -6750000,
      "gross_margin": 0.29810967088692336,
      "op_margin": 0.027898881199635156,
      "fcf_margin": 0.1252897416801252,
      "incr_op_margin_yoy": 0.05980781182769996,
      "rev_growth_yoy": 0.21217008500192724,
      "rev_growth_yoy_accel": -0.05476279912507048,
      "fcf_margin_change": 0.13477585166635667
    },
    {
      "date": "2023-06-30T00:00:00",
      "quarter_label": "2023-06 (Q2)",
      "revenue": 273381000,
      "gross_profit": 77545000,
      "operating_income": 544000,
      "net_income": null,
      "opex": 77001000,
      "cogs": 195836000,
      "rd": null,
      "sga": 23565000,
      "fcf": 2288000,
      "ocf": 10396000,
      "capex": -8108000,
      "gross_margin": 0.28365175341373394,
      "op_margin": 0.0019898968838361116,
      "fcf_margin": 0.00836927218789894,
      "incr_op_margin_yoy": -0.24952598382540728,
      "rev_growth_yoy": 0.2331401249464354,
      "rev_growth_yoy_accel": 0.020970039944508162,
      "op_leverage_ratio": 0.7479262336339907,
      "fcf_margin_change": -0.11692046949222624
    },
    {
      "date": "2023-09-30T00:00:00",
      "quarter_label": "2023-09 (Q3)",
      "revenue": 274417000,
      "gross_profit": 75128000,
      "operating_income": 5131000,
      "net_income": null,
      "opex": 69997000,
      "cogs": 199289000,
      "rd": null,
      "sga": 21954000,
      "fcf": 17003000,
      "ocf": 22026000,
      "capex": -5023000,
      "gross_margin": 0.2737731263004843,
      "op_margin": 0.01869782119912396,
      "fcf_margin": 0.061960447056851435,
      "incr_op_margin_yoy": -0.32251594168188485,
      "rev_growth_yoy": 0.13859360867003576,
      "rev_growth_yoy_accel": -0.09454651627639965,
      "fcf_margin_change": 0.0535911748689525
    },
    {
      "date": "2023-12-31T00:00:00",
      "quarter_label": "2023-12 (Q4)",
      "revenue": 320063000,
      "gross_profit": 82543000,
      "operating_income": -16864000,
      "net_income": null,
      "opex": 99407000,
      "cogs": 237520000,
      "rd": null,
      "sga": 23692000,
      "fcf": -1367000,
      "ocf": 6079000,
      "capex": -7446000,
      "gross_margin": 0.25789610170497684,
      "op_margin": -0.052689626729737586,
      "fcf_margin": -0.004271034140153657,
      "incr_op_margin_yoy": -0.9945228565409733,
      "rev_growth_yoy": 0.08009705461515618,
      "rev_growth_yoy_accel": -0.05849655405487958,
      "op_leverage_ratio": 0.3958914442929852,
      "fcf_margin_change": -0.06623148119700509
    },
    {
      "date": "2024-03-31T00:00:00",
      "quarter_label": "2024-03 (Q1)",
      "revenue": 277445000,
      "gross_profit": 74216000,
      "operating_income": -55899000,
      "net_income": null,
      "opex": 130115000,
      "cogs": 203229000,
      "rd": null,
      "sga": 26695000,
      "fcf": 30632000,
      "ocf": 33375000,
      "capex": -2743000,
      "gross_margin": 0.26749806267908954,
      "op_margin": -0.20147777036890194,
      "fcf_margin": 0.11040746814683991,
      "incr_op_margin_yoy": -1.6276958297562372,
      "rev_growth_yoy": 0.16082859844522732,
      "rev_growth_yoy_accel": 0.08073154383007114,
      "fcf_margin_change": 0.11467850228699357
    },
    {
      "date": "2024-06-30T00:00:00",
      "quarter_label": "2024-06 (Q2)",
      "revenue": 82654000,
      "gross_profit": 58230000,
      "operating_income": -3344000,
      "net_income": null,
      "opex": 61574000,
      "cogs": 24424000,
      "rd": null,
      "sga": 14363000,
      "fcf": 15702000,
      "ocf": 17696000,
      "capex": -1994000,
      "gross_margin": 0.7045031093474,
      "op_margin": -0.04045781208410966,
      "fcf_margin": 0.18997265710068478,
      "incr_op_margin_yoy": 0.02038515784340969,
      "rev_growth_yoy": -0.6976600422121508,
      "rev_growth_yoy_accel": -0.8584886406573782,
      "fcf_margin_change": 0.07956518895384487
    },
    {
      "date": "2024-09-30T00:00:00",
      "quarter_label": "2024-09 (Q3)",
      "revenue": 97156000,
      "gross_profit": 70355000,
      "operating_income": 7585000,
      "net_income": null,
      "opex": 62770000,
      "cogs": 26801000,
      "rd": null,
      "sga": 17112000,
      "fcf": 9299000,
      "ocf": 10851000,
      "capex": -1552000,
      "gross_margin": 0.7241446745440323,
      "op_margin": 0.07807031989789617,
      "fcf_margin": 0.0957120507225493,
      "incr_op_margin_yoy": -0.013843992756443888,
      "rev_growth_yoy": -0.6459548788886986,
      "rev_growth_yoy_accel": 0.05170516332345221,
      "op_leverage_ratio": 9.032962610869358,
      "fcf_margin_change": -0.09426060637813548
    },
    {
      "date": "2024-12-31T00:00:00",
      "quarter_label": "2024-12 (Q4)",
      "revenue": 106962000,
      "gross_profit": 78649000,
      "operating_income": -48572000,
      "net_income": null,
      "opex": 127221000,
      "cogs": 28313000,
      "rd": null,
      "sga": 17059000,
      "fcf": 10609000,
      "ocf": 12783000,
      "capex": -2174000,
      "gross_margin": 0.7352985172304183,
      "op_margin": -0.4541051962379163,
      "fcf_margin": 0.09918475720349283,
      "incr_op_margin_yoy": 0.14879329519805162,
      "rev_growth_yoy": -0.665809543746075,
      "rev_growth_yoy_accel": -0.019854664857376414,
      "op_leverage_ratio": 0.09829801122806489,
      "fcf_margin_change": 0.003472706480943527
    },
    {
      "date": "2025-03-31T00:00:00",
      "quarter_label": "2025-03 (Q1)",
      "revenue": 91851000,
      "gross_profit": 58379000,
      "operating_income": -52770000,
      "net_income": null,
      "opex": 111149000,
      "cogs": 33472000,
      "rd": null,
      "sga": 15506000,
      "fcf": -17887000,
      "ocf": -15244000,
      "capex": -2643000,
      "gross_margin": 0.6355837171070539,
      "op_margin": -0.5745174249599896,
      "fcf_margin": -0.1947393060500158,
      "incr_op_margin_yoy": -0.01685938122999666,
      "rev_growth_yoy": -0.6689397898682622,
      "rev_growth_yoy_accel": -0.0031302461221871525,
      "fcf_margin_change": -0.2939240632535086
    },
    {
      "date": "2025-06-30T00:00:00",
      "quarter_label": "2025-06 (Q2)",
      "revenue": 100735000,
      "gross_profit": 62725000,
      "operating_income": -848000,
      "net_income": null,
      "opex": 63573000,
      "cogs": 38010000,
      "rd": null,
      "sga": 16453000,
      "fcf": 5667000,
      "ocf": 7828000,
      "capex": -2161000,
      "gross_margin": 0.6226733508710974,
      "op_margin": -0.008418126768253337,
      "fcf_margin": 0.056256514617560927,
      "incr_op_margin_yoy": 0.13804546208727395,
      "rev_growth_yoy": 0.2187552931497568,
      "rev_growth_yoy_accel": 0.887695083018019,
      "op_leverage_ratio": Infinity,
      "fcf_margin_change": 0.25099582066757675
    },
    {
      "date": "2025-09-30T00:00:00",
      "quarter_label": "2025-09 (Q3)",
      "revenue": 120630000,
      "gross_profit": 69644000,
      "operating_income": -9086000,
      "net_income": null,
      "opex": 78730000,
      "cogs": 50986000,
      "rd": null,
      "sga": 19028000,
      "fcf": 7061000,
      "ocf": 8277000,
      "capex": -1216000,
      "gross_margin": 0.5773356544806433,
      "op_margin": -0.07532123020807428,
      "fcf_margin": 0.05853436126999917,
      "incr_op_margin_yoy": -0.7101899974439806,
      "rev_growth_yoy": 0.24161142904195315,
      "rev_growth_yoy_accel": 0.022856135892196344,
      "op_leverage_ratio": 0.8283674175387533,
      "fcf_margin_change": 0.0022778466524382424
    }
  ],
  "signals": [
    {
      "quarter": "2025-06 (Q2)",
      "signal": "FCF TURNED POSITIVE",
      "detail": "FCF margin: -19.5% -> +5.6%",
      "severity": "HIGH"
    },
    {
      "quarter": "2025-06 (Q2)",
      "signal": "YoY REVENUE GROWTH ACCELERATION",
      "detail": "YoY growth: +21.9% vs prior quarter YoY: -66.9% (accel: +88.8%)",
      "severity": "HIGH"
    },
    {
      "quarter": "2024-09 (Q3)",
      "signal": "OPERATING LEVERAGE",
      "detail": "Rev growth +17.5% vs OpEx growth +1.9% (leverage: 9.0x)",
      "severity": "MEDIUM"
    },
    {
      "quarter": "2024-09 (Q3)",
      "signal": "YoY REVENUE GROWTH ACCELERATION",
      "detail": "YoY growth: -64.6% vs prior quarter YoY: -69.8% (accel: +5.2%)",
      "severity": "MEDIUM"
    },
    {
      "quarter": "2024-09 (Q3)",
      "signal": "OP MARGIN TURNED POSITIVE (QoQ)",
      "detail": "Op margin: -4.0% -> +7.8%",
      "severity": "HIGH"
    },
    {
      "quarter": "2024-06 (Q2)",
      "signal": "FCF MARGIN EXPANSION",
      "detail": "FCF margin: +11.0% -> +19.0% (+8.0%)",
      "severity": "MEDIUM"
    },
    {
      "quarter": "2024-06 (Q2)",
      "signal": "YoY REVENUE GROWTH DECELERATION",
      "detail": "YoY growth: -69.8% vs prior quarter YoY: +16.1% (decel: -85.8%)",
      "severity": "WARNING"
    },
    {
      "quarter": "2024-03 (Q1)",
      "signal": "FCF TURNED POSITIVE",
      "detail": "FCF margin: -0.4% -> +11.0%",
      "severity": "HIGH"
    },
    {
      "quarter": "2024-03 (Q1)",
      "signal": "YoY REVENUE GROWTH ACCELERATION",
      "detail": "YoY growth: +16.1% vs prior quarter YoY: +8.0% (accel: +8.1%)",
      "severity": "MEDIUM"
    },
    {
      "quarter": "2023-12 (Q4)",
      "signal": "YoY REVENUE GROWTH DECELERATION",
      "detail": "YoY growth: +8.0% vs prior quarter YoY: +13.9% (decel: -5.8%)",
      "severity": "WARNING"
    },
    {
      "quarter": "2023-09 (Q3)",
      "signal": "FCF MARGIN EXPANSION",
      "detail": "FCF margin: +0.8% -> +6.2% (+5.4%)",
      "severity": "MEDIUM"
    },
    {
      "quarter": "2023-09 (Q3)",
      "signal": "YoY REVENUE GROWTH DECELERATION",
      "detail": "YoY growth: +13.9% vs prior quarter YoY: +23.3% (decel: -9.5%)",
      "severity": "WARNING"
    },
    {
      "quarter": "2023-03 (Q1)",
      "signal": "FCF TURNED POSITIVE",
      "detail": "FCF margin: -0.9% -> +12.5%",
      "severity": "HIGH"
    },
    {
      "quarter": "2023-03 (Q1)",
      "signal": "YoY REVENUE GROWTH DECELERATION",
      "detail": "YoY growth: +21.2% vs prior quarter YoY: +26.7% (decel: -5.5%)",
      "severity": "WARNING"
    },
    {
      "quarter": "2022-12 (Q4)",
      "signal": "YoY REVENUE GROWTH ACCELERATION",
      "detail": "YoY growth: +26.7% vs prior quarter YoY: +21.1% (accel: +5.6%)",
      "severity": "MEDIUM"
    },
    {
      "quarter": "2022-06 (Q2)",
      "signal": "OPERATING LEVERAGE",
      "detail": "Rev growth +12.4% vs OpEx growth +0.3% (leverage: 45.1x)",
      "severity": "MEDIUM"
    },
    {
      "quarter": "2022-06 (Q2)",
      "signal": "YoY REVENUE GROWTH DECELERATION",
      "detail": "YoY growth: +24.3% vs prior quarter YoY: +32.4% (decel: -8.2%)",
      "severity": "WARNING"
    },
    {
      "quarter": "2022-03 (Q1)",
      "signal": "FCF MARGIN EXPANSION",
      "detail": "FCF margin: +4.2% -> +26.2% (+22.0%)",
      "severity": "MEDIUM"
    },
    {
      "quarter": "2021-09 (Q3)",
      "signal": "OPERATING LEVERAGE",
      "detail": "Rev growth +11.5% vs OpEx growth +2.0% (leverage: 5.9x)",
      "severity": "MEDIUM"
    },
    {
      "quarter": "2021-06 (Q2)",
      "signal": "OPERATING LEVERAGE",
      "detail": "Rev growth +19.8% vs OpEx growth +0.7% (leverage: 27.1x)",
      "severity": "MEDIUM"
    }
  ],
  "data_quality": {
    "n_quarters": 20,
    "coverage": {
      "revenue": [
        20,
        20
      ],
      "gross_profit": [
        19,
        20
      ],
      "op_income": [
        20,
        20
      ],
      "fcf": [
        20,
        20
      ]
    },
    "gaps": [],
    "warnings": []
  },
  "market_cap": null,
  "source": "SEC EDGAR",
  "last_updated": "2026-02-02T22:48:17.440396"
}