{
  "ticker": "EVR",
  "name": "EVERCORE INC.",
  "quarters": [
    {
      "date": "2020-12-31T00:00:00",
      "quarter_label": "2020-12 (Q4)",
      "revenue": 932350000,
      "gross_profit": null,
      "operating_income": null,
      "net_income": 220377000,
      "opex": 600593000,
      "cogs": null,
      "rd": null,
      "sga": null,
      "fcf": 695176000,
      "ocf": 695176000,
      "capex": null,
      "gross_margin": null,
      "op_margin": null,
      "fcf_margin": 0.745616989328042
    },
    {
      "date": "2021-03-31T00:00:00",
      "quarter_label": "2021-03 (Q1)",
      "revenue": 666880000,
      "gross_profit": null,
      "operating_income": null,
      "net_income": 144352000,
      "opex": 468102000,
      "cogs": null,
      "rd": null,
      "sga": null,
      "fcf": -330111000,
      "ocf": -330111000,
      "capex": null,
      "gross_margin": null,
      "op_margin": null,
      "fcf_margin": -0.4950080974088292,
      "fcf_margin_change": -1.240625086736871
    },
    {
      "date": "2021-06-30T00:00:00",
      "quarter_label": "2021-06 (Q2)",
      "revenue": 692171000,
      "gross_profit": null,
      "operating_income": null,
      "net_income": 140359000,
      "opex": 480852000,
      "cogs": null,
      "rd": null,
      "sga": null,
      "fcf": 444569000,
      "ocf": 444569000,
      "capex": null,
      "gross_margin": null,
      "op_margin": null,
      "fcf_margin": 0.6422820372422422,
      "op_leverage_ratio": 1.3923506456757366,
      "fcf_margin_change": 1.1372901346510713
    },
    {
      "date": "2021-09-30T00:00:00",
      "quarter_label": "2021-09 (Q3)",
      "revenue": 827948000,
      "gross_profit": null,
      "operating_income": null,
      "net_income": 159545000,
      "opex": 578402000,
      "cogs": null,
      "rd": null,
      "sga": null,
      "fcf": 415446000,
      "ocf": 415446000,
      "capex": null,
      "gross_margin": null,
      "op_margin": null,
      "fcf_margin": 0.5017778894326697,
      "op_leverage_ratio": 0.9669342907705392,
      "fcf_margin_change": -0.14050414780957254
    },
    {
      "date": "2021-12-31T00:00:00",
      "quarter_label": "2021-12 (Q4)",
      "revenue": 1120086000,
      "gross_profit": null,
      "operating_income": null,
      "net_income": 295860000,
      "opex": 659705000,
      "cogs": null,
      "rd": null,
      "sga": null,
      "fcf": 854994000,
      "ocf": 854994000,
      "capex": null,
      "gross_margin": null,
      "op_margin": null,
      "fcf_margin": 0.7633288872461579,
      "rev_growth_yoy": 0.20135785917305732,
      "op_leverage_ratio": 2.5101993073174342,
      "fcf_margin_change": 0.26155099781348823
    },
    {
      "date": "2022-03-31T00:00:00",
      "quarter_label": "2022-03 (Q1)",
      "revenue": 727104000,
      "gross_profit": null,
      "operating_income": null,
      "net_income": 158016000,
      "opex": 513490000,
      "cogs": null,
      "rd": null,
      "sga": null,
      "fcf": -486220000,
      "ocf": -486220000,
      "capex": null,
      "gross_margin": null,
      "op_margin": null,
      "fcf_margin": -0.66870764017252,
      "rev_growth_yoy": 0.09030710172744721,
      "rev_growth_yoy_accel": -0.1110507574456101,
      "fcf_margin_change": -1.432036527418678
    },
    {
      "date": "2022-06-30T00:00:00",
      "quarter_label": "2022-06 (Q2)",
      "revenue": 635175000,
      "gross_profit": null,
      "operating_income": null,
      "net_income": 95627000,
      "opex": 484735000,
      "cogs": null,
      "rd": null,
      "sga": null,
      "fcf": 317600000,
      "ocf": 317600000,
      "capex": null,
      "gross_margin": null,
      "op_margin": null,
      "fcf_margin": 0.5000196796158539,
      "rev_growth_yoy": -0.08234381388414135,
      "rev_growth_yoy_accel": -0.17265091561158857,
      "fcf_margin_change": 1.168727319788374
    },
    {
      "date": "2022-09-30T00:00:00",
      "quarter_label": "2022-09 (Q3)",
      "revenue": 581125000,
      "gross_profit": null,
      "operating_income": null,
      "net_income": 82438000,
      "opex": 446538000,
      "cogs": null,
      "rd": null,
      "sga": null,
      "fcf": 325793000,
      "ocf": 325793000,
      "capex": null,
      "gross_margin": null,
      "op_margin": null,
      "fcf_margin": 0.560624650462465,
      "rev_growth_yoy": -0.29811413277162335,
      "rev_growth_yoy_accel": -0.215770318887482,
      "fcf_margin_change": 0.060604970846611095
    },
    {
      "date": "2022-12-31T00:00:00",
      "quarter_label": "2022-12 (Q4)",
      "revenue": 835494000,
      "gross_profit": null,
      "operating_income": null,
      "net_income": 140439000,
      "opex": 621243000,
      "cogs": null,
      "rd": null,
      "sga": null,
      "fcf": 374203000,
      "ocf": 374203000,
      "capex": null,
      "gross_margin": null,
      "op_margin": null,
      "fcf_margin": 0.4478823306929792,
      "rev_growth_yoy": -0.2540804902480702,
      "rev_growth_yoy_accel": 0.04403364252355313,
      "op_leverage_ratio": 1.1187877740376029,
      "fcf_margin_change": -0.11274231976948579
    },
    {
      "date": "2023-03-31T00:00:00",
      "quarter_label": "2023-03 (Q1)",
      "revenue": 576314000,
      "gross_profit": null,
      "operating_income": null,
      "net_income": 83378000,
      "opex": 465239000,
      "cogs": null,
      "rd": null,
      "sga": null,
      "fcf": -384737000,
      "ocf": -384737000,
      "capex": null,
      "gross_margin": null,
      "op_margin": null,
      "fcf_margin": -0.6675822555065468,
      "rev_growth_yoy": -0.20738436317225598,
      "rev_growth_yoy_accel": 0.04669612707581425,
      "fcf_margin_change": -1.115464586199526
    },
    {
      "date": "2023-06-30T00:00:00",
      "quarter_label": "2023-06 (Q2)",
      "revenue": 503600000,
      "gross_profit": null,
      "operating_income": null,
      "net_income": 37205000,
      "opex": 441703000,
      "cogs": null,
      "rd": null,
      "sga": null,
      "fcf": 179188000,
      "ocf": 179188000,
      "capex": null,
      "gross_margin": null,
      "op_margin": null,
      "fcf_margin": 0.3558141382049245,
      "rev_growth_yoy": -0.20714763647813594,
      "rev_growth_yoy_accel": 0.0002367266941200319,
      "fcf_margin_change": 1.0233963937114714
    },
    {
      "date": "2023-09-30T00:00:00",
      "quarter_label": "2023-09 (Q3)",
      "revenue": 574404000,
      "gross_profit": null,
      "operating_income": null,
      "net_income": 52148000,
      "opex": 493394000,
      "cogs": null,
      "rd": null,
      "sga": null,
      "fcf": 247873000,
      "ocf": 247873000,
      "capex": null,
      "gross_margin": null,
      "op_margin": null,
      "fcf_margin": 0.4315307692843365,
      "rev_growth_yoy": -0.011565497956549795,
      "rev_growth_yoy_accel": 0.19558213852158615,
      "op_leverage_ratio": 1.2013996108328022,
      "fcf_margin_change": 0.07571663107941196
    },
    {
      "date": "2023-12-31T00:00:00",
      "quarter_label": "2023-12 (Q4)",
      "revenue": 788348000,
      "gross_profit": null,
      "operating_income": null,
      "net_income": 82748000,
      "opex": 666478000,
      "cogs": null,
      "rd": null,
      "sga": null,
      "fcf": 415630000,
      "ocf": 415630000,
      "capex": null,
      "gross_margin": null,
      "op_margin": null,
      "fcf_margin": 0.5272164069674814,
      "rev_growth_yoy": -0.056428891170971905,
      "rev_growth_yoy_accel": -0.044863393214422106,
      "op_leverage_ratio": 1.0617434644576507,
      "fcf_margin_change": 0.09568563768314492
    },
    {
      "date": "2024-03-31T00:00:00",
      "quarter_label": "2024-03 (Q1)",
      "revenue": 585003000,
      "gross_profit": null,
      "operating_income": null,
      "net_income": 85693000,
      "opex": 496695000,
      "cogs": null,
      "rd": null,
      "sga": null,
      "fcf": -281221000,
      "ocf": -281221000,
      "capex": null,
      "gross_margin": null,
      "op_margin": null,
      "fcf_margin": -0.48071719290328424,
      "rev_growth_yoy": 0.015076850466932957,
      "rev_growth_yoy_accel": 0.07150574163790487,
      "fcf_margin_change": -1.0079335998707657
    },
    {
      "date": "2024-06-30T00:00:00",
      "quarter_label": "2024-06 (Q2)",
      "revenue": 693413000,
      "gross_profit": null,
      "operating_income": null,
      "net_income": 73758000,
      "opex": 580981000,
      "cogs": null,
      "rd": null,
      "sga": null,
      "fcf": 348488000,
      "ocf": 348488000,
      "capex": null,
      "gross_margin": null,
      "op_margin": null,
      "fcf_margin": 0.5025691759456485,
      "rev_growth_yoy": 0.37691223193010326,
      "rev_growth_yoy_accel": 0.3618353814631703,
      "op_leverage_ratio": 1.0920577256083859,
      "fcf_margin_change": 0.9832863688489328
    },
    {
      "date": "2024-09-30T00:00:00",
      "quarter_label": "2024-09 (Q3)",
      "revenue": 738420000,
      "gross_profit": null,
      "operating_income": null,
      "net_income": 78393000,
      "opex": 612229000,
      "cogs": null,
      "rd": null,
      "sga": null,
      "fcf": 234500000,
      "ocf": 234500000,
      "capex": null,
      "gross_margin": null,
      "op_margin": null,
      "fcf_margin": 0.317569946642832,
      "rev_growth_yoy": 0.2855411870390875,
      "rev_growth_yoy_accel": -0.09137104489101577,
      "op_leverage_ratio": 1.2067791268831438,
      "fcf_margin_change": -0.18499922930281654
    },
    {
      "date": "2024-12-31T00:00:00",
      "quarter_label": "2024-12 (Q4)",
      "revenue": 979525000,
      "gross_profit": null,
      "operating_income": null,
      "net_income": 140435000,
      "opex": 762774000,
      "cogs": null,
      "rd": null,
      "sga": null,
      "fcf": 686384000,
      "ocf": 686384000,
      "capex": null,
      "gross_margin": null,
      "op_margin": null,
      "fcf_margin": 0.7007314769913989,
      "rev_growth_yoy": 0.2425033107206462,
      "rev_growth_yoy_accel": -0.043037876318441276,
      "op_leverage_ratio": 1.3278540030574197,
      "fcf_margin_change": 0.3831615303485669
    },
    {
      "date": "2025-03-31T00:00:00",
      "quarter_label": "2025-03 (Q1)",
      "revenue": 699022000,
      "gross_profit": null,
      "operating_income": null,
      "net_income": 146184000,
      "opex": 583645000,
      "cogs": null,
      "rd": null,
      "sga": null,
      "fcf": -549653000,
      "ocf": -549653000,
      "capex": null,
      "gross_margin": null,
      "op_margin": null,
      "fcf_margin": -0.7863171688444712,
      "rev_growth_yoy": 0.19490327400030427,
      "rev_growth_yoy_accel": -0.04760003672034194,
      "fcf_margin_change": -1.4870486458358703
    },
    {
      "date": "2025-06-30T00:00:00",
      "quarter_label": "2025-06 (Q2)",
      "revenue": 838040000,
      "gross_profit": null,
      "operating_income": null,
      "net_income": 97201000,
      "opex": 683441000,
      "cogs": null,
      "rd": null,
      "sga": null,
      "fcf": 437737000,
      "ocf": 437737000,
      "capex": null,
      "gross_margin": null,
      "op_margin": null,
      "fcf_margin": 0.5223342561214261,
      "rev_growth_yoy": 0.20857266881353537,
      "rev_growth_yoy_accel": 0.013669394813231095,
      "op_leverage_ratio": 1.163096708948893,
      "fcf_margin_change": 1.3086514249658974
    },
    {
      "date": "2025-09-30T00:00:00",
      "quarter_label": "2025-09 (Q3)",
      "revenue": 1045994000,
      "gross_profit": null,
      "operating_income": null,
      "net_income": 144583000,
      "opex": 822678000,
      "cogs": null,
      "rd": null,
      "sga": null,
      "fcf": 560913000,
      "ocf": 560913000,
      "capex": null,
      "gross_margin": null,
      "op_margin": null,
      "fcf_margin": 0.5362487738935405,
      "rev_growth_yoy": 0.41652988813954117,
      "rev_growth_yoy_accel": 0.2079572193260058,
      "op_leverage_ratio": 1.218004524780745,
      "fcf_margin_change": 0.013914517772114388
    }
  ],
  "signals": [
    {
      "quarter": "2025-09 (Q3)",
      "signal": "YoY REVENUE GROWTH ACCELERATION",
      "detail": "YoY growth: +41.7% vs prior quarter YoY: +20.9% (accel: +20.8%)",
      "severity": "HIGH"
    },
    {
      "quarter": "2025-06 (Q2)",
      "signal": "FCF TURNED POSITIVE",
      "detail": "FCF margin: -78.6% -> +52.2%",
      "severity": "HIGH"
    },
    {
      "quarter": "2024-12 (Q4)",
      "signal": "FCF MARGIN EXPANSION",
      "detail": "FCF margin: +31.8% -> +70.1% (+38.3%)",
      "severity": "MEDIUM"
    },
    {
      "quarter": "2024-09 (Q3)",
      "signal": "YoY REVENUE GROWTH DECELERATION",
      "detail": "YoY growth: +28.6% vs prior quarter YoY: +37.7% (decel: -9.1%)",
      "severity": "WARNING"
    },
    {
      "quarter": "2024-06 (Q2)",
      "signal": "FCF TURNED POSITIVE",
      "detail": "FCF margin: -48.1% -> +50.3%",
      "severity": "HIGH"
    },
    {
      "quarter": "2024-06 (Q2)",
      "signal": "YoY REVENUE GROWTH ACCELERATION",
      "detail": "YoY growth: +37.7% vs prior quarter YoY: +1.5% (accel: +36.2%)",
      "severity": "HIGH"
    },
    {
      "quarter": "2024-03 (Q1)",
      "signal": "YoY REVENUE GROWTH ACCELERATION",
      "detail": "YoY growth: +1.5% vs prior quarter YoY: -5.6% (accel: +7.2%)",
      "severity": "MEDIUM"
    },
    {
      "quarter": "2023-12 (Q4)",
      "signal": "FCF MARGIN EXPANSION",
      "detail": "FCF margin: +43.2% -> +52.7% (+9.6%)",
      "severity": "MEDIUM"
    },
    {
      "quarter": "2023-09 (Q3)",
      "signal": "FCF MARGIN EXPANSION",
      "detail": "FCF margin: +35.6% -> +43.2% (+7.6%)",
      "severity": "MEDIUM"
    },
    {
      "quarter": "2023-09 (Q3)",
      "signal": "YoY REVENUE GROWTH ACCELERATION",
      "detail": "YoY growth: -1.2% vs prior quarter YoY: -20.7% (accel: +19.6%)",
      "severity": "HIGH"
    },
    {
      "quarter": "2023-06 (Q2)",
      "signal": "FCF TURNED POSITIVE",
      "detail": "FCF margin: -66.8% -> +35.6%",
      "severity": "HIGH"
    },
    {
      "quarter": "2022-09 (Q3)",
      "signal": "FCF MARGIN EXPANSION",
      "detail": "FCF margin: +50.0% -> +56.1% (+6.1%)",
      "severity": "MEDIUM"
    },
    {
      "quarter": "2022-09 (Q3)",
      "signal": "YoY REVENUE GROWTH DECELERATION",
      "detail": "YoY growth: -29.8% vs prior quarter YoY: -8.2% (decel: -21.6%)",
      "severity": "WARNING"
    },
    {
      "quarter": "2022-06 (Q2)",
      "signal": "FCF TURNED POSITIVE",
      "detail": "FCF margin: -66.9% -> +50.0%",
      "severity": "HIGH"
    },
    {
      "quarter": "2022-06 (Q2)",
      "signal": "YoY REVENUE GROWTH DECELERATION",
      "detail": "YoY growth: -8.2% vs prior quarter YoY: +9.0% (decel: -17.3%)",
      "severity": "WARNING"
    },
    {
      "quarter": "2022-03 (Q1)",
      "signal": "YoY REVENUE GROWTH DECELERATION",
      "detail": "YoY growth: +9.0% vs prior quarter YoY: +20.1% (decel: -11.1%)",
      "severity": "WARNING"
    },
    {
      "quarter": "2021-12 (Q4)",
      "signal": "FCF MARGIN EXPANSION",
      "detail": "FCF margin: +50.2% -> +76.3% (+26.2%)",
      "severity": "MEDIUM"
    },
    {
      "quarter": "2021-12 (Q4)",
      "signal": "OPERATING LEVERAGE",
      "detail": "Rev growth +35.3% vs OpEx growth +14.1% (leverage: 2.5x)",
      "severity": "MEDIUM"
    },
    {
      "quarter": "2021-06 (Q2)",
      "signal": "FCF TURNED POSITIVE",
      "detail": "FCF margin: -49.5% -> +64.2%",
      "severity": "HIGH"
    }
  ],
  "data_quality": {
    "n_quarters": 20,
    "coverage": {
      "revenue": [
        20,
        20
      ],
      "gross_profit": [
        0,
        20
      ],
      "op_income": [
        0,
        20
      ],
      "fcf": [
        20,
        20
      ]
    },
    "gaps": [],
    "warnings": [
      "gross_profit: no data",
      "op_income: no data"
    ]
  },
  "market_cap": null,
  "source": "SEC EDGAR",
  "last_updated": "2026-02-02T20:28:15.666343",
  "sector": "Financial Services",
  "industry": "Capital Markets"
}