{
  "ticker": "EVRG",
  "name": "EVERGY, INC.",
  "sector": "Utilities",
  "industry": "Utilities - Regulated Electric",
  "quarters": [
    {
      "date": "2021-03-31T00:00:00",
      "quarter_label": "2021-03 (Q1)",
      "revenue": 1611900000,
      "gross_profit": null,
      "operating_income": 317700000,
      "net_income": 191600000,
      "opex": 1294200000,
      "cogs": null,
      "rd": null,
      "sga": null,
      "fcf": -496300000,
      "ocf": -28600000,
      "capex": -467700000,
      "gross_margin": null,
      "op_margin": 0.1970965940815187,
      "fcf_margin": -0.30789751225262113
    },
    {
      "date": "2021-06-30T00:00:00",
      "quarter_label": "2021-06 (Q2)",
      "revenue": 1236200000,
      "gross_profit": null,
      "operating_income": 295300000,
      "net_income": 185300000,
      "opex": 940900000,
      "cogs": null,
      "rd": null,
      "sga": null,
      "fcf": -170200000,
      "ocf": 253200000,
      "capex": -423400000,
      "gross_margin": null,
      "op_margin": 0.23887720433586798,
      "fcf_margin": -0.1376799870571105,
      "fcf_margin_change": 0.17021752519551064
    },
    {
      "date": "2021-09-30T00:00:00",
      "quarter_label": "2021-09 (Q3)",
      "revenue": 1616500000,
      "gross_profit": null,
      "operating_income": 600700000,
      "net_income": 449400000,
      "opex": 1015800000,
      "cogs": null,
      "rd": null,
      "sga": null,
      "fcf": 307800000,
      "ocf": 811400000,
      "capex": -503600000,
      "gross_margin": null,
      "op_margin": 0.3716053201360965,
      "fcf_margin": 0.1904113826167646,
      "op_leverage_ratio": 3.864552726182502,
      "fcf_margin_change": 0.3280913696738751
    },
    {
      "date": "2021-12-31T00:00:00",
      "quarter_label": "2021-12 (Q4)",
      "revenue": 1122100000,
      "gross_profit": null,
      "operating_income": 141200000,
      "net_income": 53400000,
      "opex": 980900000,
      "cogs": null,
      "rd": null,
      "sga": null,
      "fcf": -262100000,
      "ocf": 315700000,
      "capex": -577800000,
      "gross_margin": null,
      "op_margin": 0.12583548703324124,
      "fcf_margin": -0.23357989484003208,
      "fcf_margin_change": -0.42399127745679666
    },
    {
      "date": "2022-03-31T00:00:00",
      "quarter_label": "2022-03 (Q1)",
      "revenue": 1223900000,
      "gross_profit": null,
      "operating_income": 253100000,
      "net_income": 122500000,
      "opex": 970800000,
      "cogs": null,
      "rd": null,
      "sga": null,
      "fcf": -259600000,
      "ocf": 265100000,
      "capex": -524700000,
      "gross_margin": null,
      "op_margin": 0.2067979410082523,
      "fcf_margin": -0.2121088324209494,
      "incr_op_margin_yoy": 0.16649484536082473,
      "rev_growth_yoy": -0.24070972144673988,
      "op_leverage_ratio": null,
      "fcf_margin_change": 0.02147106241908267
    },
    {
      "date": "2022-06-30T00:00:00",
      "quarter_label": "2022-06 (Q2)",
      "revenue": 1446500000,
      "gross_profit": null,
      "operating_income": 335500000,
      "net_income": 194500000,
      "opex": 1111000000,
      "cogs": null,
      "rd": null,
      "sga": null,
      "fcf": -267900000,
      "ocf": 323800000,
      "capex": -591700000,
      "gross_margin": null,
      "op_margin": 0.23193916349809887,
      "fcf_margin": -0.18520566885585896,
      "incr_op_margin_yoy": 0.19115549215406563,
      "rev_growth_yoy": 0.17011810386668824,
      "rev_growth_yoy_accel": 0.4108278253134281,
      "op_leverage_ratio": 1.2593921421652143,
      "fcf_margin_change": 0.026903163565090454
    },
    {
      "date": "2022-09-30T00:00:00",
      "quarter_label": "2022-09 (Q3)",
      "revenue": 1909100000,
      "gross_profit": null,
      "operating_income": 578400000,
      "net_income": 428200000,
      "opex": 1330700000,
      "cogs": null,
      "rd": null,
      "sga": null,
      "fcf": 390600000,
      "ocf": 888800000,
      "capex": -498200000,
      "gross_margin": null,
      "op_margin": 0.3029699858572102,
      "fcf_margin": 0.20459902571892516,
      "incr_op_margin_yoy": -0.07621326042378673,
      "rev_growth_yoy": 0.18100835137643057,
      "rev_growth_yoy_accel": 0.010890247509742323,
      "op_leverage_ratio": 1.6172277786334979,
      "fcf_margin_change": 0.3898046945747841
    },
    {
      "date": "2022-12-31T00:00:00",
      "quarter_label": "2022-12 (Q4)",
      "revenue": 1279600000,
      "gross_profit": null,
      "operating_income": 100200000,
      "net_income": 7500000,
      "opex": 1179400000,
      "cogs": null,
      "rd": null,
      "sga": null,
      "fcf": -227700000,
      "ocf": 324200000,
      "capex": -551900000,
      "gross_margin": null,
      "op_margin": 0.07830572053766802,
      "fcf_margin": -0.17794623319787434,
      "incr_op_margin_yoy": -0.26031746031746034,
      "rev_growth_yoy": 0.140361821584529,
      "rev_growth_yoy_accel": -0.04064652979190156,
      "fcf_margin_change": -0.38254525891679947
    },
    {
      "date": "2023-03-31T00:00:00",
      "quarter_label": "2023-03 (Q1)",
      "revenue": 1296800000,
      "gross_profit": null,
      "operating_income": 279300000,
      "net_income": 142600000,
      "opex": 1017500000,
      "cogs": null,
      "rd": null,
      "sga": null,
      "fcf": -164800000,
      "ocf": 362900000,
      "capex": -527700000,
      "gross_margin": null,
      "op_margin": 0.2153763109191857,
      "fcf_margin": -0.1270820481184454,
      "incr_op_margin_yoy": 0.35939643347050754,
      "rev_growth_yoy": 0.059563689843941496,
      "rev_growth_yoy_accel": -0.0807981317405875,
      "op_leverage_ratio": null,
      "fcf_margin_change": 0.05086418507942894
    },
    {
      "date": "2023-06-30T00:00:00",
      "quarter_label": "2023-06 (Q2)",
      "revenue": 1354200000,
      "gross_profit": null,
      "operating_income": 336600000,
      "net_income": 179100000,
      "opex": 1017600000,
      "cogs": null,
      "rd": null,
      "sga": null,
      "fcf": -224200000,
      "ocf": 352300000,
      "capex": -576500000,
      "gross_margin": null,
      "op_margin": 0.24856003544528135,
      "fcf_margin": -0.1655590016245754,
      "incr_op_margin_yoy": -0.011917659804983749,
      "rev_growth_yoy": -0.06380919460767369,
      "rev_growth_yoy_accel": -0.12337288445161518,
      "op_leverage_ratio": null,
      "fcf_margin_change": -0.03847695350613001
    },
    {
      "date": "2023-09-30T00:00:00",
      "quarter_label": "2023-09 (Q3)",
      "revenue": 1669300000,
      "gross_profit": null,
      "operating_income": 485900000,
      "net_income": 351600000,
      "opex": 1183400000,
      "cogs": null,
      "rd": null,
      "sga": null,
      "fcf": 282800000,
      "ocf": 836500000,
      "capex": -553700000,
      "gross_margin": null,
      "op_margin": 0.2910800934523453,
      "fcf_margin": 0.16941232852093693,
      "incr_op_margin_yoy": 0.38573811509591327,
      "rev_growth_yoy": -0.12560892567178253,
      "rev_growth_yoy_accel": -0.06179973106410884,
      "op_leverage_ratio": 1.428098509235174,
      "fcf_margin_change": 0.33497133014551234
    },
    {
      "date": "2023-12-31T00:00:00",
      "quarter_label": "2023-12 (Q4)",
      "revenue": 1187900000,
      "gross_profit": null,
      "operating_income": 180600000,
      "net_income": 58000000,
      "opex": 1007300000,
      "cogs": null,
      "rd": null,
      "sga": null,
      "fcf": -247600000,
      "ocf": 428500000,
      "capex": -676100000,
      "gross_margin": null,
      "op_margin": 0.15203299941072482,
      "fcf_margin": -0.2084350534556781,
      "incr_op_margin_yoy": -0.8767720828789531,
      "rev_growth_yoy": -0.07166301969365427,
      "rev_growth_yoy_accel": 0.05394590597812826,
      "fcf_margin_change": -0.37784738197661505
    },
    {
      "date": "2024-03-31T00:00:00",
      "quarter_label": "2024-03 (Q1)",
      "revenue": 1331000000,
      "gross_profit": null,
      "operating_income": 260200000,
      "net_income": 122700000,
      "opex": 1070800000,
      "cogs": null,
      "rd": null,
      "sga": null,
      "fcf": -301300000,
      "ocf": 317300000,
      "capex": -618600000,
      "gross_margin": null,
      "op_margin": 0.19549211119459053,
      "fcf_margin": -0.2263711495116454,
      "incr_op_margin_yoy": -0.5584795321637427,
      "rev_growth_yoy": 0.026372609500308453,
      "rev_growth_yoy_accel": 0.09803562919396272,
      "op_leverage_ratio": 1.9109303588082722,
      "fcf_margin_change": -0.0179360960559673
    },
    {
      "date": "2024-06-30T00:00:00",
      "quarter_label": "2024-06 (Q2)",
      "revenue": 1447500000,
      "gross_profit": null,
      "operating_income": 358100000,
      "net_income": 207000000,
      "opex": 1089400000,
      "cogs": null,
      "rd": null,
      "sga": null,
      "fcf": -360000000,
      "ocf": 317500000,
      "capex": -677500000,
      "gross_margin": null,
      "op_margin": 0.24739205526770294,
      "fcf_margin": -0.24870466321243523,
      "incr_op_margin_yoy": 0.2304394426580922,
      "rev_growth_yoy": 0.06889676561807709,
      "rev_growth_yoy_accel": 0.042524156117768636,
      "op_leverage_ratio": 5.03898758310915,
      "fcf_margin_change": -0.022333513700789842
    },
    {
      "date": "2024-09-30T00:00:00",
      "quarter_label": "2024-09 (Q3)",
      "revenue": 1811400000,
      "gross_profit": null,
      "operating_income": 627500000,
      "net_income": 465600000,
      "opex": 1183900000,
      "cogs": null,
      "rd": null,
      "sga": null,
      "fcf": 427000000,
      "ocf": 953300000,
      "capex": -526300000,
      "gross_margin": null,
      "op_margin": 0.3464171359169703,
      "fcf_margin": 0.23572927017776305,
      "incr_op_margin_yoy": 0.9964813511611541,
      "rev_growth_yoy": 0.08512550170730246,
      "rev_growth_yoy_accel": 0.01622873608922537,
      "op_leverage_ratio": 2.8981378951119887,
      "fcf_margin_change": 0.48443393339019825
    },
    {
      "date": "2024-12-31T00:00:00",
      "quarter_label": "2024-12 (Q4)",
      "revenue": 1257400000,
      "gross_profit": null,
      "operating_income": 222200000,
      "net_income": 78200000,
      "opex": 1035200000,
      "cogs": null,
      "rd": null,
      "sga": null,
      "fcf": -118600000,
      "ocf": 395600000,
      "capex": -514200000,
      "gross_margin": null,
      "op_margin": 0.17671385398441228,
      "fcf_margin": -0.09432161603308414,
      "incr_op_margin_yoy": 0.5985611510791367,
      "rev_growth_yoy": 0.05850660830036198,
      "rev_growth_yoy_accel": -0.02661889340694048,
      "fcf_margin_change": -0.3300508862108472
    },
    {
      "date": "2025-03-31T00:00:00",
      "quarter_label": "2025-03 (Q1)",
      "revenue": 1374500000,
      "gross_profit": null,
      "operating_income": 291600000,
      "net_income": 125000000,
      "opex": 1082900000,
      "cogs": null,
      "rd": null,
      "sga": null,
      "fcf": -143200000,
      "ocf": 449600000,
      "capex": -592800000,
      "gross_margin": null,
      "op_margin": 0.2121498726809749,
      "fcf_margin": -0.10418333939614405,
      "incr_op_margin_yoy": 0.7218390804597701,
      "rev_growth_yoy": 0.03268219383921863,
      "rev_growth_yoy_accel": -0.02582441446114335,
      "op_leverage_ratio": 2.021107079631558,
      "fcf_margin_change": -0.009861723363059904
    },
    {
      "date": "2025-06-30T00:00:00",
      "quarter_label": "2025-06 (Q2)",
      "revenue": 1437000000,
      "gross_profit": null,
      "operating_income": 343800000,
      "net_income": 171300000,
      "opex": 1093200000,
      "cogs": null,
      "rd": null,
      "sga": null,
      "fcf": -303400000,
      "ocf": 323900000,
      "capex": -627300000,
      "gross_margin": null,
      "op_margin": 0.23924843423799583,
      "fcf_margin": -0.21113430758524704,
      "incr_op_margin_yoy": 1.361904761904762,
      "rev_growth_yoy": -0.007253886010362694,
      "rev_growth_yoy_accel": -0.03993607984958132,
      "op_leverage_ratio": 4.780643976450395,
      "fcf_margin_change": -0.10695096818910299
    },
    {
      "date": "2025-09-30T00:00:00",
      "quarter_label": "2025-09 (Q3)",
      "revenue": 1809900000,
      "gross_profit": null,
      "operating_income": 658500000,
      "net_income": 475000000,
      "opex": 1151400000,
      "cogs": null,
      "rd": null,
      "sga": null,
      "fcf": 225400000,
      "ocf": 937700000,
      "capex": -712300000,
      "gross_margin": null,
      "op_margin": 0.36383225592574175,
      "fcf_margin": 0.12453726725233438,
      "incr_op_margin_yoy": -20.666666666666668,
      "rev_growth_yoy": -0.0008280887711162637,
      "rev_growth_yoy_accel": 0.00642579723924643,
      "op_leverage_ratio": 4.874299980629749,
      "fcf_margin_change": 0.3356715748375814
    },
    {
      "date": "2025-12-31T00:00:00",
      "quarter_label": "2025-12 (Q4)",
      "revenue": 1340200000,
      "gross_profit": null,
      "operating_income": 239000000,
      "net_income": 84300000,
      "opex": 1101200000,
      "cogs": null,
      "rd": null,
      "sga": null,
      "fcf": -530500000,
      "ocf": 334000000,
      "capex": -864500000,
      "gross_margin": null,
      "op_margin": 0.17833159229965675,
      "fcf_margin": -0.39583644232204146,
      "incr_op_margin_yoy": 0.2028985507246377,
      "rev_growth_yoy": 0.06585016701129315,
      "rev_growth_yoy_accel": 0.0666782557824094,
      "fcf_margin_change": -0.5203737095743759
    }
  ],
  "signals": [
    {
      "quarter": "2025-12 (Q4)",
      "signal": "YoY REVENUE GROWTH ACCELERATION",
      "detail": "YoY growth: +6.6% vs prior quarter YoY: -0.1% (accel: +6.7%)",
      "severity": "MEDIUM"
    },
    {
      "quarter": "2025-09 (Q3)",
      "signal": "FCF TURNED POSITIVE",
      "detail": "FCF margin: -21.1% -> +12.5%",
      "severity": "HIGH"
    },
    {
      "quarter": "2025-09 (Q3)",
      "signal": "OPERATING LEVERAGE",
      "detail": "Rev growth +25.9% vs OpEx growth +5.3% (leverage: 4.9x)",
      "severity": "MEDIUM"
    },
    {
      "quarter": "2025-06 (Q2)",
      "signal": "OPERATING LEVERAGE",
      "detail": "Rev growth +4.5% vs OpEx growth +1.0% (leverage: 4.8x)",
      "severity": "MEDIUM"
    },
    {
      "quarter": "2025-06 (Q2)",
      "signal": "INCREMENTAL MARGIN (YoY)",
      "detail": "YoY Incr OPM: +136.2% vs year-ago OPM: +24.7%",
      "severity": "HIGH"
    },
    {
      "quarter": "2025-03 (Q1)",
      "signal": "OPERATING LEVERAGE",
      "detail": "Rev growth +9.3% vs OpEx growth +4.6% (leverage: 2.0x)",
      "severity": "MEDIUM"
    },
    {
      "quarter": "2025-03 (Q1)",
      "signal": "INCREMENTAL MARGIN (YoY)",
      "detail": "YoY Incr OPM: +72.2% vs year-ago OPM: +19.5%",
      "severity": "HIGH"
    },
    {
      "quarter": "2024-12 (Q4)",
      "signal": "INCREMENTAL MARGIN (YoY)",
      "detail": "YoY Incr OPM: +59.9% vs year-ago OPM: +15.2%",
      "severity": "HIGH"
    },
    {
      "quarter": "2024-09 (Q3)",
      "signal": "FCF TURNED POSITIVE",
      "detail": "FCF margin: -24.9% -> +23.6%",
      "severity": "HIGH"
    },
    {
      "quarter": "2024-09 (Q3)",
      "signal": "OPERATING LEVERAGE",
      "detail": "Rev growth +25.1% vs OpEx growth +8.7% (leverage: 2.9x)",
      "severity": "MEDIUM"
    },
    {
      "quarter": "2024-09 (Q3)",
      "signal": "INCREMENTAL MARGIN (YoY)",
      "detail": "YoY Incr OPM: +99.6% vs year-ago OPM: +29.1%",
      "severity": "HIGH"
    },
    {
      "quarter": "2024-06 (Q2)",
      "signal": "OPERATING LEVERAGE",
      "detail": "Rev growth +8.8% vs OpEx growth +1.7% (leverage: 5.0x)",
      "severity": "MEDIUM"
    },
    {
      "quarter": "2024-03 (Q1)",
      "signal": "OPERATING LEVERAGE",
      "detail": "Rev growth +12.0% vs OpEx growth +6.3% (leverage: 1.9x)",
      "severity": "MEDIUM"
    },
    {
      "quarter": "2024-03 (Q1)",
      "signal": "YoY REVENUE GROWTH ACCELERATION",
      "detail": "YoY growth: +2.6% vs prior quarter YoY: -7.2% (accel: +9.8%)",
      "severity": "MEDIUM"
    },
    {
      "quarter": "2023-12 (Q4)",
      "signal": "YoY REVENUE GROWTH ACCELERATION",
      "detail": "YoY growth: -7.2% vs prior quarter YoY: -12.6% (accel: +5.4%)",
      "severity": "MEDIUM"
    },
    {
      "quarter": "2023-09 (Q3)",
      "signal": "FCF TURNED POSITIVE",
      "detail": "FCF margin: -16.6% -> +16.9%",
      "severity": "HIGH"
    },
    {
      "quarter": "2023-09 (Q3)",
      "signal": "YoY REVENUE GROWTH DECELERATION",
      "detail": "YoY growth: -12.6% vs prior quarter YoY: -6.4% (decel: -6.2%)",
      "severity": "WARNING"
    },
    {
      "quarter": "2023-06 (Q2)",
      "signal": "OPERATING LEVERAGE",
      "detail": "Rev growth +4.4% vs OpEx growth +0.0% (leverage: 450.4x)",
      "severity": "MEDIUM"
    },
    {
      "quarter": "2023-06 (Q2)",
      "signal": "YoY REVENUE GROWTH DECELERATION",
      "detail": "YoY growth: -6.4% vs prior quarter YoY: +6.0% (decel: -12.3%)",
      "severity": "WARNING"
    },
    {
      "quarter": "2023-03 (Q1)",
      "signal": "FCF MARGIN EXPANSION",
      "detail": "FCF margin: -17.8% -> -12.7% (+5.1%)",
      "severity": "MEDIUM"
    },
    {
      "quarter": "2023-03 (Q1)",
      "signal": "YoY REVENUE GROWTH DECELERATION",
      "detail": "YoY growth: +6.0% vs prior quarter YoY: +14.0% (decel: -8.1%)",
      "severity": "WARNING"
    },
    {
      "quarter": "2023-03 (Q1)",
      "signal": "INCREMENTAL MARGIN (YoY)",
      "detail": "YoY Incr OPM: +35.9% vs year-ago OPM: +20.7%",
      "severity": "MEDIUM"
    },
    {
      "quarter": "2022-09 (Q3)",
      "signal": "FCF TURNED POSITIVE",
      "detail": "FCF margin: -18.5% -> +20.5%",
      "severity": "HIGH"
    },
    {
      "quarter": "2022-09 (Q3)",
      "signal": "OPERATING LEVERAGE",
      "detail": "Rev growth +32.0% vs OpEx growth +19.8% (leverage: 1.6x)",
      "severity": "MEDIUM"
    },
    {
      "quarter": "2022-06 (Q2)",
      "signal": "YoY REVENUE GROWTH ACCELERATION",
      "detail": "YoY growth: +17.0% vs prior quarter YoY: -24.1% (accel: +41.1%)",
      "severity": "HIGH"
    },
    {
      "quarter": "2021-09 (Q3)",
      "signal": "FCF TURNED POSITIVE",
      "detail": "FCF margin: -13.8% -> +19.0%",
      "severity": "HIGH"
    },
    {
      "quarter": "2021-09 (Q3)",
      "signal": "OPERATING LEVERAGE",
      "detail": "Rev growth +30.8% vs OpEx growth +8.0% (leverage: 3.9x)",
      "severity": "MEDIUM"
    },
    {
      "quarter": "2021-06 (Q2)",
      "signal": "FCF MARGIN EXPANSION",
      "detail": "FCF margin: -30.8% -> -13.8% (+17.0%)",
      "severity": "MEDIUM"
    }
  ],
  "data_quality": {
    "n_quarters": 20,
    "coverage": {
      "revenue": [
        20,
        20
      ],
      "gross_profit": [
        0,
        20
      ],
      "op_income": [
        20,
        20
      ],
      "fcf": [
        20,
        20
      ]
    },
    "gaps": [],
    "warnings": [
      "gross_profit: no data"
    ]
  },
  "market_cap": null,
  "source": "SEC EDGAR",
  "last_updated": "2026-02-24T10:24:53.285949"
}