{
  "ticker": "EVTC",
  "name": "EVERTEC, Inc.",
  "quarters": [
    {
      "date": "2020-12-31T00:00:00",
      "quarter_label": "2020-12 (Q4)",
      "revenue": 134202000,
      "gross_profit": null,
      "operating_income": 39195000,
      "net_income": 32278000,
      "opex": 95007000,
      "cogs": null,
      "rd": null,
      "sga": 19280000,
      "fcf": 74250000,
      "ocf": 77930000,
      "capex": -3680000,
      "gross_margin": null,
      "op_margin": 0.2920597308534895,
      "fcf_margin": 0.5532704430634416
    },
    {
      "date": "2021-03-31T00:00:00",
      "quarter_label": "2021-03 (Q1)",
      "revenue": 139528000,
      "gross_profit": null,
      "operating_income": 44999000,
      "net_income": 35503000,
      "opex": 94529000,
      "cogs": null,
      "rd": null,
      "sga": 16102000,
      "fcf": 30022000,
      "ocf": 34746000,
      "capex": -4724000,
      "gross_margin": null,
      "op_margin": 0.3225087437646924,
      "fcf_margin": 0.21516828163522733,
      "op_leverage_ratio": Infinity,
      "fcf_margin_change": -0.3381021614282143
    },
    {
      "date": "2021-06-30T00:00:00",
      "quarter_label": "2021-06 (Q2)",
      "revenue": 149148000,
      "gross_profit": null,
      "operating_income": 54292000,
      "net_income": 49197000,
      "opex": 94856000,
      "cogs": null,
      "rd": null,
      "sga": 16752000,
      "fcf": 73204000,
      "ocf": 77283000,
      "capex": -4079000,
      "gross_margin": null,
      "op_margin": 0.3640142677072438,
      "fcf_margin": 0.4908144929868319,
      "op_leverage_ratio": 19.931088333283363,
      "fcf_margin_change": 0.27564621135160455
    },
    {
      "date": "2021-09-30T00:00:00",
      "quarter_label": "2021-09 (Q3)",
      "revenue": 145883000,
      "gross_profit": null,
      "operating_income": 47017000,
      "net_income": 35314000,
      "opex": 98866000,
      "cogs": null,
      "rd": null,
      "sga": 17126000,
      "fcf": 60241000,
      "ocf": 63826000,
      "capex": -3585000,
      "gross_margin": null,
      "op_margin": 0.3222925220896198,
      "fcf_margin": 0.41294050711871844,
      "fcf_margin_change": -0.07787398586811345
    },
    {
      "date": "2021-12-31T00:00:00",
      "quarter_label": "2021-12 (Q4)",
      "revenue": 155237000,
      "gross_profit": null,
      "operating_income": 50206000,
      "net_income": 41116000,
      "opex": 105031000,
      "cogs": null,
      "rd": null,
      "sga": 18068000,
      "fcf": 39850000,
      "ocf": 52565000,
      "capex": -12715000,
      "gross_margin": null,
      "op_margin": 0.32341516519901825,
      "fcf_margin": 0.25670426509144084,
      "incr_op_margin_yoy": 0.5234608985024959,
      "rev_growth_yoy": 0.15674133023352857,
      "op_leverage_ratio": 1.0282685723233895,
      "fcf_margin_change": -0.1562362420272776
    },
    {
      "date": "2022-03-31T00:00:00",
      "quarter_label": "2022-03 (Q1)",
      "revenue": 150248000,
      "gross_profit": null,
      "operating_income": 46045000,
      "net_income": 38898000,
      "opex": 104203000,
      "cogs": null,
      "rd": null,
      "sga": 20384000,
      "fcf": 62060000,
      "ocf": 67681000,
      "capex": -5621000,
      "gross_margin": null,
      "op_margin": 0.3064599861562217,
      "fcf_margin": 0.41305042330014374,
      "incr_op_margin_yoy": 0.09757462686567164,
      "rev_growth_yoy": 0.07683045696921048,
      "rev_growth_yoy_accel": -0.07991087326431809,
      "fcf_margin_change": 0.1563461582087029
    },
    {
      "date": "2022-06-30T00:00:00",
      "quarter_label": "2022-06 (Q2)",
      "revenue": 160571000,
      "gross_profit": null,
      "operating_income": 46647000,
      "net_income": 33589000,
      "opex": 113924000,
      "cogs": null,
      "rd": null,
      "sga": 20051000,
      "fcf": 57791000,
      "ocf": 62221000,
      "capex": -4430000,
      "gross_margin": null,
      "op_margin": 0.29050700313257066,
      "fcf_margin": 0.3599093236013975,
      "incr_op_margin_yoy": -0.6692637660859669,
      "rev_growth_yoy": 0.07658835519081718,
      "rev_growth_yoy_accel": -0.0002421017783933027,
      "op_leverage_ratio": 0.736489410853752,
      "fcf_margin_change": -0.05314109969874625
    },
    {
      "date": "2022-09-30T00:00:00",
      "quarter_label": "2022-09 (Q3)",
      "revenue": 145803000,
      "gross_profit": null,
      "operating_income": 23818000,
      "net_income": 137814000,
      "opex": 121985000,
      "cogs": null,
      "rd": null,
      "sga": 26001000,
      "fcf": 22845000,
      "ocf": 29107000,
      "capex": -6262000,
      "gross_margin": null,
      "op_margin": 0.1633574069120663,
      "fcf_margin": 0.1566840188473488,
      "rev_growth_yoy": -0.0005483846644228595,
      "rev_growth_yoy_accel": -0.07713673985524004,
      "fcf_margin_change": -0.20322530475404868
    },
    {
      "date": "2022-12-31T00:00:00",
      "quarter_label": "2022-12 (Q4)",
      "revenue": 161787000,
      "gross_profit": null,
      "operating_income": 40890000,
      "net_income": 28708000,
      "opex": 120897000,
      "cogs": null,
      "rd": null,
      "sga": 23334000,
      "fcf": 50132000,
      "ocf": 60892000,
      "capex": -10760000,
      "gross_margin": null,
      "op_margin": 0.2527397133267815,
      "fcf_margin": 0.3098642041696799,
      "incr_op_margin_yoy": -1.422290076335878,
      "rev_growth_yoy": 0.042193549218292034,
      "rev_growth_yoy_accel": 0.0427419338827149,
      "op_leverage_ratio": Infinity,
      "fcf_margin_change": 0.1531801853223311
    },
    {
      "date": "2023-03-31T00:00:00",
      "quarter_label": "2023-03 (Q1)",
      "revenue": 159814000,
      "gross_profit": null,
      "operating_income": 40090000,
      "net_income": 30052000,
      "opex": 119724000,
      "cogs": null,
      "rd": null,
      "sga": 23875000,
      "fcf": 50448000,
      "ocf": 54511000,
      "capex": -4063000,
      "gross_margin": null,
      "op_margin": 0.2508541179120728,
      "fcf_margin": 0.3156669628443065,
      "incr_op_margin_yoy": -0.6225172485887518,
      "rev_growth_yoy": 0.06366806879292902,
      "rev_growth_yoy_accel": 0.021474519574636988,
      "fcf_margin_change": 0.005802758674626596
    },
    {
      "date": "2023-06-30T00:00:00",
      "quarter_label": "2023-06 (Q2)",
      "revenue": 167076000,
      "gross_profit": null,
      "operating_income": 34773000,
      "net_income": 28155000,
      "opex": 132303000,
      "cogs": null,
      "rd": null,
      "sga": 29522000,
      "fcf": 58898000,
      "ocf": 66140000,
      "capex": -7242000,
      "gross_margin": null,
      "op_margin": 0.20812684047978167,
      "fcf_margin": 0.3525222054633819,
      "incr_op_margin_yoy": -1.8253651037663337,
      "rev_growth_yoy": 0.040511673963542605,
      "rev_growth_yoy_accel": -0.023156394829386417,
      "op_leverage_ratio": 0.4324904520011549,
      "fcf_margin_change": 0.03685524261907541
    },
    {
      "date": "2023-09-30T00:00:00",
      "quarter_label": "2023-09 (Q3)",
      "revenue": 173198000,
      "gross_profit": null,
      "operating_income": 39562000,
      "net_income": 10036000,
      "opex": 133636000,
      "cogs": null,
      "rd": null,
      "sga": 30437000,
      "fcf": 32543000,
      "ocf": 37644000,
      "capex": -5101000,
      "gross_margin": null,
      "op_margin": 0.22842065150867794,
      "fcf_margin": 0.18789477938544324,
      "incr_op_margin_yoy": 0.5747034130315751,
      "rev_growth_yoy": 0.18789050979746644,
      "rev_growth_yoy_accel": 0.14737883583392383,
      "op_leverage_ratio": 3.636794810639742,
      "fcf_margin_change": -0.16462742607793868
    },
    {
      "date": "2023-12-31T00:00:00",
      "quarter_label": "2023-12 (Q4)",
      "revenue": 194621000,
      "gross_profit": null,
      "operating_income": 21735000,
      "net_income": 11479000,
      "opex": 172886000,
      "cogs": null,
      "rd": null,
      "sga": 44338000,
      "fcf": 47853000,
      "ocf": 52899000,
      "capex": -5046000,
      "gross_margin": null,
      "op_margin": 0.11167859583498184,
      "fcf_margin": 0.24587788573689376,
      "incr_op_margin_yoy": -0.5833891697630504,
      "rev_growth_yoy": 0.20294584855396292,
      "rev_growth_yoy_accel": 0.015055338756496478,
      "op_leverage_ratio": 0.42113488873196414,
      "fcf_margin_change": 0.057983106351450514
    },
    {
      "date": "2024-03-31T00:00:00",
      "quarter_label": "2024-03 (Q1)",
      "revenue": 205318000,
      "gross_profit": null,
      "operating_income": 32803000,
      "net_income": 15979000,
      "opex": 172515000,
      "cogs": null,
      "rd": null,
      "sga": 35626000,
      "fcf": 35313000,
      "ocf": 40702000,
      "capex": -5389000,
      "gross_margin": null,
      "op_margin": 0.15976680076758978,
      "fcf_margin": 0.1719917396428954,
      "incr_op_margin_yoy": -0.16013976793248946,
      "rev_growth_yoy": 0.2847309997872527,
      "rev_growth_yoy_accel": 0.08178515123328978,
      "op_leverage_ratio": Infinity,
      "fcf_margin_change": -0.07388614609399835
    },
    {
      "date": "2024-06-30T00:00:00",
      "quarter_label": "2024-06 (Q2)",
      "revenue": 211978000,
      "gross_profit": null,
      "operating_income": 43360000,
      "net_income": 31901000,
      "opex": 168618000,
      "cogs": null,
      "rd": null,
      "sga": 38187000,
      "fcf": 78801000,
      "ocf": 90638000,
      "capex": -11837000,
      "gross_margin": null,
      "op_margin": 0.20454952872467896,
      "fcf_margin": 0.3717414071271547,
      "incr_op_margin_yoy": 0.19123869760812437,
      "rev_growth_yoy": 0.2687519452225335,
      "rev_growth_yoy_accel": -0.01597905456471921,
      "op_leverage_ratio": Infinity,
      "fcf_margin_change": 0.1997496674842593
    },
    {
      "date": "2024-09-30T00:00:00",
      "quarter_label": "2024-09 (Q3)",
      "revenue": 211795000,
      "gross_profit": null,
      "operating_income": 41541000,
      "net_income": 24678000,
      "opex": 170254000,
      "cogs": null,
      "rd": null,
      "sga": 34097000,
      "fcf": 49733000,
      "ocf": 53557000,
      "capex": -3824000,
      "gross_margin": null,
      "op_margin": 0.19613777473500318,
      "fcf_margin": 0.23481668594631602,
      "incr_op_margin_yoy": 0.051273415032256395,
      "rev_growth_yoy": 0.22284899363733993,
      "rev_growth_yoy_accel": -0.04590295158519356,
      "fcf_margin_change": -0.13692472118083868
    },
    {
      "date": "2024-12-31T00:00:00",
      "quarter_label": "2024-12 (Q4)",
      "revenue": 216395000,
      "gross_profit": null,
      "operating_income": 47962000,
      "net_income": 40062000,
      "opex": 168433000,
      "cogs": null,
      "rd": null,
      "sga": 37648000,
      "fcf": 70828000,
      "ocf": 75162000,
      "capex": -4334000,
      "gross_margin": null,
      "op_margin": 0.22164098061415466,
      "fcf_margin": 0.3273088564892904,
      "incr_op_margin_yoy": 1.2045099660145127,
      "rev_growth_yoy": 0.11187898530991003,
      "rev_growth_yoy_accel": -0.1109700083274299,
      "op_leverage_ratio": Infinity,
      "fcf_margin_change": 0.0924921705429744
    },
    {
      "date": "2025-03-31T00:00:00",
      "quarter_label": "2025-03 (Q1)",
      "revenue": 228792000,
      "gross_profit": null,
      "operating_income": 49500000,
      "net_income": 32703000,
      "opex": 179292000,
      "cogs": null,
      "rd": null,
      "sga": 36210000,
      "fcf": 31236000,
      "ocf": 37643000,
      "capex": -6407000,
      "gross_margin": null,
      "op_margin": 0.21635371866149167,
      "fcf_margin": 0.13652575264869402,
      "incr_op_margin_yoy": 0.7112976058618046,
      "rev_growth_yoy": 0.11432996619877459,
      "rev_growth_yoy_accel": 0.002450980888864557,
      "op_leverage_ratio": 0.8886008622641426,
      "fcf_margin_change": -0.1907831038405964
    },
    {
      "date": "2025-06-30T00:00:00",
      "quarter_label": "2025-06 (Q2)",
      "revenue": 229607000,
      "gross_profit": null,
      "operating_income": 56134000,
      "net_income": 40465000,
      "opex": 173473000,
      "cogs": null,
      "rd": null,
      "sga": 35104000,
      "fcf": 43488000,
      "ocf": 48485000,
      "capex": -4997000,
      "gross_margin": null,
      "op_margin": 0.24447860910163888,
      "fcf_margin": 0.18940189105732838,
      "incr_op_margin_yoy": 0.7246015088774179,
      "rev_growth_yoy": 0.08316429063393371,
      "rev_growth_yoy_accel": -0.031165675564840872,
      "fcf_margin_change": 0.052876138408634366
    },
    {
      "date": "2025-09-30T00:00:00",
      "quarter_label": "2025-09 (Q3)",
      "revenue": 228587000,
      "gross_profit": null,
      "operating_income": 37732000,
      "net_income": 32861000,
      "opex": 190855000,
      "cogs": null,
      "rd": null,
      "sga": 37678000,
      "fcf": 65257000,
      "ocf": 70873000,
      "capex": -5616000,
      "gross_margin": null,
      "op_margin": 0.16506625486138757,
      "fcf_margin": 0.28547992667999494,
      "incr_op_margin_yoy": -0.22683420676512625,
      "rev_growth_yoy": 0.07928421350834533,
      "rev_growth_yoy_accel": -0.0038800771255883826,
      "fcf_margin_change": 0.09607803562266656
    }
  ],
  "signals": [
    {
      "quarter": "2025-09 (Q3)",
      "signal": "FCF MARGIN EXPANSION",
      "detail": "FCF margin: +18.9% -> +28.5% (+9.6%)",
      "severity": "MEDIUM"
    },
    {
      "quarter": "2025-06 (Q2)",
      "signal": "FCF MARGIN EXPANSION",
      "detail": "FCF margin: +13.7% -> +18.9% (+5.3%)",
      "severity": "MEDIUM"
    },
    {
      "quarter": "2025-06 (Q2)",
      "signal": "INCREMENTAL MARGIN (YoY)",
      "detail": "YoY Incr OPM: +72.5% vs year-ago OPM: +20.5%",
      "severity": "HIGH"
    },
    {
      "quarter": "2025-03 (Q1)",
      "signal": "INCREMENTAL MARGIN (YoY)",
      "detail": "YoY Incr OPM: +71.1% vs year-ago OPM: +16.0%",
      "severity": "HIGH"
    },
    {
      "quarter": "2024-12 (Q4)",
      "signal": "FCF MARGIN EXPANSION",
      "detail": "FCF margin: +23.5% -> +32.7% (+9.2%)",
      "severity": "MEDIUM"
    },
    {
      "quarter": "2024-12 (Q4)",
      "signal": "YoY REVENUE GROWTH DECELERATION",
      "detail": "YoY growth: +11.2% vs prior quarter YoY: +22.3% (decel: -11.1%)",
      "severity": "WARNING"
    },
    {
      "quarter": "2024-12 (Q4)",
      "signal": "INCREMENTAL MARGIN (YoY)",
      "detail": "YoY Incr OPM: +120.5% vs year-ago OPM: +11.2%",
      "severity": "HIGH"
    },
    {
      "quarter": "2024-06 (Q2)",
      "signal": "FCF MARGIN EXPANSION",
      "detail": "FCF margin: +17.2% -> +37.2% (+20.0%)",
      "severity": "MEDIUM"
    },
    {
      "quarter": "2024-03 (Q1)",
      "signal": "YoY REVENUE GROWTH ACCELERATION",
      "detail": "YoY growth: +28.5% vs prior quarter YoY: +20.3% (accel: +8.2%)",
      "severity": "MEDIUM"
    },
    {
      "quarter": "2023-12 (Q4)",
      "signal": "FCF MARGIN EXPANSION",
      "detail": "FCF margin: +18.8% -> +24.6% (+5.8%)",
      "severity": "MEDIUM"
    },
    {
      "quarter": "2023-09 (Q3)",
      "signal": "OPERATING LEVERAGE",
      "detail": "Rev growth +3.7% vs OpEx growth +1.0% (leverage: 3.6x)",
      "severity": "MEDIUM"
    },
    {
      "quarter": "2023-09 (Q3)",
      "signal": "YoY REVENUE GROWTH ACCELERATION",
      "detail": "YoY growth: +18.8% vs prior quarter YoY: +4.1% (accel: +14.7%)",
      "severity": "MEDIUM"
    },
    {
      "quarter": "2023-09 (Q3)",
      "signal": "INCREMENTAL MARGIN (YoY)",
      "detail": "YoY Incr OPM: +57.5% vs year-ago OPM: +16.3%",
      "severity": "HIGH"
    },
    {
      "quarter": "2022-12 (Q4)",
      "signal": "FCF MARGIN EXPANSION",
      "detail": "FCF margin: +15.7% -> +31.0% (+15.3%)",
      "severity": "MEDIUM"
    },
    {
      "quarter": "2022-09 (Q3)",
      "signal": "YoY REVENUE GROWTH DECELERATION",
      "detail": "YoY growth: -0.1% vs prior quarter YoY: +7.7% (decel: -7.7%)",
      "severity": "WARNING"
    },
    {
      "quarter": "2022-03 (Q1)",
      "signal": "FCF MARGIN EXPANSION",
      "detail": "FCF margin: +25.7% -> +41.3% (+15.6%)",
      "severity": "MEDIUM"
    },
    {
      "quarter": "2022-03 (Q1)",
      "signal": "YoY REVENUE GROWTH DECELERATION",
      "detail": "YoY growth: +7.7% vs prior quarter YoY: +15.7% (decel: -8.0%)",
      "severity": "WARNING"
    },
    {
      "quarter": "2021-12 (Q4)",
      "signal": "INCREMENTAL MARGIN (YoY)",
      "detail": "YoY Incr OPM: +52.3% vs year-ago OPM: +29.2%",
      "severity": "HIGH"
    },
    {
      "quarter": "2021-06 (Q2)",
      "signal": "FCF MARGIN EXPANSION",
      "detail": "FCF margin: +21.5% -> +49.1% (+27.6%)",
      "severity": "MEDIUM"
    },
    {
      "quarter": "2021-06 (Q2)",
      "signal": "OPERATING LEVERAGE",
      "detail": "Rev growth +6.9% vs OpEx growth +0.3% (leverage: 19.9x)",
      "severity": "MEDIUM"
    }
  ],
  "data_quality": {
    "n_quarters": 20,
    "coverage": {
      "revenue": [
        20,
        20
      ],
      "gross_profit": [
        0,
        20
      ],
      "op_income": [
        20,
        20
      ],
      "fcf": [
        20,
        20
      ]
    },
    "gaps": [],
    "warnings": [
      "gross_profit: no data"
    ]
  },
  "market_cap": null,
  "source": "SEC EDGAR",
  "last_updated": "2026-02-02T21:39:57.513217",
  "sector": "Technology",
  "industry": "Software - Infrastructure"
}