{
  "ticker": "EXC",
  "name": "EXELON CORPORATION",
  "quarters": [
    {
      "date": "2020-12-31T00:00:00",
      "quarter_label": "2020-12 (Q4)",
      "revenue": 8114000000,
      "gross_profit": null,
      "operating_income": 269000000,
      "net_income": null,
      "opex": 7853000000,
      "cogs": null,
      "rd": null,
      "sga": null,
      "fcf": -2429000000,
      "ocf": 13000000,
      "capex": -2442000000,
      "gross_margin": null,
      "op_margin": 0.033152575794922354,
      "fcf_margin": -0.2993591323638156
    },
    {
      "date": "2021-03-31T00:00:00",
      "quarter_label": "2021-03 (Q1)",
      "revenue": 9890000000,
      "gross_profit": null,
      "operating_income": -121000000,
      "net_income": null,
      "opex": 10082000000,
      "cogs": null,
      "rd": null,
      "sga": null,
      "fcf": -3401000000,
      "ocf": -1261000000,
      "capex": -2140000000,
      "gross_margin": null,
      "op_margin": -0.012234580384226491,
      "fcf_margin": -0.34388270980788677,
      "op_leverage_ratio": 0.7711404544460814,
      "fcf_margin_change": -0.04452357744407115
    },
    {
      "date": "2021-06-30T00:00:00",
      "quarter_label": "2021-06 (Q2)",
      "revenue": 7915000000,
      "gross_profit": null,
      "operating_income": 366000000,
      "net_income": null,
      "opex": 7561000000,
      "cogs": null,
      "rd": null,
      "sga": null,
      "fcf": 499000000,
      "ocf": 2399000000,
      "capex": -1900000000,
      "gross_margin": null,
      "op_margin": 0.04624131396083386,
      "fcf_margin": 0.06304485154769425,
      "fcf_margin_change": 0.406927561355581
    },
    {
      "date": "2021-09-30T00:00:00",
      "quarter_label": "2021-09 (Q3)",
      "revenue": 8910000000,
      "gross_profit": null,
      "operating_income": 1858000000,
      "net_income": null,
      "opex": 7117000000,
      "cogs": null,
      "rd": null,
      "sga": null,
      "fcf": 1073000000,
      "ocf": 3003000000,
      "capex": -1930000000,
      "gross_margin": null,
      "op_margin": 0.20852974186307519,
      "fcf_margin": 0.12042648709315376,
      "op_leverage_ratio": Infinity,
      "fcf_margin_change": 0.05738163554545951
    },
    {
      "date": "2021-12-31T00:00:00",
      "quarter_label": "2021-12 (Q4)",
      "revenue": 9632000000,
      "gross_profit": null,
      "operating_income": 619000000,
      "net_income": null,
      "opex": 9067000000,
      "cogs": null,
      "rd": null,
      "sga": null,
      "fcf": -3140000000,
      "ocf": -1129000000,
      "capex": -2011000000,
      "gross_margin": null,
      "op_margin": 0.06426495016611296,
      "fcf_margin": -0.32599667774086377,
      "incr_op_margin_yoy": 0.230566534914361,
      "rev_growth_yoy": 0.1870840522553611,
      "op_leverage_ratio": 0.29574802152579927,
      "fcf_margin_change": -0.44642316483401756
    },
    {
      "date": "2022-03-31T00:00:00",
      "quarter_label": "2022-03 (Q1)",
      "revenue": 5327000000,
      "gross_profit": null,
      "operating_income": 900000000,
      "net_income": null,
      "opex": 4427000000,
      "cogs": null,
      "rd": null,
      "sga": null,
      "fcf": -140000000,
      "ocf": 1782000000,
      "capex": -1922000000,
      "gross_margin": null,
      "op_margin": 0.16895062887178525,
      "fcf_margin": -0.026281208935611037,
      "incr_op_margin_yoy": -0.2237563006793776,
      "rev_growth_yoy": -0.4613751263902932,
      "rev_growth_yoy_accel": -0.6484591786456543,
      "fcf_margin_change": 0.29971546880525274
    },
    {
      "date": "2022-06-30T00:00:00",
      "quarter_label": "2022-06 (Q2)",
      "revenue": 4239000000,
      "gross_profit": null,
      "operating_income": 694000000,
      "net_income": null,
      "opex": 3543000000,
      "cogs": null,
      "rd": null,
      "sga": null,
      "fcf": -127000000,
      "ocf": 1458000000,
      "capex": -1585000000,
      "gross_margin": null,
      "op_margin": 0.16371785798537392,
      "fcf_margin": -0.029959896201934417,
      "incr_op_margin_yoy": -0.08922742110990206,
      "rev_growth_yoy": -0.4644346178142767,
      "rev_growth_yoy_accel": -0.0030594914239834847,
      "fcf_margin_change": -0.00367868726632338
    },
    {
      "date": "2022-09-30T00:00:00",
      "quarter_label": "2022-09 (Q3)",
      "revenue": 4845000000,
      "gross_profit": null,
      "operating_income": 1011000000,
      "net_income": null,
      "opex": 3834000000,
      "cogs": null,
      "rd": null,
      "sga": null,
      "fcf": -771000000,
      "ocf": 901000000,
      "capex": -1672000000,
      "gross_margin": null,
      "op_margin": 0.2086687306501548,
      "fcf_margin": -0.15913312693498452,
      "incr_op_margin_yoy": 0.20836408364083642,
      "rev_growth_yoy": -0.4562289562289562,
      "rev_growth_yoy_accel": 0.00820566158532049,
      "op_leverage_ratio": 1.7405534761894337,
      "fcf_margin_change": -0.1291732307330501
    },
    {
      "date": "2022-12-31T00:00:00",
      "quarter_label": "2022-12 (Q4)",
      "revenue": 4666000000,
      "gross_profit": null,
      "operating_income": 709000000,
      "net_income": null,
      "opex": 3957000000,
      "cogs": null,
      "rd": null,
      "sga": null,
      "fcf": -1239000000,
      "ocf": 729000000,
      "capex": -1968000000,
      "gross_margin": null,
      "op_margin": 0.15195027861123017,
      "fcf_margin": -0.2655379339905701,
      "incr_op_margin_yoy": -0.018123238018525976,
      "rev_growth_yoy": -0.5155730897009967,
      "rev_growth_yoy_accel": -0.05934413347204048,
      "fcf_margin_change": -0.10640480705558555
    },
    {
      "date": "2023-03-31T00:00:00",
      "quarter_label": "2023-03 (Q1)",
      "revenue": 5563000000,
      "gross_profit": null,
      "operating_income": 1106000000,
      "net_income": null,
      "opex": 4457000000,
      "cogs": null,
      "rd": null,
      "sga": null,
      "fcf": -1397000000,
      "ocf": 484000000,
      "capex": -1881000000,
      "gross_margin": null,
      "op_margin": 0.19881358978968183,
      "fcf_margin": -0.2511234945173468,
      "incr_op_margin_yoy": 0.8728813559322034,
      "rev_growth_yoy": 0.04430260934860147,
      "rev_growth_yoy_accel": 0.5598756990495981,
      "op_leverage_ratio": 1.5214012001714532,
      "fcf_margin_change": 0.014414439473223295
    },
    {
      "date": "2023-06-30T00:00:00",
      "quarter_label": "2023-06 (Q2)",
      "revenue": 4818000000,
      "gross_profit": null,
      "operating_income": 704000000,
      "net_income": null,
      "opex": 4114000000,
      "cogs": null,
      "rd": null,
      "sga": null,
      "fcf": -527000000,
      "ocf": 1277000000,
      "capex": -1804000000,
      "gross_margin": null,
      "op_margin": 0.1461187214611872,
      "fcf_margin": -0.10938148609381486,
      "incr_op_margin_yoy": 0.017271157167530225,
      "rev_growth_yoy": 0.13658881811748053,
      "rev_growth_yoy_accel": 0.09228620876887905,
      "fcf_margin_change": 0.1417420084235319
    },
    {
      "date": "2023-09-30T00:00:00",
      "quarter_label": "2023-09 (Q3)",
      "revenue": 5980000000,
      "gross_profit": null,
      "operating_income": 1123000000,
      "net_income": null,
      "opex": 4857000000,
      "cogs": null,
      "rd": null,
      "sga": null,
      "fcf": -324000000,
      "ocf": 1531000000,
      "capex": -1855000000,
      "gross_margin": null,
      "op_margin": 0.18779264214046823,
      "fcf_margin": -0.05418060200668896,
      "incr_op_margin_yoy": 0.0986784140969163,
      "rev_growth_yoy": 0.23426212590299278,
      "rev_growth_yoy_accel": 0.09767330778551225,
      "op_leverage_ratio": 1.3354105594375512,
      "fcf_margin_change": 0.055200884087125895
    },
    {
      "date": "2023-12-31T00:00:00",
      "quarter_label": "2023-12 (Q4)",
      "revenue": 5367000000,
      "gross_profit": null,
      "operating_income": 1092000000,
      "net_income": null,
      "opex": 4285000000,
      "cogs": null,
      "rd": null,
      "sga": null,
      "fcf": -457000000,
      "ocf": 1411000000,
      "capex": -1868000000,
      "gross_margin": null,
      "op_margin": 0.20346562325321407,
      "fcf_margin": -0.08514999068380846,
      "incr_op_margin_yoy": 0.5463623395149786,
      "rev_growth_yoy": 0.15023574796399486,
      "rev_growth_yoy_accel": -0.08402637793899792,
      "fcf_margin_change": -0.0309693886771195
    },
    {
      "date": "2024-03-31T00:00:00",
      "quarter_label": "2024-03 (Q1)",
      "revenue": 6043000000,
      "gross_profit": null,
      "operating_income": 1114000000,
      "net_income": null,
      "opex": 4931000000,
      "cogs": null,
      "rd": null,
      "sga": null,
      "fcf": -775000000,
      "ocf": 992000000,
      "capex": -1767000000,
      "gross_margin": null,
      "op_margin": 0.18434552374648353,
      "fcf_margin": -0.12824755915935793,
      "incr_op_margin_yoy": 0.016666666666666666,
      "rev_growth_yoy": 0.08628437893223082,
      "rev_growth_yoy_accel": -0.06395136903176404,
      "op_leverage_ratio": 0.8354749036798091,
      "fcf_margin_change": -0.043097568475549464
    },
    {
      "date": "2024-06-30T00:00:00",
      "quarter_label": "2024-06 (Q2)",
      "revenue": 5361000000,
      "gross_profit": null,
      "operating_income": 913000000,
      "net_income": null,
      "opex": 4455000000,
      "cogs": null,
      "rd": null,
      "sga": null,
      "fcf": -237000000,
      "ocf": 1462000000,
      "capex": -1699000000,
      "gross_margin": null,
      "op_margin": 0.17030404775228503,
      "fcf_margin": -0.04420817011751539,
      "incr_op_margin_yoy": 0.3848987108655617,
      "rev_growth_yoy": 0.11270236612702367,
      "rev_growth_yoy_accel": 0.026417987194792852,
      "fcf_margin_change": 0.08403938904184254
    },
    {
      "date": "2024-09-30T00:00:00",
      "quarter_label": "2024-09 (Q3)",
      "revenue": 6154000000,
      "gross_profit": null,
      "operating_income": 1196000000,
      "net_income": null,
      "opex": 4961000000,
      "cogs": null,
      "rd": null,
      "sga": null,
      "fcf": -6000000,
      "ocf": 1689000000,
      "capex": -1695000000,
      "gross_margin": null,
      "op_margin": 0.19434514137146572,
      "fcf_margin": -0.0009749756256093598,
      "incr_op_margin_yoy": 0.41954022988505746,
      "rev_growth_yoy": 0.029096989966555183,
      "rev_growth_yoy_accel": -0.08360537616046848,
      "op_leverage_ratio": 1.3023405756550934,
      "fcf_margin_change": 0.04323319449190603
    },
    {
      "date": "2024-12-31T00:00:00",
      "quarter_label": "2024-12 (Q4)",
      "revenue": 5471000000,
      "gross_profit": null,
      "operating_income": 1098000000,
      "net_income": null,
      "opex": 4373000000,
      "cogs": null,
      "rd": null,
      "sga": null,
      "fcf": -510000000,
      "ocf": 1426000000,
      "capex": -1936000000,
      "gross_margin": null,
      "op_margin": 0.20069457137634802,
      "fcf_margin": -0.09321878998354963,
      "incr_op_margin_yoy": 0.057692307692307696,
      "rev_growth_yoy": 0.01937767840506801,
      "rev_growth_yoy_accel": -0.009719311561487174,
      "fcf_margin_change": -0.09224381435794027
    },
    {
      "date": "2025-03-31T00:00:00",
      "quarter_label": "2025-03 (Q1)",
      "revenue": 6714000000,
      "gross_profit": null,
      "operating_income": 1536000000,
      "net_income": null,
      "opex": 5177000000,
      "cogs": null,
      "rd": null,
      "sga": null,
      "fcf": -746000000,
      "ocf": 1200000000,
      "capex": -1946000000,
      "gross_margin": null,
      "op_margin": 0.2287756925826631,
      "fcf_margin": -0.1111111111111111,
      "incr_op_margin_yoy": 0.6289120715350224,
      "rev_growth_yoy": 0.11103756412377958,
      "rev_growth_yoy_accel": 0.09165988571871156,
      "op_leverage_ratio": 1.23574209922786,
      "fcf_margin_change": -0.017892321127561478
    },
    {
      "date": "2025-06-30T00:00:00",
      "quarter_label": "2025-06 (Q2)",
      "revenue": 5427000000,
      "gross_profit": null,
      "operating_income": 927000000,
      "net_income": null,
      "opex": 4502000000,
      "cogs": null,
      "rd": null,
      "sga": null,
      "fcf": -502000000,
      "ocf": 1511000000,
      "capex": -2013000000,
      "gross_margin": null,
      "op_margin": 0.17081260364842454,
      "fcf_margin": -0.09250046065966464,
      "incr_op_margin_yoy": 0.21212121212121213,
      "rev_growth_yoy": 0.012311135982092894,
      "rev_growth_yoy_accel": -0.09872642814168668,
      "fcf_margin_change": 0.01861065045144647
    },
    {
      "date": "2025-09-30T00:00:00",
      "quarter_label": "2025-09 (Q3)",
      "revenue": 6705000000,
      "gross_profit": null,
      "operating_income": 1500000000,
      "net_income": null,
      "opex": 5205000000,
      "cogs": null,
      "rd": null,
      "sga": null,
      "fcf": 163000000,
      "ocf": 2299000000,
      "capex": -2136000000,
      "gross_margin": null,
      "op_margin": 0.22371364653243847,
      "fcf_margin": 0.02431021625652498,
      "incr_op_margin_yoy": 0.5517241379310345,
      "rev_growth_yoy": 0.08953526161845954,
      "rev_growth_yoy_accel": 0.07722412563636664,
      "op_leverage_ratio": 1.5080689487602295,
      "fcf_margin_change": 0.11681067691618961
    }
  ],
  "signals": [
    {
      "quarter": "2025-09 (Q3)",
      "signal": "FCF TURNED POSITIVE",
      "detail": "FCF margin: -9.3% -> +2.4%",
      "severity": "HIGH"
    },
    {
      "quarter": "2025-09 (Q3)",
      "signal": "OPERATING LEVERAGE",
      "detail": "Rev growth +23.5% vs OpEx growth +15.6% (leverage: 1.5x)",
      "severity": "MEDIUM"
    },
    {
      "quarter": "2025-09 (Q3)",
      "signal": "YoY REVENUE GROWTH ACCELERATION",
      "detail": "YoY growth: +9.0% vs prior quarter YoY: +1.2% (accel: +7.7%)",
      "severity": "MEDIUM"
    },
    {
      "quarter": "2025-09 (Q3)",
      "signal": "INCREMENTAL MARGIN (YoY)",
      "detail": "YoY Incr OPM: +55.2% vs year-ago OPM: +19.4%",
      "severity": "HIGH"
    },
    {
      "quarter": "2025-06 (Q2)",
      "signal": "YoY REVENUE GROWTH DECELERATION",
      "detail": "YoY growth: +1.2% vs prior quarter YoY: +11.1% (decel: -9.9%)",
      "severity": "WARNING"
    },
    {
      "quarter": "2025-03 (Q1)",
      "signal": "YoY REVENUE GROWTH ACCELERATION",
      "detail": "YoY growth: +11.1% vs prior quarter YoY: +1.9% (accel: +9.2%)",
      "severity": "MEDIUM"
    },
    {
      "quarter": "2025-03 (Q1)",
      "signal": "INCREMENTAL MARGIN (YoY)",
      "detail": "YoY Incr OPM: +62.9% vs year-ago OPM: +18.4%",
      "severity": "HIGH"
    },
    {
      "quarter": "2024-09 (Q3)",
      "signal": "YoY REVENUE GROWTH DECELERATION",
      "detail": "YoY growth: +2.9% vs prior quarter YoY: +11.3% (decel: -8.4%)",
      "severity": "WARNING"
    },
    {
      "quarter": "2024-09 (Q3)",
      "signal": "INCREMENTAL MARGIN (YoY)",
      "detail": "YoY Incr OPM: +42.0% vs year-ago OPM: +18.8%",
      "severity": "HIGH"
    },
    {
      "quarter": "2024-06 (Q2)",
      "signal": "FCF MARGIN EXPANSION",
      "detail": "FCF margin: -12.8% -> -4.4% (+8.4%)",
      "severity": "MEDIUM"
    },
    {
      "quarter": "2024-06 (Q2)",
      "signal": "INCREMENTAL MARGIN (YoY)",
      "detail": "YoY Incr OPM: +38.5% vs year-ago OPM: +14.6%",
      "severity": "HIGH"
    },
    {
      "quarter": "2024-03 (Q1)",
      "signal": "YoY REVENUE GROWTH DECELERATION",
      "detail": "YoY growth: +8.6% vs prior quarter YoY: +15.0% (decel: -6.4%)",
      "severity": "WARNING"
    },
    {
      "quarter": "2023-12 (Q4)",
      "signal": "YoY REVENUE GROWTH DECELERATION",
      "detail": "YoY growth: +15.0% vs prior quarter YoY: +23.4% (decel: -8.4%)",
      "severity": "WARNING"
    },
    {
      "quarter": "2023-12 (Q4)",
      "signal": "INCREMENTAL MARGIN (YoY)",
      "detail": "YoY Incr OPM: +54.6% vs year-ago OPM: +15.2%",
      "severity": "HIGH"
    },
    {
      "quarter": "2023-09 (Q3)",
      "signal": "FCF MARGIN EXPANSION",
      "detail": "FCF margin: -10.9% -> -5.4% (+5.5%)",
      "severity": "MEDIUM"
    },
    {
      "quarter": "2023-09 (Q3)",
      "signal": "YoY REVENUE GROWTH ACCELERATION",
      "detail": "YoY growth: +23.4% vs prior quarter YoY: +13.7% (accel: +9.8%)",
      "severity": "MEDIUM"
    },
    {
      "quarter": "2023-06 (Q2)",
      "signal": "FCF MARGIN EXPANSION",
      "detail": "FCF margin: -25.1% -> -10.9% (+14.2%)",
      "severity": "MEDIUM"
    },
    {
      "quarter": "2023-06 (Q2)",
      "signal": "YoY REVENUE GROWTH ACCELERATION",
      "detail": "YoY growth: +13.7% vs prior quarter YoY: +4.4% (accel: +9.2%)",
      "severity": "MEDIUM"
    },
    {
      "quarter": "2023-03 (Q1)",
      "signal": "OPERATING LEVERAGE",
      "detail": "Rev growth +19.2% vs OpEx growth +12.6% (leverage: 1.5x)",
      "severity": "MEDIUM"
    },
    {
      "quarter": "2023-03 (Q1)",
      "signal": "YoY REVENUE GROWTH ACCELERATION",
      "detail": "YoY growth: +4.4% vs prior quarter YoY: -51.6% (accel: +56.0%)",
      "severity": "HIGH"
    },
    {
      "quarter": "2023-03 (Q1)",
      "signal": "INCREMENTAL MARGIN (YoY)",
      "detail": "YoY Incr OPM: +87.3% vs year-ago OPM: +16.9%",
      "severity": "HIGH"
    },
    {
      "quarter": "2022-12 (Q4)",
      "signal": "YoY REVENUE GROWTH DECELERATION",
      "detail": "YoY growth: -51.6% vs prior quarter YoY: -45.6% (decel: -5.9%)",
      "severity": "WARNING"
    },
    {
      "quarter": "2022-09 (Q3)",
      "signal": "OPERATING LEVERAGE",
      "detail": "Rev growth +14.3% vs OpEx growth +8.2% (leverage: 1.7x)",
      "severity": "MEDIUM"
    },
    {
      "quarter": "2022-03 (Q1)",
      "signal": "FCF MARGIN EXPANSION",
      "detail": "FCF margin: -32.6% -> -2.6% (+30.0%)",
      "severity": "MEDIUM"
    },
    {
      "quarter": "2022-03 (Q1)",
      "signal": "YoY REVENUE GROWTH DECELERATION",
      "detail": "YoY growth: -46.1% vs prior quarter YoY: +18.7% (decel: -64.8%)",
      "severity": "WARNING"
    },
    {
      "quarter": "2022-03 (Q1)",
      "signal": "OP MARGIN TURNED POSITIVE (YoY)",
      "detail": "Op margin: -1.2% (year-ago) -> +16.9%",
      "severity": "HIGH"
    },
    {
      "quarter": "2021-12 (Q4)",
      "signal": "INCREMENTAL MARGIN (YoY)",
      "detail": "YoY Incr OPM: +23.1% vs year-ago OPM: +3.3%",
      "severity": "MEDIUM"
    },
    {
      "quarter": "2021-09 (Q3)",
      "signal": "FCF MARGIN EXPANSION",
      "detail": "FCF margin: +6.3% -> +12.0% (+5.7%)",
      "severity": "MEDIUM"
    },
    {
      "quarter": "2021-06 (Q2)",
      "signal": "FCF TURNED POSITIVE",
      "detail": "FCF margin: -34.4% -> +6.3%",
      "severity": "HIGH"
    },
    {
      "quarter": "2021-06 (Q2)",
      "signal": "OP MARGIN TURNED POSITIVE (QoQ)",
      "detail": "Op margin: -1.2% -> +4.6%",
      "severity": "HIGH"
    }
  ],
  "data_quality": {
    "n_quarters": 20,
    "coverage": {
      "revenue": [
        20,
        20
      ],
      "gross_profit": [
        0,
        20
      ],
      "op_income": [
        20,
        20
      ],
      "fcf": [
        20,
        20
      ]
    },
    "gaps": [],
    "warnings": [
      "gross_profit: no data"
    ]
  },
  "market_cap": null,
  "source": "SEC EDGAR",
  "last_updated": "2026-02-02T20:01:18.284018"
}