{
  "ticker": "EXLS",
  "name": "EXLSERVICE HOLDINGS, INC.",
  "quarters": [
    {
      "date": "2020-12-31T00:00:00",
      "quarter_label": "2020-12 (Q4)",
      "revenue": 248953000,
      "gross_profit": 98161000,
      "operating_income": 38263000,
      "net_income": 32218000,
      "opex": 59898000,
      "cogs": 150792000,
      "rd": null,
      "sga": null,
      "fcf": 69049000,
      "ocf": 76659000,
      "capex": -7610000,
      "gross_margin": 0.3942953087530578,
      "op_margin": 0.15369567749735893,
      "fcf_margin": 0.2773575735178929
    },
    {
      "date": "2021-03-31T00:00:00",
      "quarter_label": "2021-03 (Q1)",
      "revenue": 261415000,
      "gross_profit": 102594000,
      "operating_income": 41555000,
      "net_income": 31931000,
      "opex": 61039000,
      "cogs": 158821000,
      "rd": null,
      "sga": null,
      "fcf": 2525000,
      "ocf": 15205000,
      "capex": -12680000,
      "gross_margin": 0.392456438995467,
      "op_margin": 0.15896180402807797,
      "fcf_margin": 0.009658971367366065,
      "op_leverage_ratio": 2.6278287508400693,
      "fcf_margin_change": -0.2676986021505269
    },
    {
      "date": "2021-06-30T00:00:00",
      "quarter_label": "2021-06 (Q2)",
      "revenue": 275064000,
      "gross_profit": 104363000,
      "operating_income": 35830000,
      "net_income": 28021000,
      "opex": 68533000,
      "cogs": 170701000,
      "rd": null,
      "sga": null,
      "fcf": 31515000,
      "ocf": 38738000,
      "capex": -7223000,
      "gross_margin": 0.37941351830846637,
      "op_margin": 0.13026059389814734,
      "fcf_margin": 0.11457333566006457,
      "op_leverage_ratio": 0.4252693184774343,
      "fcf_margin_change": 0.1049143642926985
    },
    {
      "date": "2021-09-30T00:00:00",
      "quarter_label": "2021-09 (Q3)",
      "revenue": 290325000,
      "gross_profit": 112582000,
      "operating_income": 42438000,
      "net_income": 26507000,
      "opex": 70144000,
      "cogs": 177743000,
      "rd": null,
      "sga": null,
      "fcf": 50696000,
      "ocf": 59819000,
      "capex": -9123000,
      "gross_margin": 0.3877792129510032,
      "op_margin": 0.14617411521570653,
      "fcf_margin": 0.17461810040471884,
      "op_leverage_ratio": 2.3602251889670263,
      "fcf_margin_change": 0.06004476474465427
    },
    {
      "date": "2021-12-31T00:00:00",
      "quarter_label": "2021-12 (Q4)",
      "revenue": 295489000,
      "gross_profit": 111820000,
      "operating_income": 36058000,
      "net_income": 28299000,
      "opex": 75762000,
      "cogs": 183669000,
      "rd": null,
      "sga": null,
      "fcf": 62403000,
      "ocf": 70625000,
      "capex": -8222000,
      "gross_margin": 0.37842356229842733,
      "op_margin": 0.12202823116934979,
      "fcf_margin": 0.21118552636477161,
      "incr_op_margin_yoy": -0.047382671480144405,
      "rev_growth_yoy": 0.18692684964631878,
      "op_leverage_ratio": 0.22208058467516412,
      "fcf_margin_change": 0.036567425960052774
    },
    {
      "date": "2022-03-31T00:00:00",
      "quarter_label": "2022-03 (Q1)",
      "revenue": 329208000,
      "gross_profit": 121692000,
      "operating_income": 43975000,
      "net_income": 36178000,
      "opex": 77717000,
      "cogs": 207516000,
      "rd": null,
      "sga": null,
      "fcf": -42971000,
      "ocf": -26870000,
      "capex": -16101000,
      "gross_margin": 0.3696507982795072,
      "op_margin": 0.13357816334961484,
      "fcf_margin": -0.13052841972248547,
      "incr_op_margin_yoy": 0.03569690085997079,
      "rev_growth_yoy": 0.2593309488743951,
      "rev_growth_yoy_accel": 0.07240409922807634,
      "op_leverage_ratio": 4.422196506568474,
      "fcf_margin_change": -0.3417139460872571
    },
    {
      "date": "2022-06-30T00:00:00",
      "quarter_label": "2022-06 (Q2)",
      "revenue": 346782000,
      "gross_profit": 125575000,
      "operating_income": 47081000,
      "net_income": 35846000,
      "opex": 78494000,
      "cogs": 221207000,
      "rd": null,
      "sga": null,
      "fcf": 70925000,
      "ocf": 79878000,
      "capex": -8953000,
      "gross_margin": 0.36211510401347247,
      "op_margin": 0.13576540881591317,
      "fcf_margin": 0.2045233028242527,
      "incr_op_margin_yoy": 0.15687832901084806,
      "rev_growth_yoy": 0.26073204781432685,
      "rev_growth_yoy_accel": 0.001401098939931733,
      "op_leverage_ratio": 5.339434345248299,
      "fcf_margin_change": 0.3350517225467382
    },
    {
      "date": "2022-09-30T00:00:00",
      "quarter_label": "2022-09 (Q3)",
      "revenue": 361351000,
      "gross_profit": 130889000,
      "operating_income": 50111000,
      "net_income": 39095000,
      "opex": 80778000,
      "cogs": 230462000,
      "rd": null,
      "sga": null,
      "fcf": 41036000,
      "ocf": 48081000,
      "capex": -7045000,
      "gross_margin": 0.3622212198112085,
      "op_margin": 0.13867679901259441,
      "fcf_margin": 0.11356271326217444,
      "incr_op_margin_yoy": 0.1080308619378819,
      "rev_growth_yoy": 0.24464307241884095,
      "rev_growth_yoy_accel": -0.0160889753954859,
      "op_leverage_ratio": 1.443821676590736,
      "fcf_margin_change": -0.09096058956207827
    },
    {
      "date": "2022-12-31T00:00:00",
      "quarter_label": "2022-12 (Q4)",
      "revenue": 374703000,
      "gross_profit": 137293000,
      "operating_income": 50995000,
      "net_income": 31849000,
      "opex": 86298000,
      "cogs": 237410000,
      "rd": null,
      "sga": null,
      "fcf": 52315000,
      "ocf": 65052000,
      "capex": -12737000,
      "gross_margin": 0.36640485931524436,
      "op_margin": 0.13609445347381793,
      "fcf_margin": 0.1396172435235373,
      "incr_op_margin_yoy": 0.18856515262453608,
      "rev_growth_yoy": 0.2680776610973674,
      "rev_growth_yoy_accel": 0.023434588678526463,
      "op_leverage_ratio": 0.5407183163954883,
      "fcf_margin_change": 0.026054530261362854
    },
    {
      "date": "2023-03-31T00:00:00",
      "quarter_label": "2023-03 (Q1)",
      "revenue": 400643000,
      "gross_profit": 149174000,
      "operating_income": 59448000,
      "net_income": 51331000,
      "opex": 89726000,
      "cogs": 251469000,
      "rd": null,
      "sga": null,
      "fcf": 3546000,
      "ocf": 16025000,
      "capex": -12479000,
      "gross_margin": 0.37233646912588014,
      "op_margin": 0.14838147677608246,
      "fcf_margin": 0.008850772383393695,
      "incr_op_margin_yoy": 0.2166025057744803,
      "rev_growth_yoy": 0.2169904741075551,
      "rev_growth_yoy_accel": -0.05108718698981232,
      "op_leverage_ratio": 1.7427806089634192,
      "fcf_margin_change": -0.13076647114014361
    },
    {
      "date": "2023-06-30T00:00:00",
      "quarter_label": "2023-06 (Q2)",
      "revenue": 404996000,
      "gross_profit": 151776000,
      "operating_income": 64811000,
      "net_income": 49068000,
      "opex": 86965000,
      "cogs": 253220000,
      "rd": null,
      "sga": null,
      "fcf": 33900000,
      "ocf": 47534000,
      "capex": -13634000,
      "gross_margin": 0.37475925688154943,
      "op_margin": 0.1600287410246027,
      "fcf_margin": 0.0837045304151152,
      "incr_op_margin_yoy": 0.3045659119799361,
      "rev_growth_yoy": 0.1678691512246887,
      "rev_growth_yoy_accel": -0.049121322882866386,
      "op_leverage_ratio": Infinity,
      "fcf_margin_change": 0.0748537580317215
    },
    {
      "date": "2023-09-30T00:00:00",
      "quarter_label": "2023-09 (Q3)",
      "revenue": 410971000,
      "gross_profit": 154969000,
      "operating_income": 60230000,
      "net_income": 43876000,
      "opex": 94739000,
      "cogs": 256002000,
      "rd": null,
      "sga": null,
      "fcf": 53608000,
      "ocf": 68601000,
      "capex": -14993000,
      "gross_margin": 0.377080134608038,
      "op_margin": 0.14655535305410844,
      "fcf_margin": 0.1304422939818138,
      "incr_op_margin_yoy": 0.2039298669891173,
      "rev_growth_yoy": 0.13731800935932098,
      "rev_growth_yoy_accel": -0.030551141865367726,
      "op_leverage_ratio": 0.16503921176296074,
      "fcf_margin_change": 0.046737763566698606
    },
    {
      "date": "2023-12-31T00:00:00",
      "quarter_label": "2023-12 (Q4)",
      "revenue": 414058000,
      "gross_profit": 151847000,
      "operating_income": 54266000,
      "net_income": 40283000,
      "opex": 97581000,
      "cogs": 262211000,
      "rd": null,
      "sga": null,
      "fcf": 67341000,
      "ocf": 79038000,
      "capex": -11697000,
      "gross_margin": 0.3667288157697714,
      "op_margin": 0.13105893377256325,
      "fcf_margin": 0.16263663544720788,
      "incr_op_margin_yoy": 0.08311523313429044,
      "rev_growth_yoy": 0.10502985030811068,
      "rev_growth_yoy_accel": -0.0322881590512103,
      "fcf_margin_change": 0.03219434146539407
    },
    {
      "date": "2024-03-31T00:00:00",
      "quarter_label": "2024-03 (Q1)",
      "revenue": 436507000,
      "gross_profit": 163083000,
      "operating_income": 61524000,
      "net_income": 48763000,
      "opex": 101559000,
      "cogs": 273424000,
      "rd": null,
      "sga": null,
      "fcf": -33139000,
      "ocf": -21873000,
      "capex": -11266000,
      "gross_margin": 0.37360912883413094,
      "op_margin": 0.140946193302742,
      "fcf_margin": -0.07591859924354019,
      "incr_op_margin_yoy": 0.05788534463528887,
      "rev_growth_yoy": 0.08951610286464508,
      "rev_growth_yoy_accel": -0.015513747443465606,
      "op_leverage_ratio": 1.3299530369420123,
      "fcf_margin_change": -0.23855523469074807
    },
    {
      "date": "2024-06-30T00:00:00",
      "quarter_label": "2024-06 (Q2)",
      "revenue": 448366000,
      "gross_profit": 166260000,
      "operating_income": 61449000,
      "net_income": 45825000,
      "opex": 104811000,
      "cogs": 282106000,
      "rd": null,
      "sga": null,
      "fcf": 62847000,
      "ocf": 74910000,
      "capex": -12063000,
      "gross_margin": 0.3708131303444061,
      "op_margin": 0.13705098067204025,
      "fcf_margin": 0.14016896910113613,
      "incr_op_margin_yoy": -0.07751902236569057,
      "rev_growth_yoy": 0.10708747740718427,
      "rev_growth_yoy_accel": 0.017571374542539195,
      "op_leverage_ratio": 0.8484470333538566,
      "fcf_margin_change": 0.21608756834467632
    },
    {
      "date": "2024-09-30T00:00:00",
      "quarter_label": "2024-09 (Q3)",
      "revenue": 472073000,
      "gross_profit": 178267000,
      "operating_income": 69405000,
      "net_income": 53037000,
      "opex": 108862000,
      "cogs": 293806000,
      "rd": null,
      "sga": null,
      "fcf": 97283000,
      "ocf": 110142000,
      "capex": -12859000,
      "gross_margin": 0.37762591802539014,
      "op_margin": 0.1470217529915924,
      "fcf_margin": 0.20607617889606056,
      "incr_op_margin_yoy": 0.15015875094104938,
      "rev_growth_yoy": 0.14867715726900438,
      "rev_growth_yoy_accel": 0.041589679861820106,
      "op_leverage_ratio": 1.3680077221137446,
      "fcf_margin_change": 0.06590720979492443
    },
    {
      "date": "2024-12-31T00:00:00",
      "quarter_label": "2024-12 (Q4)",
      "revenue": 481426000,
      "gross_profit": 183403000,
      "operating_income": 71242000,
      "net_income": 50672000,
      "opex": 112161000,
      "cogs": 298023000,
      "rd": null,
      "sga": null,
      "fcf": 95272000,
      "ocf": 105346000,
      "capex": -10074000,
      "gross_margin": 0.3809578211396975,
      "op_margin": 0.14798120583433383,
      "fcf_margin": 0.197895419025977,
      "incr_op_margin_yoy": 0.25198907493171835,
      "rev_growth_yoy": 0.1627018437030561,
      "rev_growth_yoy_accel": 0.01402468643405172,
      "op_leverage_ratio": 0.6537862247836043,
      "fcf_margin_change": -0.00818075987008357
    },
    {
      "date": "2025-03-31T00:00:00",
      "quarter_label": "2025-03 (Q1)",
      "revenue": 501019000,
      "gross_profit": 193314000,
      "operating_income": 78415000,
      "net_income": 66561000,
      "opex": 114899000,
      "cogs": 307705000,
      "rd": null,
      "sga": null,
      "fcf": -9697000,
      "ocf": 3243000,
      "capex": -12940000,
      "gross_margin": 0.3858416547077057,
      "op_margin": 0.15651103051980064,
      "fcf_margin": -0.019354555416062066,
      "incr_op_margin_yoy": 0.2618272569444444,
      "rev_growth_yoy": 0.14779144435255334,
      "rev_growth_yoy_accel": -0.014910399350502757,
      "op_leverage_ratio": 1.6671697675960517,
      "fcf_margin_change": -0.21724997444203906
    },
    {
      "date": "2025-06-30T00:00:00",
      "quarter_label": "2025-06 (Q2)",
      "revenue": 514460000,
      "gross_profit": 194188000,
      "operating_income": 81138000,
      "net_income": 66051000,
      "opex": 113050000,
      "cogs": 320272000,
      "rd": null,
      "sga": null,
      "fcf": 94951000,
      "ocf": 109377000,
      "capex": -14426000,
      "gross_margin": 0.37745986082494265,
      "op_margin": 0.15771488551102125,
      "fcf_margin": 0.1845643976208063,
      "incr_op_margin_yoy": 0.29789390867552273,
      "rev_growth_yoy": 0.14741082062422217,
      "rev_growth_yoy_accel": -0.00038062372833116975,
      "op_leverage_ratio": Infinity,
      "fcf_margin_change": 0.20391895303686836
    },
    {
      "date": "2025-09-30T00:00:00",
      "quarter_label": "2025-09 (Q3)",
      "revenue": 529585000,
      "gross_profit": 203936000,
      "operating_income": 76174000,
      "net_income": 58161000,
      "opex": 127762000,
      "cogs": 325649000,
      "rd": null,
      "sga": null,
      "fcf": 106355000,
      "ocf": 120716000,
      "capex": -14361000,
      "gross_margin": 0.3850864356052381,
      "op_margin": 0.14383715550855858,
      "fcf_margin": 0.20082706270003872,
      "incr_op_margin_yoy": 0.11769717624148004,
      "rev_growth_yoy": 0.12182861548955352,
      "rev_growth_yoy_accel": -0.025582205134668648,
      "op_leverage_ratio": 0.22591372699993617,
      "fcf_margin_change": 0.016262665079232436
    }
  ],
  "signals": [
    {
      "quarter": "2025-06 (Q2)",
      "signal": "FCF TURNED POSITIVE",
      "detail": "FCF margin: -1.9% -> +18.5%",
      "severity": "HIGH"
    },
    {
      "quarter": "2025-06 (Q2)",
      "signal": "INCREMENTAL MARGIN (YoY)",
      "detail": "YoY Incr OPM: +29.8% vs year-ago OPM: +13.7%",
      "severity": "MEDIUM"
    },
    {
      "quarter": "2025-03 (Q1)",
      "signal": "OPERATING LEVERAGE",
      "detail": "Rev growth +4.1% vs OpEx growth +2.4% (leverage: 1.7x)",
      "severity": "MEDIUM"
    },
    {
      "quarter": "2025-03 (Q1)",
      "signal": "INCREMENTAL MARGIN (YoY)",
      "detail": "YoY Incr OPM: +26.2% vs year-ago OPM: +14.1%",
      "severity": "MEDIUM"
    },
    {
      "quarter": "2024-12 (Q4)",
      "signal": "INCREMENTAL MARGIN (YoY)",
      "detail": "YoY Incr OPM: +25.2% vs year-ago OPM: +13.1%",
      "severity": "MEDIUM"
    },
    {
      "quarter": "2024-09 (Q3)",
      "signal": "FCF MARGIN EXPANSION",
      "detail": "FCF margin: +14.0% -> +20.6% (+6.6%)",
      "severity": "MEDIUM"
    },
    {
      "quarter": "2024-06 (Q2)",
      "signal": "FCF TURNED POSITIVE",
      "detail": "FCF margin: -7.6% -> +14.0%",
      "severity": "HIGH"
    },
    {
      "quarter": "2023-06 (Q2)",
      "signal": "FCF MARGIN EXPANSION",
      "detail": "FCF margin: +0.9% -> +8.4% (+7.5%)",
      "severity": "MEDIUM"
    },
    {
      "quarter": "2023-06 (Q2)",
      "signal": "INCREMENTAL MARGIN (YoY)",
      "detail": "YoY Incr OPM: +30.5% vs year-ago OPM: +13.6%",
      "severity": "MEDIUM"
    },
    {
      "quarter": "2023-03 (Q1)",
      "signal": "OPERATING LEVERAGE",
      "detail": "Rev growth +6.9% vs OpEx growth +4.0% (leverage: 1.7x)",
      "severity": "MEDIUM"
    },
    {
      "quarter": "2023-03 (Q1)",
      "signal": "YoY REVENUE GROWTH DECELERATION",
      "detail": "YoY growth: +21.7% vs prior quarter YoY: +26.8% (decel: -5.1%)",
      "severity": "WARNING"
    },
    {
      "quarter": "2022-06 (Q2)",
      "signal": "FCF TURNED POSITIVE",
      "detail": "FCF margin: -13.1% -> +20.5%",
      "severity": "HIGH"
    },
    {
      "quarter": "2022-06 (Q2)",
      "signal": "OPERATING LEVERAGE",
      "detail": "Rev growth +5.3% vs OpEx growth +1.0% (leverage: 5.3x)",
      "severity": "MEDIUM"
    },
    {
      "quarter": "2022-03 (Q1)",
      "signal": "OPERATING LEVERAGE",
      "detail": "Rev growth +11.4% vs OpEx growth +2.6% (leverage: 4.4x)",
      "severity": "MEDIUM"
    },
    {
      "quarter": "2022-03 (Q1)",
      "signal": "YoY REVENUE GROWTH ACCELERATION",
      "detail": "YoY growth: +25.9% vs prior quarter YoY: +18.7% (accel: +7.2%)",
      "severity": "MEDIUM"
    },
    {
      "quarter": "2021-09 (Q3)",
      "signal": "FCF MARGIN EXPANSION",
      "detail": "FCF margin: +11.5% -> +17.5% (+6.0%)",
      "severity": "MEDIUM"
    },
    {
      "quarter": "2021-09 (Q3)",
      "signal": "OPERATING LEVERAGE",
      "detail": "Rev growth +5.5% vs OpEx growth +2.4% (leverage: 2.4x)",
      "severity": "MEDIUM"
    },
    {
      "quarter": "2021-06 (Q2)",
      "signal": "FCF MARGIN EXPANSION",
      "detail": "FCF margin: +1.0% -> +11.5% (+10.5%)",
      "severity": "MEDIUM"
    },
    {
      "quarter": "2021-03 (Q1)",
      "signal": "OPERATING LEVERAGE",
      "detail": "Rev growth +5.0% vs OpEx growth +1.9% (leverage: 2.6x)",
      "severity": "MEDIUM"
    }
  ],
  "data_quality": {
    "n_quarters": 20,
    "coverage": {
      "revenue": [
        20,
        20
      ],
      "gross_profit": [
        20,
        20
      ],
      "op_income": [
        20,
        20
      ],
      "fcf": [
        20,
        20
      ]
    },
    "gaps": [],
    "warnings": []
  },
  "market_cap": null,
  "source": "SEC EDGAR",
  "last_updated": "2026-02-02T20:53:35.116123"
}