{
  "ticker": "EXOD",
  "name": "Exodus Movement, Inc.",
  "quarters": [
    {
      "date": "2023-03-31T00:00:00",
      "quarter_label": "2023-03 (Q1)",
      "revenue": 13345000,
      "gross_profit": 6488000,
      "operating_income": 957000,
      "net_income": 773000,
      "opex": 5531000,
      "cogs": 6857000,
      "rd": null,
      "sga": null,
      "fcf": 1289000,
      "ocf": 1300000,
      "capex": -11000,
      "gross_margin": 0.486174597227426,
      "op_margin": 0.07171225177969277,
      "fcf_margin": 0.09659048332708879
    },
    {
      "date": "2023-06-30T00:00:00",
      "quarter_label": "2023-06 (Q2)",
      "revenue": 12405000,
      "gross_profit": 5270000,
      "operating_income": 1456000,
      "net_income": 1869000,
      "opex": 3814000,
      "cogs": 7135000,
      "rd": null,
      "sga": null,
      "fcf": 740000,
      "ocf": 739000,
      "capex": 1000,
      "gross_margin": 0.4248286981056026,
      "op_margin": 0.1173720274083031,
      "fcf_margin": 0.05965336557839581,
      "fcf_margin_change": -0.03693711774869298
    },
    {
      "date": "2023-09-30T00:00:00",
      "quarter_label": "2023-09 (Q3)",
      "revenue": 11980000,
      "gross_profit": 4242000,
      "operating_income": -713000,
      "net_income": -251000,
      "opex": 4955000,
      "cogs": 7738000,
      "rd": null,
      "sga": null,
      "fcf": 868000,
      "ocf": 883000,
      "capex": -15000,
      "gross_margin": 0.35409015025041735,
      "op_margin": -0.05951585976627713,
      "fcf_margin": 0.07245409015025042,
      "fcf_margin_change": 0.012800724571854612
    },
    {
      "date": "2023-12-31T00:00:00",
      "quarter_label": "2023-12 (Q4)",
      "revenue": 18455000,
      "gross_profit": null,
      "operating_income": null,
      "net_income": 10395000,
      "opex": null,
      "cogs": null,
      "rd": null,
      "sga": null,
      "fcf": -2272000,
      "ocf": -2230000,
      "capex": -42000,
      "gross_margin": null,
      "op_margin": null,
      "fcf_margin": -0.12311026821999459,
      "fcf_margin_change": -0.195564358370245
    },
    {
      "date": "2024-03-31T00:00:00",
      "quarter_label": "2024-03 (Q1)",
      "revenue": 29060000,
      "gross_profit": 18356000,
      "operating_income": 67100000,
      "net_income": 54787000,
      "opex": -48744000,
      "cogs": 10704000,
      "rd": null,
      "sga": null,
      "fcf": 300000,
      "ocf": 450000,
      "capex": -150000,
      "gross_margin": 0.6316586373021336,
      "op_margin": 2.309015829318651,
      "fcf_margin": 0.01032346868547832,
      "incr_op_margin_yoy": 4.20890868596882,
      "rev_growth_yoy": 1.1775946047208692,
      "fcf_margin_change": 0.13343373690547292
    },
    {
      "date": "2024-06-30T00:00:00",
      "quarter_label": "2024-06 (Q2)",
      "revenue": 22308000,
      "gross_profit": 11541000,
      "operating_income": -14745000,
      "net_income": -9606000,
      "opex": 26286000,
      "cogs": 10767000,
      "rd": null,
      "sga": null,
      "fcf": -2404000,
      "ocf": -2366000,
      "capex": -38000,
      "gross_margin": 0.5173480365788058,
      "op_margin": -0.6609736417428725,
      "fcf_margin": -0.10776403084095391,
      "incr_op_margin_yoy": -1.6359688983136422,
      "rev_growth_yoy": 0.7983071342200726,
      "rev_growth_yoy_accel": -0.3792874705007966,
      "fcf_margin_change": -0.11808749952643223
    },
    {
      "date": "2024-09-30T00:00:00",
      "quarter_label": "2024-09 (Q3)",
      "revenue": 20117000,
      "gross_profit": 8784000,
      "operating_income": -52000,
      "net_income": 843000,
      "opex": 8836000,
      "cogs": 11333000,
      "rd": null,
      "sga": null,
      "fcf": -4927000,
      "ocf": -4887000,
      "capex": -40000,
      "gross_margin": 0.4366456231048367,
      "op_margin": -0.0025848784610031316,
      "fcf_margin": -0.24491723418004674,
      "incr_op_margin_yoy": 0.08123386997664987,
      "rev_growth_yoy": 0.6792153589315526,
      "rev_growth_yoy_accel": -0.11909177528852,
      "fcf_margin_change": -0.1371532033390928
    },
    {
      "date": "2024-12-31T00:00:00",
      "quarter_label": "2024-12 (Q4)",
      "revenue": 44787000,
      "gross_profit": null,
      "operating_income": null,
      "net_income": 66934000,
      "opex": null,
      "cogs": null,
      "rd": null,
      "sga": null,
      "fcf": -5284000,
      "ocf": -5239000,
      "capex": -45000,
      "gross_margin": null,
      "op_margin": null,
      "fcf_margin": -0.11798066403197356,
      "rev_growth_yoy": 1.4268219994581415,
      "rev_growth_yoy_accel": 0.7476066405265889,
      "fcf_margin_change": 0.1269365701480732
    },
    {
      "date": "2025-03-31T00:00:00",
      "quarter_label": "2025-03 (Q1)",
      "revenue": 35996000,
      "gross_profit": null,
      "operating_income": null,
      "net_income": -12873000,
      "opex": null,
      "cogs": null,
      "rd": null,
      "sga": null,
      "fcf": -6217000,
      "ocf": -6166000,
      "capex": -51000,
      "gross_margin": null,
      "op_margin": null,
      "fcf_margin": -0.17271363484831648,
      "rev_growth_yoy": 0.23867859600825878,
      "rev_growth_yoy_accel": -1.1881434034498828,
      "fcf_margin_change": -0.054732970816342916
    },
    {
      "date": "2025-06-30T00:00:00",
      "quarter_label": "2025-06 (Q2)",
      "revenue": 25827000,
      "gross_profit": null,
      "operating_income": null,
      "net_income": 37667000,
      "opex": null,
      "cogs": null,
      "rd": null,
      "sga": null,
      "fcf": -5359000,
      "ocf": -5267000,
      "capex": -92000,
      "gross_margin": null,
      "op_margin": null,
      "fcf_margin": -0.20749603128508926,
      "rev_growth_yoy": 0.15774610005379236,
      "rev_growth_yoy_accel": -0.08093249595446642,
      "fcf_margin_change": -0.03478239643677278
    },
    {
      "date": "2025-09-30T00:00:00",
      "quarter_label": "2025-09 (Q3)",
      "revenue": 30343000,
      "gross_profit": null,
      "operating_income": null,
      "net_income": 17041000,
      "opex": null,
      "cogs": null,
      "rd": null,
      "sga": null,
      "fcf": -4849000,
      "ocf": -4810000,
      "capex": -39000,
      "gross_margin": null,
      "op_margin": null,
      "fcf_margin": -0.15980621560162145,
      "rev_growth_yoy": 0.5083262911965005,
      "rev_growth_yoy_accel": 0.35058019114270816,
      "fcf_margin_change": 0.04768981568346781
    }
  ],
  "signals": [
    {
      "quarter": "2025-09 (Q3)",
      "signal": "YoY REVENUE GROWTH ACCELERATION",
      "detail": "YoY growth: +50.8% vs prior quarter YoY: +15.8% (accel: +35.1%)",
      "severity": "HIGH"
    },
    {
      "quarter": "2025-06 (Q2)",
      "signal": "YoY REVENUE GROWTH DECELERATION",
      "detail": "YoY growth: +15.8% vs prior quarter YoY: +23.9% (decel: -8.1%)",
      "severity": "WARNING"
    },
    {
      "quarter": "2025-03 (Q1)",
      "signal": "YoY REVENUE GROWTH DECELERATION",
      "detail": "YoY growth: +23.9% vs prior quarter YoY: +142.7% (decel: -118.8%)",
      "severity": "WARNING"
    },
    {
      "quarter": "2024-12 (Q4)",
      "signal": "FCF MARGIN EXPANSION",
      "detail": "FCF margin: -24.5% -> -11.8% (+12.7%)",
      "severity": "MEDIUM"
    },
    {
      "quarter": "2024-12 (Q4)",
      "signal": "YoY REVENUE GROWTH ACCELERATION",
      "detail": "YoY growth: +142.7% vs prior quarter YoY: +67.9% (accel: +74.8%)",
      "severity": "HIGH"
    },
    {
      "quarter": "2024-09 (Q3)",
      "signal": "YoY REVENUE GROWTH DECELERATION",
      "detail": "YoY growth: +67.9% vs prior quarter YoY: +79.8% (decel: -11.9%)",
      "severity": "WARNING"
    },
    {
      "quarter": "2024-06 (Q2)",
      "signal": "YoY REVENUE GROWTH DECELERATION",
      "detail": "YoY growth: +79.8% vs prior quarter YoY: +117.8% (decel: -37.9%)",
      "severity": "WARNING"
    },
    {
      "quarter": "2024-03 (Q1)",
      "signal": "FCF TURNED POSITIVE",
      "detail": "FCF margin: -12.3% -> +1.0%",
      "severity": "HIGH"
    },
    {
      "quarter": "2024-03 (Q1)",
      "signal": "INCREMENTAL MARGIN (YoY)",
      "detail": "YoY Incr OPM: +420.9% vs year-ago OPM: +7.2%",
      "severity": "HIGH"
    }
  ],
  "data_quality": {
    "n_quarters": 11,
    "coverage": {
      "revenue": [
        11,
        11
      ],
      "gross_profit": [
        6,
        11
      ],
      "op_income": [
        6,
        11
      ],
      "fcf": [
        11,
        11
      ]
    },
    "gaps": [],
    "warnings": [
      "gross_profit: 6/11Q",
      "op_income: 6/11Q"
    ]
  },
  "market_cap": null,
  "source": "SEC EDGAR",
  "last_updated": "2026-02-02T22:29:42.641587"
}