{
  "ticker": "EXP",
  "name": "EAGLE MATERIALS INC.",
  "quarters": [
    {
      "date": "2021-03-31T00:00:00",
      "quarter_label": "2021-03 (Q1)",
      "revenue": 343302000,
      "gross_profit": 69830000,
      "operating_income": 78815000,
      "net_income": 66011000,
      "opex": -8985000,
      "cogs": 273472000,
      "rd": null,
      "sga": null,
      "fcf": 92664000,
      "ocf": 101056000,
      "capex": -8392000,
      "gross_margin": 0.20340691286389243,
      "op_margin": 0.22957920431573367,
      "fcf_margin": 0.2699197790866351
    },
    {
      "date": "2021-06-30T00:00:00",
      "quarter_label": "2021-06 (Q2)",
      "revenue": 475770000,
      "gross_profit": 126511000,
      "operating_income": 134481000,
      "net_income": 95327000,
      "opex": -7970000,
      "cogs": 349259000,
      "rd": null,
      "sga": null,
      "fcf": 99186000,
      "ocf": 111121000,
      "capex": -11935000,
      "gross_margin": 0.26590789667276205,
      "op_margin": 0.2826596885049499,
      "fcf_margin": 0.20847468314521722,
      "op_leverage_ratio": Infinity,
      "fcf_margin_change": -0.06144509594141789
    },
    {
      "date": "2021-09-30T00:00:00",
      "quarter_label": "2021-09 (Q3)",
      "revenue": 509694000,
      "gross_profit": 155341000,
      "operating_income": 163601000,
      "net_income": 102125000,
      "opex": -8260000,
      "cogs": 354353000,
      "rd": null,
      "sga": null,
      "fcf": 135499000,
      "ocf": 150341000,
      "capex": -14842000,
      "gross_margin": 0.30477305991438,
      "op_margin": 0.32097886182690005,
      "fcf_margin": 0.2658438200175007,
      "op_leverage_ratio": 1.959613055569447,
      "fcf_margin_change": 0.057369136872283455
    },
    {
      "date": "2021-12-31T00:00:00",
      "quarter_label": "2021-12 (Q4)",
      "revenue": 462941000,
      "gross_profit": 138586000,
      "operating_income": 147141000,
      "net_income": 102479000,
      "opex": -8555000,
      "cogs": 324355000,
      "rd": null,
      "sga": null,
      "fcf": 139005000,
      "ocf": 167416000,
      "capex": -28411000,
      "gross_margin": 0.29935996163658,
      "op_margin": 0.31783963831244155,
      "fcf_margin": 0.30026504457371456,
      "fcf_margin_change": 0.03442122455621388
    },
    {
      "date": "2022-03-31T00:00:00",
      "quarter_label": "2022-03 (Q1)",
      "revenue": 413117000,
      "gross_profit": 99176000,
      "operating_income": 106879000,
      "net_income": 74316000,
      "opex": -7703000,
      "cogs": 313941000,
      "rd": null,
      "sga": null,
      "fcf": 69360000,
      "ocf": 88293000,
      "capex": -18933000,
      "gross_margin": 0.24006758375956447,
      "op_margin": 0.25871363318381957,
      "fcf_margin": 0.16789432533640591,
      "incr_op_margin_yoy": 0.4019766525818234,
      "rev_growth_yoy": 0.20336321955595948,
      "fcf_margin_change": -0.13237071923730864
    },
    {
      "date": "2022-06-30T00:00:00",
      "quarter_label": "2022-06 (Q2)",
      "revenue": 561387000,
      "gross_profit": 150866000,
      "operating_income": 155964000,
      "net_income": 105005000,
      "opex": -5098000,
      "cogs": 410521000,
      "rd": null,
      "sga": null,
      "fcf": 109888000,
      "ocf": 124802000,
      "capex": -14914000,
      "gross_margin": 0.2687379650757855,
      "op_margin": 0.27781904461628076,
      "fcf_margin": 0.19574375608982753,
      "incr_op_margin_yoy": 0.2509197939661516,
      "rev_growth_yoy": 0.17995459991172205,
      "rev_growth_yoy_accel": -0.023408619644237433,
      "op_leverage_ratio": Infinity,
      "fcf_margin_change": 0.02784943075342161
    },
    {
      "date": "2022-09-30T00:00:00",
      "quarter_label": "2022-09 (Q3)",
      "revenue": 605068000,
      "gross_profit": 194239000,
      "operating_income": 201395000,
      "net_income": 138995000,
      "opex": -7156000,
      "cogs": 410829000,
      "rd": null,
      "sga": null,
      "fcf": 147308000,
      "ocf": 175643000,
      "capex": -28335000,
      "gross_margin": 0.3210201167472086,
      "op_margin": 0.33284688663092415,
      "fcf_margin": 0.24345693376612215,
      "incr_op_margin_yoy": 0.39627152054018916,
      "rev_growth_yoy": 0.18712011520637872,
      "rev_growth_yoy_accel": 0.007165515294656671,
      "op_leverage_ratio": 0.19274569261825678,
      "fcf_margin_change": 0.04771317767629463
    },
    {
      "date": "2022-12-31T00:00:00",
      "quarter_label": "2022-12 (Q4)",
      "revenue": 511487000,
      "gross_profit": 158770000,
      "operating_income": 170147000,
      "net_income": 117184000,
      "opex": -11377000,
      "cogs": 352717000,
      "rd": null,
      "sga": null,
      "fcf": 161964000,
      "ocf": 179666000,
      "capex": -17702000,
      "gross_margin": 0.31040867118812404,
      "op_margin": 0.3326516607460209,
      "fcf_margin": 0.31665320917247164,
      "incr_op_margin_yoy": 0.47390104231038604,
      "rev_growth_yoy": 0.10486433476404121,
      "rev_growth_yoy_accel": -0.08225578044233751,
      "fcf_margin_change": 0.07319627540634949
    },
    {
      "date": "2023-03-31T00:00:00",
      "quarter_label": "2023-03 (Q1)",
      "revenue": 470127000,
      "gross_profit": 135391000,
      "operating_income": 147234000,
      "net_income": 100356000,
      "opex": -11843000,
      "cogs": 334736000,
      "rd": null,
      "sga": null,
      "fcf": 12423000,
      "ocf": 61615000,
      "capex": -49192000,
      "gross_margin": 0.28798813937510503,
      "op_margin": 0.3131792047680733,
      "fcf_margin": 0.026424774582187366,
      "incr_op_margin_yoy": 0.7078582704788634,
      "rev_growth_yoy": 0.1379996465892229,
      "rev_growth_yoy_accel": 0.03313531182518169,
      "fcf_margin_change": -0.29022843459028425
    },
    {
      "date": "2023-06-30T00:00:00",
      "quarter_label": "2023-06 (Q2)",
      "revenue": 601521000,
      "gross_profit": 175995000,
      "operating_income": 179154000,
      "net_income": 120849000,
      "opex": -3159000,
      "cogs": 425526000,
      "rd": null,
      "sga": null,
      "fcf": 104488000,
      "ocf": 140487000,
      "capex": -35999000,
      "gross_margin": 0.2925833013311256,
      "op_margin": 0.2978349883046477,
      "fcf_margin": 0.17370632114257026,
      "incr_op_margin_yoy": 0.5778143220212288,
      "rev_growth_yoy": 0.07149078977603684,
      "rev_growth_yoy_accel": -0.06650885681318605,
      "op_leverage_ratio": Infinity,
      "fcf_margin_change": 0.1472815465603829
    },
    {
      "date": "2023-09-30T00:00:00",
      "quarter_label": "2023-09 (Q3)",
      "revenue": 622236000,
      "gross_profit": 209018000,
      "operating_income": 219364000,
      "net_income": 150553000,
      "opex": -10346000,
      "cogs": 413218000,
      "rd": null,
      "sga": null,
      "fcf": 142898000,
      "ocf": 172352000,
      "capex": -29454000,
      "gross_margin": 0.33591434761087435,
      "op_margin": 0.3525414794386696,
      "fcf_margin": 0.2296524148393857,
      "incr_op_margin_yoy": 1.046656570363467,
      "rev_growth_yoy": 0.028373670397376823,
      "rev_growth_yoy_accel": -0.04311711937866002,
      "op_leverage_ratio": 0.015136871525881553,
      "fcf_margin_change": 0.05594609369681544
    },
    {
      "date": "2023-12-31T00:00:00",
      "quarter_label": "2023-12 (Q4)",
      "revenue": 558833000,
      "gross_profit": 180628000,
      "operating_income": 189913000,
      "net_income": 129138000,
      "opex": -9285000,
      "cogs": 378205000,
      "rd": null,
      "sga": null,
      "fcf": 165315000,
      "ocf": 187710000,
      "capex": -22395000,
      "gross_margin": 0.32322357484257375,
      "op_margin": 0.33983855642025435,
      "fcf_margin": 0.2958218287037451,
      "incr_op_margin_yoy": 0.41747982934144384,
      "rev_growth_yoy": 0.0925654024442459,
      "rev_growth_yoy_accel": 0.06419173204686907,
      "fcf_margin_change": 0.06616941386435943
    },
    {
      "date": "2024-03-31T00:00:00",
      "quarter_label": "2024-03 (Q1)",
      "revenue": 476707000,
      "gross_profit": 119680000,
      "operating_income": 128471000,
      "net_income": 77099000,
      "opex": -8791000,
      "cogs": 357027000,
      "rd": null,
      "sga": null,
      "fcf": 30932000,
      "ocf": 63389000,
      "capex": -32457000,
      "gross_margin": 0.2510556799040081,
      "op_margin": 0.269496776846155,
      "fcf_margin": 0.06488681726930798,
      "incr_op_margin_yoy": -2.851519756838906,
      "rev_growth_yoy": 0.0139962180432096,
      "rev_growth_yoy_accel": -0.0785691844010363,
      "fcf_margin_change": -0.23093501143443715
    },
    {
      "date": "2024-06-30T00:00:00",
      "quarter_label": "2024-06 (Q2)",
      "revenue": 608689000,
      "gross_profit": 186868000,
      "operating_income": 194584000,
      "net_income": 133842000,
      "opex": -7716000,
      "cogs": 421821000,
      "rd": null,
      "sga": null,
      "fcf": 99508000,
      "ocf": 132636000,
      "capex": -33128000,
      "gross_margin": 0.30700078365142136,
      "op_margin": 0.3196772079009149,
      "fcf_margin": 0.1634792151657086,
      "incr_op_margin_yoy": 2.152622767857143,
      "rev_growth_yoy": 0.011916458444509835,
      "rev_growth_yoy_accel": -0.0020797595986997656,
      "op_leverage_ratio": Infinity,
      "fcf_margin_change": 0.09859239789640062
    },
    {
      "date": "2024-09-30T00:00:00",
      "quarter_label": "2024-09 (Q3)",
      "revenue": 623619000,
      "gross_profit": 203844000,
      "operating_income": 213120000,
      "net_income": 143520000,
      "opex": -9276000,
      "cogs": 419775000,
      "rd": null,
      "sga": null,
      "fcf": 166785000,
      "ocf": 233262000,
      "capex": -66477000,
      "gross_margin": 0.3268726578247295,
      "op_margin": 0.3417471244461763,
      "fcf_margin": 0.2674469507824489,
      "incr_op_margin_yoy": -4.514822848879248,
      "rev_growth_yoy": 0.0022226293560642586,
      "rev_growth_yoy_accel": -0.009693829088445577,
      "op_leverage_ratio": 0.12131988079803796,
      "fcf_margin_change": 0.1039677356167403
    },
    {
      "date": "2024-12-31T00:00:00",
      "quarter_label": "2024-12 (Q4)",
      "revenue": 558025000,
      "gross_profit": 177813000,
      "operating_income": 182800000,
      "net_income": 119574000,
      "opex": -4987000,
      "cogs": 380212000,
      "rd": null,
      "sga": null,
      "fcf": 72512000,
      "ocf": 119882000,
      "capex": -47370000,
      "gross_margin": 0.31864701402266926,
      "op_margin": 0.3275838896106805,
      "fcf_margin": 0.12994399892477937,
      "rev_growth_yoy": -0.001445870233146575,
      "rev_growth_yoy_accel": -0.0036684995892108337,
      "fcf_margin_change": -0.13750295185766953
    },
    {
      "date": "2025-03-31T00:00:00",
      "quarter_label": "2025-03 (Q1)",
      "revenue": 470175000,
      "gross_profit": 104612000,
      "operating_income": null,
      "net_income": 66480000,
      "opex": null,
      "cogs": 365563000,
      "rd": null,
      "sga": null,
      "fcf": 14462000,
      "ocf": 62768000,
      "capex": -48306000,
      "gross_margin": 0.22249587919391717,
      "op_margin": null,
      "fcf_margin": 0.03075876003615675,
      "rev_growth_yoy": -0.013702337074974775,
      "rev_growth_yoy_accel": -0.0122564668418282,
      "fcf_margin_change": -0.09918523888862261
    },
    {
      "date": "2025-06-30T00:00:00",
      "quarter_label": "2025-06 (Q2)",
      "revenue": 634690000,
      "gross_profit": 185599000,
      "operating_income": null,
      "net_income": 123362000,
      "opex": null,
      "cogs": 449091000,
      "rd": null,
      "sga": null,
      "fcf": 60537000,
      "ocf": 136634000,
      "capex": -76097000,
      "gross_margin": 0.2924246482534781,
      "op_margin": null,
      "fcf_margin": 0.09538042193826908,
      "rev_growth_yoy": 0.04271639540060688,
      "rev_growth_yoy_accel": 0.05641873247558166,
      "fcf_margin_change": 0.06462166190211233
    },
    {
      "date": "2025-09-30T00:00:00",
      "quarter_label": "2025-09 (Q3)",
      "revenue": 638906000,
      "gross_profit": 199712000,
      "operating_income": null,
      "net_income": 137383000,
      "opex": null,
      "cogs": 439194000,
      "rd": null,
      "sga": null,
      "fcf": 96059000,
      "ocf": 204597000,
      "capex": -108538000,
      "gross_margin": 0.3125843238285444,
      "op_margin": null,
      "fcf_margin": 0.15034919064776353,
      "rev_growth_yoy": 0.024513364730708975,
      "rev_growth_yoy_accel": -0.018203030669897903,
      "fcf_margin_change": 0.05496876870949445
    },
    {
      "date": "2025-12-31T00:00:00",
      "quarter_label": "2025-12 (Q4)",
      "revenue": 555956000,
      "gross_profit": 160906000,
      "operating_income": null,
      "net_income": 102903000,
      "opex": null,
      "cogs": 395050000,
      "rd": null,
      "sga": null,
      "fcf": 60754000,
      "ocf": 170799000,
      "capex": -110045000,
      "gross_margin": 0.28942218448942003,
      "op_margin": null,
      "fcf_margin": 0.1092784321061379,
      "rev_growth_yoy": -0.0037077191882084136,
      "rev_growth_yoy_accel": -0.028221083918917388,
      "fcf_margin_change": -0.04107075854162563
    }
  ],
  "signals": [
    {
      "quarter": "2025-09 (Q3)",
      "signal": "FCF MARGIN EXPANSION",
      "detail": "FCF margin: +9.5% -> +15.0% (+5.5%)",
      "severity": "MEDIUM"
    },
    {
      "quarter": "2025-06 (Q2)",
      "signal": "FCF MARGIN EXPANSION",
      "detail": "FCF margin: +3.1% -> +9.5% (+6.5%)",
      "severity": "MEDIUM"
    },
    {
      "quarter": "2025-06 (Q2)",
      "signal": "GROSS MARGIN INFLECTION",
      "detail": "GM: +31.9% -> +22.2% -> +29.2% (reversal +7.0%)",
      "severity": "HIGH"
    },
    {
      "quarter": "2025-06 (Q2)",
      "signal": "YoY REVENUE GROWTH ACCELERATION",
      "detail": "YoY growth: +4.3% vs prior quarter YoY: -1.4% (accel: +5.6%)",
      "severity": "MEDIUM"
    },
    {
      "quarter": "2024-09 (Q3)",
      "signal": "FCF MARGIN EXPANSION",
      "detail": "FCF margin: +16.3% -> +26.7% (+10.4%)",
      "severity": "MEDIUM"
    },
    {
      "quarter": "2024-06 (Q2)",
      "signal": "FCF MARGIN EXPANSION",
      "detail": "FCF margin: +6.5% -> +16.3% (+9.9%)",
      "severity": "MEDIUM"
    },
    {
      "quarter": "2024-06 (Q2)",
      "signal": "GROSS MARGIN INFLECTION",
      "detail": "GM: +32.3% -> +25.1% -> +30.7% (reversal +5.6%)",
      "severity": "HIGH"
    },
    {
      "quarter": "2024-06 (Q2)",
      "signal": "INCREMENTAL MARGIN (YoY)",
      "detail": "YoY Incr OPM: +215.3% vs year-ago OPM: +29.8%",
      "severity": "HIGH"
    },
    {
      "quarter": "2024-03 (Q1)",
      "signal": "YoY REVENUE GROWTH DECELERATION",
      "detail": "YoY growth: +1.4% vs prior quarter YoY: +9.3% (decel: -7.9%)",
      "severity": "WARNING"
    },
    {
      "quarter": "2023-12 (Q4)",
      "signal": "FCF MARGIN EXPANSION",
      "detail": "FCF margin: +23.0% -> +29.6% (+6.6%)",
      "severity": "MEDIUM"
    },
    {
      "quarter": "2023-12 (Q4)",
      "signal": "YoY REVENUE GROWTH ACCELERATION",
      "detail": "YoY growth: +9.3% vs prior quarter YoY: +2.8% (accel: +6.4%)",
      "severity": "MEDIUM"
    },
    {
      "quarter": "2023-09 (Q3)",
      "signal": "FCF MARGIN EXPANSION",
      "detail": "FCF margin: +17.4% -> +23.0% (+5.6%)",
      "severity": "MEDIUM"
    },
    {
      "quarter": "2023-09 (Q3)",
      "signal": "INCREMENTAL MARGIN (YoY)",
      "detail": "YoY Incr OPM: +104.7% vs year-ago OPM: +33.3%",
      "severity": "HIGH"
    },
    {
      "quarter": "2023-06 (Q2)",
      "signal": "FCF MARGIN EXPANSION",
      "detail": "FCF margin: +2.6% -> +17.4% (+14.7%)",
      "severity": "MEDIUM"
    },
    {
      "quarter": "2023-06 (Q2)",
      "signal": "YoY REVENUE GROWTH DECELERATION",
      "detail": "YoY growth: +7.1% vs prior quarter YoY: +13.8% (decel: -6.7%)",
      "severity": "WARNING"
    },
    {
      "quarter": "2023-06 (Q2)",
      "signal": "INCREMENTAL MARGIN (YoY)",
      "detail": "YoY Incr OPM: +57.8% vs year-ago OPM: +27.8%",
      "severity": "HIGH"
    },
    {
      "quarter": "2023-03 (Q1)",
      "signal": "INCREMENTAL MARGIN (YoY)",
      "detail": "YoY Incr OPM: +70.8% vs year-ago OPM: +25.9%",
      "severity": "HIGH"
    },
    {
      "quarter": "2022-12 (Q4)",
      "signal": "FCF MARGIN EXPANSION",
      "detail": "FCF margin: +24.3% -> +31.7% (+7.3%)",
      "severity": "MEDIUM"
    },
    {
      "quarter": "2022-12 (Q4)",
      "signal": "YoY REVENUE GROWTH DECELERATION",
      "detail": "YoY growth: +10.5% vs prior quarter YoY: +18.7% (decel: -8.2%)",
      "severity": "WARNING"
    },
    {
      "quarter": "2022-12 (Q4)",
      "signal": "INCREMENTAL MARGIN (YoY)",
      "detail": "YoY Incr OPM: +47.4% vs year-ago OPM: +31.8%",
      "severity": "MEDIUM"
    },
    {
      "quarter": "2022-06 (Q2)",
      "signal": "GROSS MARGIN INFLECTION",
      "detail": "GM: +29.9% -> +24.0% -> +26.9% (reversal +2.9%)",
      "severity": "MEDIUM"
    },
    {
      "quarter": "2022-03 (Q1)",
      "signal": "INCREMENTAL MARGIN (YoY)",
      "detail": "YoY Incr OPM: +40.2% vs year-ago OPM: +23.0%",
      "severity": "MEDIUM"
    },
    {
      "quarter": "2021-09 (Q3)",
      "signal": "FCF MARGIN EXPANSION",
      "detail": "FCF margin: +20.8% -> +26.6% (+5.7%)",
      "severity": "MEDIUM"
    },
    {
      "quarter": "2021-09 (Q3)",
      "signal": "OPERATING LEVERAGE",
      "detail": "Rev growth +7.1% vs OpEx growth +3.6% (leverage: 2.0x)",
      "severity": "MEDIUM"
    }
  ],
  "data_quality": {
    "n_quarters": 20,
    "coverage": {
      "revenue": [
        20,
        20
      ],
      "gross_profit": [
        20,
        20
      ],
      "op_income": [
        16,
        20
      ],
      "fcf": [
        20,
        20
      ]
    },
    "gaps": [],
    "warnings": []
  },
  "market_cap": null,
  "source": "SEC EDGAR",
  "last_updated": "2026-02-02T20:50:13.968513",
  "sector": "Basic Materials",
  "industry": "Building Materials"
}