{
  "ticker": "EXPD",
  "name": "EXPEDITORS INTERNATIONAL OF WASHINGTON, INC.",
  "quarters": [
    {
      "date": "2020-12-31T00:00:00",
      "quarter_label": "2020-12 (Q4)",
      "revenue": 3169188000,
      "gross_profit": null,
      "operating_income": 281811000,
      "net_income": 198620000,
      "opex": 2887377000,
      "cogs": null,
      "rd": null,
      "sga": null,
      "fcf": 141660000,
      "ocf": 141660000,
      "capex": null,
      "gross_margin": null,
      "op_margin": 0.0889221466192602,
      "fcf_margin": 0.044699146910817535
    },
    {
      "date": "2021-03-31T00:00:00",
      "quarter_label": "2021-03 (Q1)",
      "revenue": 3357540000,
      "gross_profit": null,
      "operating_income": 385515000,
      "net_income": 287220000,
      "opex": 2972025000,
      "cogs": null,
      "rd": null,
      "sga": null,
      "fcf": 355829000,
      "ocf": 355829000,
      "capex": null,
      "gross_margin": null,
      "op_margin": 0.11482067227791776,
      "fcf_margin": 0.10597907992160928,
      "op_leverage_ratio": 2.027258007749375,
      "fcf_margin_change": 0.061279933010791744
    },
    {
      "date": "2021-06-30T00:00:00",
      "quarter_label": "2021-06 (Q2)",
      "revenue": 3609093000,
      "gross_profit": null,
      "operating_income": 410645000,
      "net_income": 316372000,
      "opex": 3198448000,
      "cogs": null,
      "rd": null,
      "sga": null,
      "fcf": 30297000,
      "ocf": 30297000,
      "capex": null,
      "gross_margin": null,
      "op_margin": 0.11378066456032028,
      "fcf_margin": 0.008394629897317691,
      "op_leverage_ratio": 0.9834226886247109,
      "fcf_margin_change": -0.09758445002429159
    },
    {
      "date": "2021-09-30T00:00:00",
      "quarter_label": "2021-09 (Q3)",
      "revenue": 4319261000,
      "gross_profit": null,
      "operating_income": 489637000,
      "net_income": 359068000,
      "opex": 3829624000,
      "cogs": null,
      "rd": null,
      "sga": null,
      "fcf": 177371000,
      "ocf": 177371000,
      "capex": null,
      "gross_margin": null,
      "op_margin": 0.11336129027627642,
      "fcf_margin": 0.041065126650137604,
      "op_leverage_ratio": 0.9971301396290836,
      "fcf_margin_change": 0.03267049675281991
    },
    {
      "date": "2021-12-31T00:00:00",
      "quarter_label": "2021-12 (Q4)",
      "revenue": 5396343000,
      "gross_profit": null,
      "operating_income": 623529000,
      "net_income": 452832000,
      "opex": 4772814000,
      "cogs": null,
      "rd": null,
      "sga": null,
      "fcf": 304997000,
      "ocf": 304997000,
      "capex": null,
      "gross_margin": null,
      "op_margin": 0.11554658404775234,
      "fcf_margin": 0.05651920198549277,
      "incr_op_margin_yoy": 0.15343251816779704,
      "rev_growth_yoy": 0.7027525662724963,
      "op_leverage_ratio": 1.012502883561793,
      "fcf_margin_change": 0.015454075335355165
    },
    {
      "date": "2022-03-31T00:00:00",
      "quarter_label": "2022-03 (Q1)",
      "revenue": 4664298000,
      "gross_profit": null,
      "operating_income": 461760000,
      "net_income": 346109000,
      "opex": 4202538000,
      "cogs": null,
      "rd": null,
      "sga": null,
      "fcf": 413946000,
      "ocf": 413946000,
      "capex": null,
      "gross_margin": null,
      "op_margin": 0.0989988204012694,
      "fcf_margin": 0.0887477601130974,
      "incr_op_margin_yoy": 0.05834668699177659,
      "rev_growth_yoy": 0.38920102217695096,
      "rev_growth_yoy_accel": -0.3135515440955453,
      "fcf_margin_change": 0.03222855812760463
    },
    {
      "date": "2022-06-30T00:00:00",
      "quarter_label": "2022-06 (Q2)",
      "revenue": 4603312000,
      "gross_profit": null,
      "operating_income": 505982000,
      "net_income": 377805000,
      "opex": 4097330000,
      "cogs": null,
      "rd": null,
      "sga": null,
      "fcf": 558646000,
      "ocf": 558646000,
      "capex": null,
      "gross_margin": null,
      "op_margin": 0.10991694675485825,
      "fcf_margin": 0.12135740527689629,
      "incr_op_margin_yoy": 0.09589134788210646,
      "rev_growth_yoy": 0.2754761376334719,
      "rev_growth_yoy_accel": -0.11372488454347907,
      "fcf_margin_change": 0.032609645163798884
    },
    {
      "date": "2022-09-30T00:00:00",
      "quarter_label": "2022-09 (Q3)",
      "revenue": 4362146000,
      "gross_profit": null,
      "operating_income": 526923000,
      "net_income": 414209000,
      "opex": 3835223000,
      "cogs": null,
      "rd": null,
      "sga": null,
      "fcf": 670384000,
      "ocf": 670384000,
      "capex": null,
      "gross_margin": null,
      "op_margin": 0.12079444383567171,
      "fcf_margin": 0.153682155526202,
      "incr_op_margin_yoy": 0.8694415296723796,
      "rev_growth_yoy": 0.009928781798553039,
      "rev_growth_yoy_accel": -0.26554735583491884,
      "fcf_margin_change": 0.03232475024930573
    },
    {
      "date": "2022-12-31T00:00:00",
      "quarter_label": "2022-12 (Q4)",
      "revenue": 3441528000,
      "gross_profit": null,
      "operating_income": 329706000,
      "net_income": 219276000,
      "opex": 3111822000,
      "cogs": null,
      "rd": null,
      "sga": null,
      "fcf": 486699000,
      "ocf": 486699000,
      "capex": null,
      "gross_margin": null,
      "op_margin": 0.09580221343542752,
      "fcf_margin": 0.14141945089506755,
      "incr_op_margin_yoy": 0.15030731808380846,
      "rev_growth_yoy": -0.3622481002412189,
      "rev_growth_yoy_accel": -0.37217688203977195,
      "fcf_margin_change": -0.012262704631134463
    },
    {
      "date": "2023-03-31T00:00:00",
      "quarter_label": "2023-03 (Q1)",
      "revenue": 2592589000,
      "gross_profit": null,
      "operating_income": 275969000,
      "net_income": 226011000,
      "opex": 2316620000,
      "cogs": null,
      "rd": null,
      "sga": null,
      "fcf": 546412000,
      "ocf": 546412000,
      "capex": null,
      "gross_margin": null,
      "op_margin": 0.1064453332171046,
      "fcf_margin": 0.21075920633775735,
      "incr_op_margin_yoy": 0.08968006607105534,
      "rev_growth_yoy": -0.4441630873499077,
      "rev_growth_yoy_accel": -0.08191498710868883,
      "fcf_margin_change": 0.0693397554426898
    },
    {
      "date": "2023-06-30T00:00:00",
      "quarter_label": "2023-06 (Q2)",
      "revenue": 2239752000,
      "gross_profit": null,
      "operating_income": 248497000,
      "net_income": 196800000,
      "opex": 1991255000,
      "cogs": null,
      "rd": null,
      "sga": null,
      "fcf": 158446000,
      "ocf": 158446000,
      "capex": null,
      "gross_margin": null,
      "op_margin": 0.11094844429204662,
      "fcf_margin": 0.07074265365093993,
      "incr_op_margin_yoy": 0.10893948112169778,
      "rev_growth_yoy": -0.513447708953901,
      "rev_growth_yoy_accel": -0.06928462160399329,
      "fcf_margin_change": -0.14001655268681742
    },
    {
      "date": "2023-09-30T00:00:00",
      "quarter_label": "2023-09 (Q3)",
      "revenue": 2190001000,
      "gross_profit": null,
      "operating_income": 216069000,
      "net_income": 171353000,
      "opex": 1973932000,
      "cogs": null,
      "rd": null,
      "sga": null,
      "fcf": 189980000,
      "ocf": 189980000,
      "capex": null,
      "gross_margin": null,
      "op_margin": 0.09866159878465809,
      "fcf_margin": 0.08674881883615579,
      "incr_op_margin_yoy": 0.1431092307373587,
      "rev_growth_yoy": -0.4979533009670011,
      "rev_growth_yoy_accel": 0.015494407986899938,
      "fcf_margin_change": 0.01600616518521586
    },
    {
      "date": "2023-12-31T00:00:00",
      "quarter_label": "2023-12 (Q4)",
      "revenue": 2277768000,
      "gross_profit": null,
      "operating_income": 199398000,
      "net_income": 158719000,
      "opex": 2078370000,
      "cogs": null,
      "rd": null,
      "sga": null,
      "fcf": 158353000,
      "ocf": 158353000,
      "capex": null,
      "gross_margin": null,
      "op_margin": 0.087540961151443,
      "fcf_margin": 0.06952112770045062,
      "incr_op_margin_yoy": 0.11197154052381934,
      "rev_growth_yoy": -0.3381521231267042,
      "rev_growth_yoy_accel": 0.1598011778402969,
      "op_leverage_ratio": 0.7574615318128164,
      "fcf_margin_change": -0.017227691135705173
    },
    {
      "date": "2024-03-31T00:00:00",
      "quarter_label": "2024-03 (Q1)",
      "revenue": 2206678000,
      "gross_profit": null,
      "operating_income": 214776000,
      "net_income": 169152000,
      "opex": 1991902000,
      "cogs": null,
      "rd": null,
      "sga": null,
      "fcf": 256904000,
      "ocf": 256904000,
      "capex": null,
      "gross_margin": null,
      "op_margin": 0.09733001371292051,
      "fcf_margin": 0.11642115433243999,
      "incr_op_margin_yoy": 0.15856764901751957,
      "rev_growth_yoy": -0.14885159198006317,
      "rev_growth_yoy_accel": 0.189300531146641,
      "fcf_margin_change": 0.046900026631989375
    },
    {
      "date": "2024-06-30T00:00:00",
      "quarter_label": "2024-06 (Q2)",
      "revenue": 2439001000,
      "gross_profit": null,
      "operating_income": 223919000,
      "net_income": 175469000,
      "opex": 2215082000,
      "cogs": null,
      "rd": null,
      "sga": null,
      "fcf": 126769000,
      "ocf": 126769000,
      "capex": null,
      "gross_margin": null,
      "op_margin": 0.09180767043555947,
      "fcf_margin": 0.051975788447811214,
      "incr_op_margin_yoy": -0.12335319123308022,
      "rev_growth_yoy": 0.08896029560415618,
      "rev_growth_yoy_accel": 0.23781188758421934,
      "op_leverage_ratio": 0.9396496067038855,
      "fcf_margin_change": -0.06444536588462878
    },
    {
      "date": "2024-09-30T00:00:00",
      "quarter_label": "2024-09 (Q3)",
      "revenue": 3000131000,
      "gross_profit": null,
      "operating_income": 301524000,
      "net_income": 229574000,
      "opex": 2698607000,
      "cogs": null,
      "rd": null,
      "sga": null,
      "fcf": 89972000,
      "ocf": 89972000,
      "capex": null,
      "gross_margin": null,
      "op_margin": 0.10050361134230472,
      "fcf_margin": 0.029989357131405263,
      "incr_op_margin_yoy": 0.10548307061829583,
      "rev_growth_yoy": 0.3699222055149747,
      "rev_growth_yoy_accel": 0.2809619099108185,
      "op_leverage_ratio": 1.053955766275776,
      "fcf_margin_change": -0.02198643131640595
    },
    {
      "date": "2024-12-31T00:00:00",
      "quarter_label": "2024-12 (Q4)",
      "revenue": 2954705000,
      "gross_profit": null,
      "operating_income": 301104000,
      "net_income": 235878000,
      "opex": 2653601000,
      "cogs": null,
      "rd": null,
      "sga": null,
      "fcf": 249716000,
      "ocf": 249716000,
      "capex": null,
      "gross_margin": null,
      "op_margin": 0.10190662011943663,
      "fcf_margin": 0.08451469774478332,
      "incr_op_margin_yoy": 0.1502444097456632,
      "rev_growth_yoy": 0.2971931294144092,
      "rev_growth_yoy_accel": -0.0727290761005655,
      "fcf_margin_change": 0.054525340613378055
    },
    {
      "date": "2025-03-31T00:00:00",
      "quarter_label": "2025-03 (Q1)",
      "revenue": 2666419000,
      "gross_profit": null,
      "operating_income": 265858000,
      "net_income": 203795000,
      "opex": 2400561000,
      "cogs": null,
      "rd": null,
      "sga": null,
      "fcf": 342622000,
      "ocf": 342622000,
      "capex": null,
      "gross_margin": null,
      "op_margin": 0.09970601019569693,
      "fcf_margin": 0.1284951839902131,
      "incr_op_margin_yoy": 0.11111038606519757,
      "rev_growth_yoy": 0.2083407728721635,
      "rev_growth_yoy_accel": -0.08885235654224569,
      "fcf_margin_change": 0.04398048624542977
    },
    {
      "date": "2025-06-30T00:00:00",
      "quarter_label": "2025-06 (Q2)",
      "revenue": 2651885000,
      "gross_profit": null,
      "operating_income": 247736000,
      "net_income": 183574000,
      "opex": 2404149000,
      "cogs": null,
      "rd": null,
      "sga": null,
      "fcf": 179212000,
      "ocf": 179212000,
      "capex": null,
      "gross_margin": null,
      "op_margin": 0.0934188322645967,
      "fcf_margin": 0.06757909939533577,
      "incr_op_margin_yoy": 0.11187783017981624,
      "rev_growth_yoy": 0.08728327704662688,
      "rev_growth_yoy_accel": -0.12105749582553661,
      "fcf_margin_change": -0.06091608459487732
    },
    {
      "date": "2025-09-30T00:00:00",
      "quarter_label": "2025-09 (Q3)",
      "revenue": 2894751000,
      "gross_profit": null,
      "operating_income": 288042000,
      "net_income": 222256000,
      "opex": 2606709000,
      "cogs": null,
      "rd": null,
      "sga": null,
      "fcf": 201368000,
      "ocf": 201368000,
      "capex": null,
      "gross_margin": null,
      "op_margin": 0.09950493151224406,
      "fcf_margin": 0.06956315068204484,
      "incr_op_margin_yoy": 0.1279369899411653,
      "rev_growth_yoy": -0.03512513286919804,
      "rev_growth_yoy_accel": -0.12240840991582491,
      "op_leverage_ratio": 1.086975423989072,
      "fcf_margin_change": 0.0019840512867090737
    }
  ],
  "signals": [
    {
      "quarter": "2025-09 (Q3)",
      "signal": "YoY REVENUE GROWTH DECELERATION",
      "detail": "YoY growth: -3.5% vs prior quarter YoY: +8.7% (decel: -12.2%)",
      "severity": "WARNING"
    },
    {
      "quarter": "2025-06 (Q2)",
      "signal": "YoY REVENUE GROWTH DECELERATION",
      "detail": "YoY growth: +8.7% vs prior quarter YoY: +20.8% (decel: -12.1%)",
      "severity": "WARNING"
    },
    {
      "quarter": "2025-03 (Q1)",
      "signal": "YoY REVENUE GROWTH DECELERATION",
      "detail": "YoY growth: +20.8% vs prior quarter YoY: +29.7% (decel: -8.9%)",
      "severity": "WARNING"
    },
    {
      "quarter": "2024-12 (Q4)",
      "signal": "FCF MARGIN EXPANSION",
      "detail": "FCF margin: +3.0% -> +8.5% (+5.5%)",
      "severity": "MEDIUM"
    },
    {
      "quarter": "2024-12 (Q4)",
      "signal": "YoY REVENUE GROWTH DECELERATION",
      "detail": "YoY growth: +29.7% vs prior quarter YoY: +37.0% (decel: -7.3%)",
      "severity": "WARNING"
    },
    {
      "quarter": "2024-09 (Q3)",
      "signal": "YoY REVENUE GROWTH ACCELERATION",
      "detail": "YoY growth: +37.0% vs prior quarter YoY: +8.9% (accel: +28.1%)",
      "severity": "HIGH"
    },
    {
      "quarter": "2024-06 (Q2)",
      "signal": "YoY REVENUE GROWTH ACCELERATION",
      "detail": "YoY growth: +8.9% vs prior quarter YoY: -14.9% (accel: +23.8%)",
      "severity": "HIGH"
    },
    {
      "quarter": "2024-03 (Q1)",
      "signal": "YoY REVENUE GROWTH ACCELERATION",
      "detail": "YoY growth: -14.9% vs prior quarter YoY: -33.8% (accel: +18.9%)",
      "severity": "HIGH"
    },
    {
      "quarter": "2023-12 (Q4)",
      "signal": "YoY REVENUE GROWTH ACCELERATION",
      "detail": "YoY growth: -33.8% vs prior quarter YoY: -49.8% (accel: +16.0%)",
      "severity": "HIGH"
    },
    {
      "quarter": "2023-06 (Q2)",
      "signal": "YoY REVENUE GROWTH DECELERATION",
      "detail": "YoY growth: -51.3% vs prior quarter YoY: -44.4% (decel: -6.9%)",
      "severity": "WARNING"
    },
    {
      "quarter": "2023-03 (Q1)",
      "signal": "FCF MARGIN EXPANSION",
      "detail": "FCF margin: +14.1% -> +21.1% (+6.9%)",
      "severity": "MEDIUM"
    },
    {
      "quarter": "2023-03 (Q1)",
      "signal": "YoY REVENUE GROWTH DECELERATION",
      "detail": "YoY growth: -44.4% vs prior quarter YoY: -36.2% (decel: -8.2%)",
      "severity": "WARNING"
    },
    {
      "quarter": "2022-12 (Q4)",
      "signal": "YoY REVENUE GROWTH DECELERATION",
      "detail": "YoY growth: -36.2% vs prior quarter YoY: +1.0% (decel: -37.2%)",
      "severity": "WARNING"
    },
    {
      "quarter": "2022-09 (Q3)",
      "signal": "YoY REVENUE GROWTH DECELERATION",
      "detail": "YoY growth: +1.0% vs prior quarter YoY: +27.5% (decel: -26.6%)",
      "severity": "WARNING"
    },
    {
      "quarter": "2022-09 (Q3)",
      "signal": "INCREMENTAL MARGIN (YoY)",
      "detail": "YoY Incr OPM: +86.9% vs year-ago OPM: +11.3%",
      "severity": "HIGH"
    },
    {
      "quarter": "2022-06 (Q2)",
      "signal": "YoY REVENUE GROWTH DECELERATION",
      "detail": "YoY growth: +27.5% vs prior quarter YoY: +38.9% (decel: -11.4%)",
      "severity": "WARNING"
    },
    {
      "quarter": "2022-03 (Q1)",
      "signal": "YoY REVENUE GROWTH DECELERATION",
      "detail": "YoY growth: +38.9% vs prior quarter YoY: +70.3% (decel: -31.4%)",
      "severity": "WARNING"
    },
    {
      "quarter": "2021-03 (Q1)",
      "signal": "FCF MARGIN EXPANSION",
      "detail": "FCF margin: +4.5% -> +10.6% (+6.1%)",
      "severity": "MEDIUM"
    },
    {
      "quarter": "2021-03 (Q1)",
      "signal": "OPERATING LEVERAGE",
      "detail": "Rev growth +5.9% vs OpEx growth +2.9% (leverage: 2.0x)",
      "severity": "MEDIUM"
    }
  ],
  "data_quality": {
    "n_quarters": 20,
    "coverage": {
      "revenue": [
        20,
        20
      ],
      "gross_profit": [
        0,
        20
      ],
      "op_income": [
        20,
        20
      ],
      "fcf": [
        20,
        20
      ]
    },
    "gaps": [],
    "warnings": [
      "gross_profit: no data"
    ]
  },
  "market_cap": null,
  "source": "SEC EDGAR",
  "last_updated": "2026-02-02T20:17:14.933452",
  "sector": "Industrials",
  "industry": "Integrated Freight & Logistics"
}