{
  "ticker": "EXPI",
  "name": "EXP WORLD HOLDINGS,\u00a0INC.",
  "quarters": [
    {
      "date": "2020-12-31T00:00:00",
      "quarter_label": "2020-12 (Q4)",
      "revenue": 609322000,
      "gross_profit": null,
      "operating_income": 7834000,
      "net_income": 7721000,
      "opex": 601488000,
      "cogs": null,
      "rd": null,
      "sga": null,
      "fcf": 27708000,
      "ocf": 30453000,
      "capex": -2745000,
      "gross_margin": null,
      "op_margin": 0.012856913093569573,
      "fcf_margin": 0.04547349348948503
    },
    {
      "date": "2021-03-31T00:00:00",
      "quarter_label": "2021-03 (Q1)",
      "revenue": 583833000,
      "gross_profit": null,
      "operating_income": 4929000,
      "net_income": 4846000,
      "opex": 578904000,
      "cogs": null,
      "rd": null,
      "sga": null,
      "fcf": 76662000,
      "ocf": 78919000,
      "capex": -2257000,
      "gross_margin": null,
      "op_margin": 0.008442482696250468,
      "fcf_margin": 0.13130809666462842,
      "fcf_margin_change": 0.08583460317514338
    },
    {
      "date": "2021-06-30T00:00:00",
      "quarter_label": "2021-06 (Q2)",
      "revenue": 999887000,
      "gross_profit": null,
      "operating_income": 16513000,
      "net_income": 37050000,
      "opex": 983374000,
      "cogs": null,
      "rd": null,
      "sga": null,
      "fcf": 85154000,
      "ocf": 88506000,
      "capex": -3352000,
      "gross_margin": null,
      "op_margin": 0.016514866179878327,
      "fcf_margin": 0.0851636234894543,
      "op_leverage_ratio": 1.0199556736081643,
      "fcf_margin_change": -0.04614447317517412
    },
    {
      "date": "2021-09-30T00:00:00",
      "quarter_label": "2021-09 (Q3)",
      "revenue": 1110480000,
      "gross_profit": null,
      "operating_income": 11167000,
      "net_income": 23821000,
      "opex": 1099313000,
      "cogs": null,
      "rd": null,
      "sga": null,
      "fcf": 27438000,
      "ocf": 30988000,
      "capex": -3550000,
      "gross_margin": null,
      "op_margin": 0.010056011814710756,
      "fcf_margin": 0.024708234277069377,
      "op_leverage_ratio": 0.9381361871722951,
      "fcf_margin_change": -0.06045538921238493
    },
    {
      "date": "2021-12-31T00:00:00",
      "quarter_label": "2021-12 (Q4)",
      "revenue": 1076970000,
      "gross_profit": null,
      "operating_income": 1543000,
      "net_income": 15503000,
      "opex": 1075427000,
      "cogs": null,
      "rd": null,
      "sga": null,
      "fcf": 44215000,
      "ocf": 48479000,
      "capex": -4264000,
      "gross_margin": null,
      "op_margin": 0.0014327232884852874,
      "fcf_margin": 0.04105499688942125,
      "incr_op_margin_yoy": -0.013452425756124264,
      "rev_growth_yoy": 0.7674891108477948,
      "fcf_margin_change": 0.01634676261235187
    },
    {
      "date": "2022-03-31T00:00:00",
      "quarter_label": "2022-03 (Q1)",
      "revenue": 1010731000,
      "gross_profit": null,
      "operating_income": 4442000,
      "net_income": 8882000,
      "opex": 1006289000,
      "cogs": null,
      "rd": null,
      "sga": null,
      "fcf": 106823000,
      "ocf": 111507000,
      "capex": -4684000,
      "gross_margin": null,
      "op_margin": 0.004394838982874771,
      "fcf_margin": 0.10568885291932274,
      "incr_op_margin_yoy": -0.0011407877291530998,
      "rev_growth_yoy": 0.731198818840319,
      "rev_growth_yoy_accel": -0.0362902920074758,
      "fcf_margin_change": 0.06463385602990149
    },
    {
      "date": "2022-06-30T00:00:00",
      "quarter_label": "2022-06 (Q2)",
      "revenue": 1415060000,
      "gross_profit": null,
      "operating_income": 11649000,
      "net_income": 9359000,
      "opex": 1403411000,
      "cogs": null,
      "rd": null,
      "sga": null,
      "fcf": 50398000,
      "ocf": 53791000,
      "capex": -3393000,
      "gross_margin": null,
      "op_margin": 0.008232159767077014,
      "fcf_margin": 0.035615450934942686,
      "incr_op_margin_yoy": -0.011715598075982783,
      "rev_growth_yoy": 0.41521991985094314,
      "rev_growth_yoy_accel": -0.31597889898937587,
      "op_leverage_ratio": 1.0136734785504031,
      "fcf_margin_change": -0.07007340198438006
    },
    {
      "date": "2022-09-30T00:00:00",
      "quarter_label": "2022-09 (Q3)",
      "revenue": 1238975000,
      "gross_profit": null,
      "operating_income": 26000,
      "net_income": 4402000,
      "opex": 1238949000,
      "cogs": null,
      "rd": null,
      "sga": null,
      "fcf": 20881000,
      "ocf": 22026000,
      "capex": -1145000,
      "gross_margin": null,
      "op_margin": 2.09850884803971e-05,
      "fcf_margin": 0.016853447406121998,
      "incr_op_margin_yoy": -0.08670376279232656,
      "rev_growth_yoy": 0.11571122397521792,
      "rev_growth_yoy_accel": -0.2995086958757252,
      "fcf_margin_change": -0.018762003528820688
    },
    {
      "date": "2022-12-31T00:00:00",
      "quarter_label": "2022-12 (Q4)",
      "revenue": 933395000,
      "gross_profit": null,
      "operating_income": -10709000,
      "net_income": -7201000,
      "opex": 944104000,
      "cogs": null,
      "rd": null,
      "sga": null,
      "fcf": 20382000,
      "ocf": 23211000,
      "capex": -2829000,
      "gross_margin": null,
      "op_margin": -0.011473170522661896,
      "fcf_margin": 0.021836414379764194,
      "incr_op_margin_yoy": 0.08533519066689883,
      "rev_growth_yoy": -0.13331383418293918,
      "rev_growth_yoy_accel": -0.24902505815815712,
      "fcf_margin_change": 0.0049829669736421965
    },
    {
      "date": "2023-03-31T00:00:00",
      "quarter_label": "2023-03 (Q1)",
      "revenue": 850616000,
      "gross_profit": null,
      "operating_income": -1673000,
      "net_income": 1453000,
      "opex": 852289000,
      "cogs": null,
      "rd": 14060000,
      "sga": null,
      "fcf": 54712000,
      "ocf": 56144000,
      "capex": -1432000,
      "gross_margin": null,
      "op_margin": -0.0019668099353880013,
      "fcf_margin": 0.06432044541837915,
      "incr_op_margin_yoy": 0.038191300003122756,
      "rev_growth_yoy": -0.15841504811863888,
      "rev_growth_yoy_accel": -0.025101213935699696,
      "fcf_margin_change": 0.042484031038614964
    },
    {
      "date": "2023-06-30T00:00:00",
      "quarter_label": "2023-06 (Q2)",
      "revenue": 1232927000,
      "gross_profit": 1232131000,
      "operating_income": 11097000,
      "net_income": 9422000,
      "opex": 1221830000,
      "cogs": 796000,
      "rd": 14888000,
      "sga": null,
      "fcf": 96023000,
      "ocf": 98024000,
      "capex": -2001000,
      "gross_margin": 0.9993543818896009,
      "op_margin": 0.009000532878264488,
      "fcf_margin": 0.07788214549604315,
      "incr_op_margin_yoy": 0.00303075225247484,
      "rev_growth_yoy": -0.12871044337342585,
      "rev_growth_yoy_accel": 0.029704604745213026,
      "op_leverage_ratio": 1.0365911578774971,
      "fcf_margin_change": 0.013561700077663996
    },
    {
      "date": "2023-09-30T00:00:00",
      "quarter_label": "2023-09 (Q3)",
      "revenue": 1214513000,
      "gross_profit": 1213695000,
      "operating_income": 1863000,
      "net_income": 1349000,
      "opex": 1212650000,
      "cogs": 818000,
      "rd": 15480000,
      "sga": null,
      "fcf": 21588000,
      "ocf": 22348000,
      "capex": -760000,
      "gross_margin": 0.9993264790084585,
      "op_margin": 0.0015339481751121644,
      "fcf_margin": 0.017775025874568653,
      "incr_op_margin_yoy": -0.07509606736979806,
      "rev_growth_yoy": -0.019743739784902844,
      "rev_growth_yoy_accel": 0.108966703588523,
      "fcf_margin_change": -0.0601071196214745
    },
    {
      "date": "2023-12-31T00:00:00",
      "quarter_label": "2023-12 (Q4)",
      "revenue": 983049000,
      "gross_profit": null,
      "operating_income": -27748000,
      "net_income": -21197000,
      "opex": 1010797000,
      "cogs": null,
      "rd": 15119000,
      "sga": null,
      "fcf": 31445000,
      "ocf": 32615000,
      "capex": -1170000,
      "gross_margin": null,
      "op_margin": -0.028226466839394577,
      "fcf_margin": 0.031987215286318385,
      "incr_op_margin_yoy": -0.34315463003987595,
      "rev_growth_yoy": 0.05319719947074925,
      "rev_growth_yoy_accel": 0.07294093925565209,
      "fcf_margin_change": 0.014212189411749732
    },
    {
      "date": "2024-03-31T00:00:00",
      "quarter_label": "2024-03 (Q1)",
      "revenue": 943054000,
      "gross_profit": null,
      "operating_income": -18174000,
      "net_income": -15639000,
      "opex": 961228000,
      "cogs": null,
      "rd": 14761000,
      "sga": null,
      "fcf": 59331000,
      "ocf": 60654000,
      "capex": -1323000,
      "gross_margin": null,
      "op_margin": -0.019271430904274835,
      "fcf_margin": 0.06291368256748818,
      "incr_op_margin_yoy": -0.17850883835652004,
      "rev_growth_yoy": 0.108671833118587,
      "rev_growth_yoy_accel": 0.055474633647837744,
      "fcf_margin_change": 0.030926467281169795
    },
    {
      "date": "2024-06-30T00:00:00",
      "quarter_label": "2024-06 (Q2)",
      "revenue": 1295244000,
      "gross_profit": 1294334000,
      "operating_income": 18537000,
      "net_income": 12383000,
      "opex": 1276707000,
      "cogs": 910000,
      "rd": 14848000,
      "sga": null,
      "fcf": 69698000,
      "ocf": 71147000,
      "capex": -1449000,
      "gross_margin": 0.9992974296734823,
      "op_margin": 0.014311589167755264,
      "fcf_margin": 0.05381071056881947,
      "incr_op_margin_yoy": 0.11938957266877417,
      "rev_growth_yoy": 0.05054394947957178,
      "rev_growth_yoy_accel": -0.058127883639015214,
      "op_leverage_ratio": 1.1378798755231776,
      "fcf_margin_change": -0.009102971998668712
    },
    {
      "date": "2024-09-30T00:00:00",
      "quarter_label": "2024-09 (Q3)",
      "revenue": 1231187000,
      "gross_profit": 1230276000,
      "operating_income": -8334000,
      "net_income": -8506000,
      "opex": 1239521000,
      "cogs": 911000,
      "rd": 13804000,
      "sga": null,
      "fcf": 44363000,
      "ocf": 45999000,
      "capex": -1636000,
      "gross_margin": 0.9992600636621407,
      "op_margin": -0.006769077321316746,
      "fcf_margin": 0.036032706648137125,
      "incr_op_margin_yoy": -0.6115509175962577,
      "rev_growth_yoy": 0.013728959673548162,
      "rev_growth_yoy_accel": -0.03681498980602362,
      "fcf_margin_change": -0.017778003920682343
    },
    {
      "date": "2024-12-31T00:00:00",
      "quarter_label": "2024-12 (Q4)",
      "revenue": 1098187000,
      "gross_profit": null,
      "operating_income": -11023000,
      "net_income": -9505000,
      "opex": 1109210000,
      "cogs": null,
      "rd": 14769000,
      "sga": null,
      "fcf": 11639000,
      "ocf": 13714000,
      "capex": -2075000,
      "gross_margin": null,
      "op_margin": -0.010037452637847652,
      "fcf_margin": 0.010598377143419107,
      "incr_op_margin_yoy": 0.14526047004464207,
      "rev_growth_yoy": 0.11712335804217287,
      "rev_growth_yoy_accel": 0.10339439836862471,
      "fcf_margin_change": -0.025434329504718016
    },
    {
      "date": "2025-03-31T00:00:00",
      "quarter_label": "2025-03 (Q1)",
      "revenue": 954906000,
      "gross_profit": null,
      "operating_income": -10376000,
      "net_income": -11024000,
      "opex": 965282000,
      "cogs": null,
      "rd": 16805000,
      "sga": null,
      "fcf": 37285000,
      "ocf": 39838000,
      "capex": -2553000,
      "gross_margin": null,
      "op_margin": -0.010865990998066826,
      "fcf_margin": 0.039045728061191366,
      "incr_op_margin_yoy": 0.6579480256496794,
      "rev_growth_yoy": 0.012567679051252632,
      "rev_growth_yoy_accel": -0.10455567899092025,
      "fcf_margin_change": 0.028447350917772257
    },
    {
      "date": "2025-06-30T00:00:00",
      "quarter_label": "2025-06 (Q2)",
      "revenue": 1308877000,
      "gross_profit": null,
      "operating_income": -2376000,
      "net_income": -2291000,
      "opex": 1311253000,
      "cogs": null,
      "rd": 18093000,
      "sga": null,
      "fcf": 33290000,
      "ocf": 36088000,
      "capex": -2798000,
      "gross_margin": null,
      "op_margin": -0.0018152966245109357,
      "fcf_margin": 0.025434017100155325,
      "incr_op_margin_yoy": -1.5339983862686128,
      "rev_growth_yoy": 0.010525429957598722,
      "rev_growth_yoy_accel": -0.0020422490936539105,
      "op_leverage_ratio": 1.0342405742087535,
      "fcf_margin_change": -0.013611710961036042
    },
    {
      "date": "2025-09-30T00:00:00",
      "quarter_label": "2025-09 (Q3)",
      "revenue": 1316683000,
      "gross_profit": null,
      "operating_income": 4016000,
      "net_income": 3497000,
      "opex": 1312667000,
      "cogs": null,
      "rd": 17312000,
      "sga": null,
      "fcf": 26556000,
      "ocf": 28891000,
      "capex": -2335000,
      "gross_margin": null,
      "op_margin": 0.0030500887457345464,
      "fcf_margin": 0.020168863728019577,
      "incr_op_margin_yoy": 0.14445120239543371,
      "rev_growth_yoy": 0.06944192880529115,
      "rev_growth_yoy_accel": 0.05891649884769243,
      "fcf_margin_change": -0.005265153372135747
    }
  ],
  "signals": [
    {
      "quarter": "2025-09 (Q3)",
      "signal": "YoY REVENUE GROWTH ACCELERATION",
      "detail": "YoY growth: +6.9% vs prior quarter YoY: +1.1% (accel: +5.9%)",
      "severity": "MEDIUM"
    },
    {
      "quarter": "2025-09 (Q3)",
      "signal": "OP MARGIN TURNED POSITIVE (YoY)",
      "detail": "Op margin: -0.7% (year-ago) -> +0.3%",
      "severity": "HIGH"
    },
    {
      "quarter": "2025-09 (Q3)",
      "signal": "OP MARGIN TURNED POSITIVE (QoQ)",
      "detail": "Op margin: -0.2% -> +0.3%",
      "severity": "HIGH"
    },
    {
      "quarter": "2025-03 (Q1)",
      "signal": "YoY REVENUE GROWTH DECELERATION",
      "detail": "YoY growth: +1.3% vs prior quarter YoY: +11.7% (decel: -10.5%)",
      "severity": "WARNING"
    },
    {
      "quarter": "2024-12 (Q4)",
      "signal": "YoY REVENUE GROWTH ACCELERATION",
      "detail": "YoY growth: +11.7% vs prior quarter YoY: +1.4% (accel: +10.3%)",
      "severity": "MEDIUM"
    },
    {
      "quarter": "2024-06 (Q2)",
      "signal": "YoY REVENUE GROWTH DECELERATION",
      "detail": "YoY growth: +5.1% vs prior quarter YoY: +10.9% (decel: -5.8%)",
      "severity": "WARNING"
    },
    {
      "quarter": "2024-06 (Q2)",
      "signal": "INCREMENTAL MARGIN (YoY)",
      "detail": "YoY Incr OPM: +11.9% vs year-ago OPM: +0.9%",
      "severity": "MEDIUM"
    },
    {
      "quarter": "2024-06 (Q2)",
      "signal": "OP MARGIN TURNED POSITIVE (QoQ)",
      "detail": "Op margin: -1.9% -> +1.4%",
      "severity": "HIGH"
    },
    {
      "quarter": "2024-03 (Q1)",
      "signal": "YoY REVENUE GROWTH ACCELERATION",
      "detail": "YoY growth: +10.9% vs prior quarter YoY: +5.3% (accel: +5.5%)",
      "severity": "MEDIUM"
    },
    {
      "quarter": "2023-12 (Q4)",
      "signal": "YoY REVENUE GROWTH ACCELERATION",
      "detail": "YoY growth: +5.3% vs prior quarter YoY: -2.0% (accel: +7.3%)",
      "severity": "MEDIUM"
    },
    {
      "quarter": "2023-09 (Q3)",
      "signal": "YoY REVENUE GROWTH ACCELERATION",
      "detail": "YoY growth: -2.0% vs prior quarter YoY: -12.9% (accel: +10.9%)",
      "severity": "MEDIUM"
    },
    {
      "quarter": "2023-06 (Q2)",
      "signal": "OP MARGIN TURNED POSITIVE (QoQ)",
      "detail": "Op margin: -0.2% -> +0.9%",
      "severity": "HIGH"
    },
    {
      "quarter": "2022-12 (Q4)",
      "signal": "YoY REVENUE GROWTH DECELERATION",
      "detail": "YoY growth: -13.3% vs prior quarter YoY: +11.6% (decel: -24.9%)",
      "severity": "WARNING"
    },
    {
      "quarter": "2022-09 (Q3)",
      "signal": "YoY REVENUE GROWTH DECELERATION",
      "detail": "YoY growth: +11.6% vs prior quarter YoY: +41.5% (decel: -30.0%)",
      "severity": "WARNING"
    },
    {
      "quarter": "2022-06 (Q2)",
      "signal": "YoY REVENUE GROWTH DECELERATION",
      "detail": "YoY growth: +41.5% vs prior quarter YoY: +73.1% (decel: -31.6%)",
      "severity": "WARNING"
    },
    {
      "quarter": "2022-03 (Q1)",
      "signal": "FCF MARGIN EXPANSION",
      "detail": "FCF margin: +4.1% -> +10.6% (+6.5%)",
      "severity": "MEDIUM"
    },
    {
      "quarter": "2021-03 (Q1)",
      "signal": "FCF MARGIN EXPANSION",
      "detail": "FCF margin: +4.5% -> +13.1% (+8.6%)",
      "severity": "MEDIUM"
    }
  ],
  "data_quality": {
    "n_quarters": 20,
    "coverage": {
      "revenue": [
        20,
        20
      ],
      "gross_profit": [
        4,
        20
      ],
      "op_income": [
        20,
        20
      ],
      "fcf": [
        20,
        20
      ]
    },
    "gaps": [],
    "warnings": [
      "gross_profit: 4/20Q"
    ]
  },
  "market_cap": null,
  "source": "SEC EDGAR",
  "last_updated": "2026-02-02T21:49:58.035433",
  "sector": "Real Estate",
  "industry": "Real Estate Services"
}