{
  "ticker": "EXPO",
  "name": "EXPONENT, INC.",
  "quarters": [
    {
      "date": "2021-01-01T00:00:00",
      "quarter_label": "2021-01 (Q1)",
      "revenue": 103239000,
      "gross_profit": null,
      "operating_income": 17734000,
      "net_income": 21840000,
      "opex": 85505000,
      "cogs": null,
      "rd": null,
      "sga": null,
      "fcf": 40022000,
      "ocf": 40865000,
      "capex": -843000,
      "gross_margin": null,
      "op_margin": 0.17177616985829,
      "fcf_margin": 0.38766357674909674
    },
    {
      "date": "2021-04-02T00:00:00",
      "quarter_label": "2021-04 (Q2)",
      "revenue": 116481000,
      "gross_profit": null,
      "operating_income": 24058000,
      "net_income": 30848000,
      "opex": 92423000,
      "cogs": null,
      "rd": null,
      "sga": null,
      "fcf": -1230000,
      "ocf": 1285000,
      "capex": -2515000,
      "gross_margin": null,
      "op_margin": 0.20654012242339953,
      "fcf_margin": -0.010559662090813094,
      "op_leverage_ratio": 1.5853339055704718,
      "fcf_margin_change": -0.39822323883990984
    },
    {
      "date": "2021-07-02T00:00:00",
      "quarter_label": "2021-07 (Q3)",
      "revenue": 119877000,
      "gross_profit": null,
      "operating_income": 29372000,
      "net_income": 25400000,
      "opex": 90505000,
      "cogs": null,
      "rd": null,
      "sga": null,
      "fcf": 42436000,
      "ocf": 44167000,
      "capex": -1731000,
      "gross_margin": null,
      "op_margin": 0.24501780992183655,
      "fcf_margin": 0.353996179417236,
      "op_leverage_ratio": Infinity,
      "fcf_margin_change": 0.3645558415080491
    },
    {
      "date": "2021-10-01T00:00:00",
      "quarter_label": "2021-10 (Q4)",
      "revenue": 116405000,
      "gross_profit": null,
      "operating_income": 32119000,
      "net_income": 24574000,
      "opex": 84286000,
      "cogs": null,
      "rd": null,
      "sga": null,
      "fcf": 23735000,
      "ocf": 24926000,
      "capex": -1191000,
      "gross_margin": null,
      "op_margin": 0.2759245736866973,
      "fcf_margin": 0.20390017610927366,
      "fcf_margin_change": -0.15009600330796233
    },
    {
      "date": "2021-12-31T00:00:00",
      "quarter_label": "2021-12 (Q4)",
      "revenue": 113506000,
      "gross_profit": null,
      "operating_income": 23378000,
      "net_income": 20380000,
      "opex": 90128000,
      "cogs": null,
      "rd": null,
      "sga": null,
      "fcf": 52801000,
      "ocf": 54190000,
      "capex": -1389000,
      "gross_margin": null,
      "op_margin": 0.2059626803869399,
      "fcf_margin": 0.4651824573150318,
      "incr_op_margin_yoy": 0.5497224116100127,
      "rev_growth_yoy": 0.09944885169364291,
      "fcf_margin_change": 0.26128228120575814
    },
    {
      "date": "2022-04-01T00:00:00",
      "quarter_label": "2022-04 (Q2)",
      "revenue": 128478000,
      "gross_profit": null,
      "operating_income": 36717000,
      "net_income": 29609000,
      "opex": 91761000,
      "cogs": null,
      "rd": null,
      "sga": null,
      "fcf": -8958000,
      "ocf": -6352000,
      "capex": -2606000,
      "gross_margin": null,
      "op_margin": 0.2857843366179424,
      "fcf_margin": -0.06972399943959277,
      "incr_op_margin_yoy": 1.0551804617821121,
      "rev_growth_yoy": 0.102995338295516,
      "rev_growth_yoy_accel": 0.0035464866018730945,
      "op_leverage_ratio": 7.280053122625068,
      "fcf_margin_change": -0.5349064567546246
    },
    {
      "date": "2022-07-01T00:00:00",
      "quarter_label": "2022-07 (Q3)",
      "revenue": 130281000,
      "gross_profit": null,
      "operating_income": 45277000,
      "net_income": 25755000,
      "opex": 85004000,
      "cogs": null,
      "rd": null,
      "sga": null,
      "fcf": 26860000,
      "ocf": 30168000,
      "capex": -3308000,
      "gross_margin": null,
      "op_margin": 0.3475334085553534,
      "fcf_margin": 0.20616974079105932,
      "incr_op_margin_yoy": 1.5287389465590158,
      "rev_growth_yoy": 0.08678895868264971,
      "rev_growth_yoy_accel": -0.016206379612866292,
      "op_leverage_ratio": Infinity,
      "fcf_margin_change": 0.2758937402306521
    },
    {
      "date": "2022-09-30T00:00:00",
      "quarter_label": "2022-09 (Q3)",
      "revenue": 127179000,
      "gross_profit": null,
      "operating_income": 36813000,
      "net_income": 24442000,
      "opex": 90366000,
      "cogs": null,
      "rd": null,
      "sga": null,
      "fcf": 26227000,
      "ocf": 29421000,
      "capex": -3194000,
      "gross_margin": null,
      "op_margin": 0.28945816526313306,
      "fcf_margin": 0.20622115286328718,
      "incr_op_margin_yoy": 0.43567848524224984,
      "rev_growth_yoy": 0.09255616167690392,
      "rev_growth_yoy_accel": 0.005767202994254206,
      "fcf_margin_change": 5.141207222786326e-05
    },
    {
      "date": "2022-12-30T00:00:00",
      "quarter_label": "2022-12 (Q4)",
      "revenue": 127355000,
      "gross_profit": null,
      "operating_income": 22035000,
      "net_income": 22524000,
      "opex": 105320000,
      "cogs": null,
      "rd": null,
      "sga": null,
      "fcf": 37635000,
      "ocf": 40570000,
      "capex": -2935000,
      "gross_margin": null,
      "op_margin": 0.17302029759334145,
      "fcf_margin": 0.295512543677123,
      "incr_op_margin_yoy": -0.09697451079500324,
      "rev_growth_yoy": 0.12201117121561855,
      "rev_growth_yoy_accel": 0.029455009538714633,
      "fcf_margin_change": 0.0892913908138358
    },
    {
      "date": "2023-03-31T00:00:00",
      "quarter_label": "2023-03 (Q1)",
      "revenue": 140309000,
      "gross_profit": null,
      "operating_income": 29120000,
      "net_income": 29124000,
      "opex": 111189000,
      "cogs": null,
      "rd": null,
      "sga": null,
      "fcf": -12371000,
      "ocf": -6703000,
      "capex": -5668000,
      "gross_margin": null,
      "op_margin": 0.20754192532196794,
      "fcf_margin": -0.08816968262905445,
      "incr_op_margin_yoy": -0.6421266165159327,
      "rev_growth_yoy": 0.09208580457354566,
      "rev_growth_yoy_accel": -0.02992536664207289,
      "op_leverage_ratio": 1.8253015956680618,
      "fcf_margin_change": -0.38368222630617743
    },
    {
      "date": "2023-06-30T00:00:00",
      "quarter_label": "2023-06 (Q2)",
      "revenue": 140221000,
      "gross_profit": null,
      "operating_income": 29875000,
      "net_income": 25748000,
      "opex": 110346000,
      "cogs": null,
      "rd": null,
      "sga": null,
      "fcf": 35097000,
      "ocf": 40545000,
      "capex": -5448000,
      "gross_margin": null,
      "op_margin": 0.2130565321884739,
      "fcf_margin": 0.2502977442751086,
      "incr_op_margin_yoy": -1.549496981891348,
      "rev_growth_yoy": 0.07629662038209716,
      "rev_growth_yoy_accel": -0.015789184191448508,
      "fcf_margin_change": 0.33846742690416304
    },
    {
      "date": "2023-09-29T00:00:00",
      "quarter_label": "2023-09 (Q3)",
      "revenue": 133336000,
      "gross_profit": null,
      "operating_income": 33933000,
      "net_income": 24538000,
      "opex": 99403000,
      "cogs": null,
      "rd": null,
      "sga": null,
      "fcf": 18895000,
      "ocf": 22201000,
      "capex": -3306000,
      "gross_margin": null,
      "op_margin": 0.25449241015179697,
      "fcf_margin": 0.14170966580668387,
      "incr_op_margin_yoy": -0.46776027286015914,
      "rev_growth_yoy": 0.04841208061079266,
      "rev_growth_yoy_accel": -0.027884539771304492,
      "fcf_margin_change": -0.10858807846842472
    },
    {
      "date": "2023-12-29T00:00:00",
      "quarter_label": "2023-12 (Q4)",
      "revenue": 122900000,
      "gross_profit": null,
      "operating_income": 18394000,
      "net_income": 20929000,
      "opex": 104506000,
      "cogs": null,
      "rd": null,
      "sga": null,
      "fcf": 69375000,
      "ocf": 71309000,
      "capex": -1934000,
      "gross_margin": null,
      "op_margin": 0.14966639544344995,
      "fcf_margin": 0.5644833197721725,
      "incr_op_margin_yoy": 0.817283950617284,
      "rev_growth_yoy": -0.034980958737387616,
      "rev_growth_yoy_accel": -0.08339303934818028,
      "fcf_margin_change": 0.4227736539654886
    },
    {
      "date": "2024-03-29T00:00:00",
      "quarter_label": "2024-03 (Q1)",
      "revenue": 144933000,
      "gross_profit": null,
      "operating_income": 30713000,
      "net_income": 30142000,
      "opex": 114220000,
      "cogs": null,
      "rd": null,
      "sga": null,
      "fcf": 8950000,
      "ocf": 10432000,
      "capex": -1482000,
      "gross_margin": null,
      "op_margin": 0.211911710928498,
      "fcf_margin": 0.061752671924268455,
      "incr_op_margin_yoy": 0.3445069204152249,
      "rev_growth_yoy": 0.032955833196730074,
      "rev_growth_yoy_accel": 0.0679367919341177,
      "op_leverage_ratio": 1.9287008759722533,
      "fcf_margin_change": -0.502730647847904
    },
    {
      "date": "2024-06-28T00:00:00",
      "quarter_label": "2024-06 (Q2)",
      "revenue": 140536000,
      "gross_profit": null,
      "operating_income": 35744000,
      "net_income": 29227000,
      "opex": 104792000,
      "cogs": null,
      "rd": null,
      "sga": null,
      "fcf": 47193000,
      "ocf": 48339000,
      "capex": -1146000,
      "gross_margin": null,
      "op_margin": 0.25434052484772585,
      "fcf_margin": 0.3358071953093869,
      "rev_growth_yoy": 0.0022464538121964614,
      "rev_growth_yoy_accel": -0.030709379384533612,
      "fcf_margin_change": 0.27405452338511843
    },
    {
      "date": "2024-09-27T00:00:00",
      "quarter_label": "2024-09 (Q3)",
      "revenue": 136279000,
      "gross_profit": null,
      "operating_income": 25847000,
      "net_income": 26044000,
      "opex": 110432000,
      "cogs": null,
      "rd": null,
      "sga": null,
      "fcf": 28000000,
      "ocf": 29714000,
      "capex": -1714000,
      "gross_margin": null,
      "op_margin": 0.18966238378620331,
      "fcf_margin": 0.2054608560379809,
      "incr_op_margin_yoy": -2.747536527353041,
      "rev_growth_yoy": 0.022072058558828822,
      "rev_growth_yoy_accel": 0.01982560474663236,
      "fcf_margin_change": -0.13034633927140601
    },
    {
      "date": "2025-01-03T00:00:00",
      "quarter_label": "2025-01 (Q1)",
      "revenue": 136766000,
      "gross_profit": null,
      "operating_income": 27253000,
      "net_income": 23589000,
      "opex": 109513000,
      "cogs": null,
      "rd": null,
      "sga": null,
      "fcf": 53455000,
      "ocf": 56052000,
      "capex": -2597000,
      "gross_margin": null,
      "op_margin": 0.19926736177120044,
      "fcf_margin": 0.39085006507465303,
      "incr_op_margin_yoy": 0.6389009086975336,
      "rev_growth_yoy": 0.11282343368592351,
      "rev_growth_yoy_accel": 0.09075137512709469,
      "fcf_margin_change": 0.18538920903667214
    },
    {
      "date": "2025-04-04T00:00:00",
      "quarter_label": "2025-04 (Q2)",
      "revenue": 145507000,
      "gross_profit": null,
      "operating_income": 44432000,
      "net_income": 26650000,
      "opex": 101075000,
      "cogs": null,
      "rd": null,
      "sga": null,
      "fcf": 5520000,
      "ocf": 7274000,
      "capex": -1754000,
      "gross_margin": null,
      "op_margin": 0.30535987959342165,
      "fcf_margin": 0.037936319214883135,
      "rev_growth_yoy": 0.003960450691008949,
      "rev_growth_yoy_accel": -0.10886298299491456,
      "op_leverage_ratio": Infinity,
      "fcf_margin_change": -0.35291374585976987
    },
    {
      "date": "2025-07-04T00:00:00",
      "quarter_label": "2025-07 (Q3)",
      "revenue": 141962000,
      "gross_profit": null,
      "operating_income": 17177000,
      "net_income": 26553000,
      "opex": 124785000,
      "cogs": null,
      "rd": null,
      "sga": null,
      "fcf": 33948000,
      "ocf": 36222000,
      "capex": -2274000,
      "gross_margin": null,
      "op_margin": 0.12099716825629393,
      "fcf_margin": 0.23913441625223653,
      "incr_op_margin_yoy": -13.020336605890604,
      "rev_growth_yoy": 0.010146866283372233,
      "rev_growth_yoy_accel": 0.006186415592363284,
      "fcf_margin_change": 0.2011980970373534
    },
    {
      "date": "2025-10-03T00:00:00",
      "quarter_label": "2025-10 (Q4)",
      "revenue": 147120000,
      "gross_profit": null,
      "operating_income": 29038000,
      "net_income": 28044000,
      "opex": 118082000,
      "cogs": null,
      "rd": null,
      "sga": null,
      "fcf": 29977000,
      "ocf": 32652000,
      "capex": -2675000,
      "gross_margin": null,
      "op_margin": 0.19737629146275149,
      "fcf_margin": 0.20375883632408917,
      "incr_op_margin_yoy": 0.29434554007932845,
      "rev_growth_yoy": 0.07955004072527683,
      "rev_growth_yoy_accel": 0.0694031744419046,
      "op_leverage_ratio": Infinity,
      "fcf_margin_change": -0.035375579928147355
    }
  ],
  "signals": [
    {
      "quarter": "2025-10 (Q4)",
      "signal": "YoY REVENUE GROWTH ACCELERATION",
      "detail": "YoY growth: +8.0% vs prior quarter YoY: +1.0% (accel: +6.9%)",
      "severity": "MEDIUM"
    },
    {
      "quarter": "2025-10 (Q4)",
      "signal": "INCREMENTAL MARGIN (YoY)",
      "detail": "YoY Incr OPM: +29.4% vs year-ago OPM: +19.0%",
      "severity": "MEDIUM"
    },
    {
      "quarter": "2025-07 (Q3)",
      "signal": "FCF MARGIN EXPANSION",
      "detail": "FCF margin: +3.8% -> +23.9% (+20.1%)",
      "severity": "MEDIUM"
    },
    {
      "quarter": "2025-04 (Q2)",
      "signal": "YoY REVENUE GROWTH DECELERATION",
      "detail": "YoY growth: +0.4% vs prior quarter YoY: +11.3% (decel: -10.9%)",
      "severity": "WARNING"
    },
    {
      "quarter": "2025-01 (Q1)",
      "signal": "FCF MARGIN EXPANSION",
      "detail": "FCF margin: +20.5% -> +39.1% (+18.5%)",
      "severity": "MEDIUM"
    },
    {
      "quarter": "2025-01 (Q1)",
      "signal": "YoY REVENUE GROWTH ACCELERATION",
      "detail": "YoY growth: +11.3% vs prior quarter YoY: +2.2% (accel: +9.1%)",
      "severity": "MEDIUM"
    },
    {
      "quarter": "2025-01 (Q1)",
      "signal": "INCREMENTAL MARGIN (YoY)",
      "detail": "YoY Incr OPM: +63.9% vs year-ago OPM: +15.0%",
      "severity": "HIGH"
    },
    {
      "quarter": "2024-06 (Q2)",
      "signal": "FCF MARGIN EXPANSION",
      "detail": "FCF margin: +6.2% -> +33.6% (+27.4%)",
      "severity": "MEDIUM"
    },
    {
      "quarter": "2024-03 (Q1)",
      "signal": "OPERATING LEVERAGE",
      "detail": "Rev growth +17.9% vs OpEx growth +9.3% (leverage: 1.9x)",
      "severity": "MEDIUM"
    },
    {
      "quarter": "2024-03 (Q1)",
      "signal": "YoY REVENUE GROWTH ACCELERATION",
      "detail": "YoY growth: +3.3% vs prior quarter YoY: -3.5% (accel: +6.8%)",
      "severity": "MEDIUM"
    },
    {
      "quarter": "2024-03 (Q1)",
      "signal": "INCREMENTAL MARGIN (YoY)",
      "detail": "YoY Incr OPM: +34.5% vs year-ago OPM: +20.8%",
      "severity": "MEDIUM"
    },
    {
      "quarter": "2023-12 (Q4)",
      "signal": "FCF MARGIN EXPANSION",
      "detail": "FCF margin: +14.2% -> +56.4% (+42.3%)",
      "severity": "MEDIUM"
    },
    {
      "quarter": "2023-12 (Q4)",
      "signal": "YoY REVENUE GROWTH DECELERATION",
      "detail": "YoY growth: -3.5% vs prior quarter YoY: +4.8% (decel: -8.3%)",
      "severity": "WARNING"
    },
    {
      "quarter": "2023-12 (Q4)",
      "signal": "INCREMENTAL MARGIN (YoY)",
      "detail": "YoY Incr OPM: +81.7% vs year-ago OPM: +17.3%",
      "severity": "HIGH"
    },
    {
      "quarter": "2023-06 (Q2)",
      "signal": "FCF TURNED POSITIVE",
      "detail": "FCF margin: -8.8% -> +25.0%",
      "severity": "HIGH"
    },
    {
      "quarter": "2023-03 (Q1)",
      "signal": "OPERATING LEVERAGE",
      "detail": "Rev growth +10.2% vs OpEx growth +5.6% (leverage: 1.8x)",
      "severity": "MEDIUM"
    },
    {
      "quarter": "2022-12 (Q4)",
      "signal": "FCF MARGIN EXPANSION",
      "detail": "FCF margin: +20.6% -> +29.6% (+8.9%)",
      "severity": "MEDIUM"
    },
    {
      "quarter": "2022-09 (Q3)",
      "signal": "INCREMENTAL MARGIN (YoY)",
      "detail": "YoY Incr OPM: +43.6% vs year-ago OPM: +27.6%",
      "severity": "MEDIUM"
    },
    {
      "quarter": "2022-07 (Q3)",
      "signal": "FCF TURNED POSITIVE",
      "detail": "FCF margin: -7.0% -> +20.6%",
      "severity": "HIGH"
    },
    {
      "quarter": "2022-07 (Q3)",
      "signal": "INCREMENTAL MARGIN (YoY)",
      "detail": "YoY Incr OPM: +152.9% vs year-ago OPM: +24.5%",
      "severity": "HIGH"
    },
    {
      "quarter": "2022-04 (Q2)",
      "signal": "OPERATING LEVERAGE",
      "detail": "Rev growth +13.2% vs OpEx growth +1.8% (leverage: 7.3x)",
      "severity": "MEDIUM"
    },
    {
      "quarter": "2022-04 (Q2)",
      "signal": "INCREMENTAL MARGIN (YoY)",
      "detail": "YoY Incr OPM: +105.5% vs year-ago OPM: +20.7%",
      "severity": "HIGH"
    },
    {
      "quarter": "2021-12 (Q4)",
      "signal": "FCF MARGIN EXPANSION",
      "detail": "FCF margin: +20.4% -> +46.5% (+26.1%)",
      "severity": "MEDIUM"
    },
    {
      "quarter": "2021-12 (Q4)",
      "signal": "INCREMENTAL MARGIN (YoY)",
      "detail": "YoY Incr OPM: +55.0% vs year-ago OPM: +17.2%",
      "severity": "HIGH"
    },
    {
      "quarter": "2021-07 (Q3)",
      "signal": "FCF TURNED POSITIVE",
      "detail": "FCF margin: -1.1% -> +35.4%",
      "severity": "HIGH"
    },
    {
      "quarter": "2021-04 (Q2)",
      "signal": "OPERATING LEVERAGE",
      "detail": "Rev growth +12.8% vs OpEx growth +8.1% (leverage: 1.6x)",
      "severity": "MEDIUM"
    }
  ],
  "data_quality": {
    "n_quarters": 20,
    "coverage": {
      "revenue": [
        20,
        20
      ],
      "gross_profit": [
        0,
        20
      ],
      "op_income": [
        20,
        20
      ],
      "fcf": [
        20,
        20
      ]
    },
    "gaps": [],
    "warnings": [
      "gross_profit: no data"
    ]
  },
  "market_cap": null,
  "source": "SEC EDGAR",
  "last_updated": "2026-02-02T21:14:58.642096"
}