{
  "ticker": "EXR",
  "name": "EXTRA SPACE STORAGE INC.",
  "quarters": [
    {
      "date": "2020-12-31T00:00:00",
      "quarter_label": "2020-12 (Q4)",
      "revenue": 353490000,
      "gross_profit": 264534000,
      "operating_income": 195749000,
      "net_income": 156056000,
      "opex": 175816000,
      "cogs": 88956000,
      "rd": null,
      "sga": null,
      "fcf": 187965000,
      "ocf": 187965000,
      "capex": null,
      "gross_margin": 0.7483493168123568,
      "op_margin": 0.553761068205607,
      "fcf_margin": 0.531740643299669
    },
    {
      "date": "2021-03-31T00:00:00",
      "quarter_label": "2021-03 (Q1)",
      "revenue": 358857000,
      "gross_profit": 266490000,
      "operating_income": 241073000,
      "net_income": 202998000,
      "opex": 181667000,
      "cogs": 92367000,
      "rd": null,
      "sga": null,
      "fcf": 203880000,
      "ocf": 203880000,
      "capex": null,
      "gross_margin": 0.7426077797005493,
      "op_margin": 0.6717801241162914,
      "fcf_margin": 0.5681371688444143,
      "op_leverage_ratio": 0.45622886594220713,
      "fcf_margin_change": 0.03639652554474537
    },
    {
      "date": "2021-06-30T00:00:00",
      "quarter_label": "2021-06 (Q2)",
      "revenue": 378630000,
      "gross_profit": 289475000,
      "operating_income": 196829000,
      "net_income": 167948000,
      "opex": 181801000,
      "cogs": 89155000,
      "rd": null,
      "sga": null,
      "fcf": 259808000,
      "ocf": 259808000,
      "capex": null,
      "gross_margin": 0.7645326572115257,
      "op_margin": 0.5198452314924861,
      "fcf_margin": 0.6861791194569897,
      "op_leverage_ratio": Infinity,
      "fcf_margin_change": 0.11804195061257539
    },
    {
      "date": "2021-09-30T00:00:00",
      "quarter_label": "2021-09 (Q3)",
      "revenue": 412492000,
      "gross_profit": 319698000,
      "operating_income": 226278000,
      "net_income": 188276000,
      "opex": 186214000,
      "cogs": 92794000,
      "rd": null,
      "sga": null,
      "fcf": 265580000,
      "ocf": 265580000,
      "capex": null,
      "gross_margin": 0.7750404856336608,
      "op_margin": 0.5485633660774027,
      "fcf_margin": 0.6438427896783453,
      "op_leverage_ratio": 3.6843418924091176,
      "fcf_margin_change": -0.04233632977864443
    },
    {
      "date": "2021-12-31T00:00:00",
      "quarter_label": "2021-12 (Q4)",
      "revenue": 427383000,
      "gross_profit": 333091000,
      "operating_income": 311773000,
      "net_income": 268427000,
      "opex": 192487000,
      "cogs": 94292000,
      "rd": null,
      "sga": null,
      "fcf": 223168000,
      "ocf": 223168000,
      "capex": null,
      "gross_margin": 0.7793735361490747,
      "op_margin": 0.729493218026922,
      "fcf_margin": 0.5221733199495534,
      "incr_op_margin_yoy": 1.5701622616486,
      "rev_growth_yoy": 0.2090384452176865,
      "op_leverage_ratio": 1.0716312634690572,
      "fcf_margin_change": -0.12166946972879189
    },
    {
      "date": "2022-03-31T00:00:00",
      "quarter_label": "2022-03 (Q1)",
      "revenue": 443562000,
      "gross_profit": 340020000,
      "operating_income": 235310000,
      "net_income": 203579000,
      "opex": 208252000,
      "cogs": 103542000,
      "rd": null,
      "sga": null,
      "fcf": 287465000,
      "ocf": 287465000,
      "capex": null,
      "gross_margin": 0.7665670188158589,
      "op_margin": 0.5305008093569783,
      "fcf_margin": 0.6480830188338947,
      "incr_op_margin_yoy": -0.068036125376306,
      "rev_growth_yoy": 0.23604109715011828,
      "rev_growth_yoy_accel": 0.027002651932431787,
      "op_leverage_ratio": 0.4622126854564409,
      "fcf_margin_change": 0.12590969888434134
    },
    {
      "date": "2022-06-30T00:00:00",
      "quarter_label": "2022-06 (Q2)",
      "revenue": 474988000,
      "gross_profit": 370736000,
      "operating_income": 275665000,
      "net_income": 232130000,
      "opex": 213572000,
      "cogs": 104252000,
      "rd": null,
      "sga": null,
      "fcf": 352922000,
      "ocf": 352922000,
      "capex": null,
      "gross_margin": 0.7805165604183685,
      "op_margin": 0.5803620301986576,
      "fcf_margin": 0.743012455051496,
      "incr_op_margin_yoy": 0.8181572884451732,
      "rev_growth_yoy": 0.25449119192879593,
      "rev_growth_yoy_accel": 0.01845009477867765,
      "op_leverage_ratio": 2.773398790441278,
      "fcf_margin_change": 0.0949294362176013
    },
    {
      "date": "2022-09-30T00:00:00",
      "quarter_label": "2022-09 (Q3)",
      "revenue": 498902000,
      "gross_profit": 384325000,
      "operating_income": 269857000,
      "net_income": 220719000,
      "opex": 229045000,
      "cogs": 114577000,
      "rd": null,
      "sga": null,
      "fcf": 307634000,
      "ocf": 307634000,
      "capex": null,
      "gross_margin": 0.7703416703079964,
      "op_margin": 0.5409018203975932,
      "fcf_margin": 0.6166221021362913,
      "incr_op_margin_yoy": 0.5043282027543109,
      "rev_growth_yoy": 0.20948285057649602,
      "rev_growth_yoy_accel": -0.04500834135229992,
      "op_leverage_ratio": 0.6949273048566442,
      "fcf_margin_change": -0.12639035291520473
    },
    {
      "date": "2022-12-31T00:00:00",
      "quarter_label": "2022-12 (Q4)",
      "revenue": 506718000,
      "gross_profit": 393747000,
      "operating_income": 269570000,
      "net_income": 204260000,
      "opex": 237148000,
      "cogs": 112971000,
      "rd": null,
      "sga": null,
      "fcf": 290118000,
      "ocf": 290118000,
      "capex": null,
      "gross_margin": 0.7770535090523724,
      "op_margin": 0.5319921534265607,
      "fcf_margin": 0.5725433081122044,
      "incr_op_margin_yoy": -0.531959412617382,
      "rev_growth_yoy": 0.1856297513003559,
      "rev_growth_yoy_accel": -0.023853099276140127,
      "op_leverage_ratio": 0.44283739007434436,
      "fcf_margin_change": -0.044078794024086876
    },
    {
      "date": "2023-03-31T00:00:00",
      "quarter_label": "2023-03 (Q1)",
      "revenue": 503050000,
      "gross_profit": 385884000,
      "operating_income": 263542000,
      "net_income": 196304000,
      "opex": 239508000,
      "cogs": 117166000,
      "rd": null,
      "sga": null,
      "fcf": 281649000,
      "ocf": 281649000,
      "capex": null,
      "gross_margin": 0.7670887585727065,
      "op_margin": 0.523888281482954,
      "fcf_margin": 0.5598827154358413,
      "incr_op_margin_yoy": 0.47458310919849384,
      "rev_growth_yoy": 0.1341142839107047,
      "rev_growth_yoy_accel": -0.05151546738965118,
      "fcf_margin_change": -0.012660592676363103
    },
    {
      "date": "2023-06-30T00:00:00",
      "quarter_label": "2023-06 (Q2)",
      "revenue": 511386000,
      "gross_profit": 396749000,
      "operating_income": 273339000,
      "net_income": 202410000,
      "opex": 238047000,
      "cogs": 114637000,
      "rd": null,
      "sga": null,
      "fcf": 347878000,
      "ocf": 347878000,
      "capex": null,
      "gross_margin": 0.7758307814449359,
      "op_margin": 0.5345062242611256,
      "fcf_margin": 0.6802650052993238,
      "incr_op_margin_yoy": -0.06390461014341448,
      "rev_growth_yoy": 0.07662930431926701,
      "rev_growth_yoy_accel": -0.057484979591437696,
      "op_leverage_ratio": Infinity,
      "fcf_margin_change": 0.12038228986348243
    },
    {
      "date": "2023-09-30T00:00:00",
      "quarter_label": "2023-09 (Q3)",
      "revenue": 748034000,
      "gross_profit": 562840000,
      "operating_income": 299792000,
      "net_income": 188350000,
      "opex": 448242000,
      "cogs": 185194000,
      "rd": null,
      "sga": null,
      "fcf": 408432000,
      "ocf": 408432000,
      "capex": null,
      "gross_margin": 0.7524256918803156,
      "op_margin": 0.40077322688540895,
      "fcf_margin": 0.5460072670493588,
      "incr_op_margin_yoy": 0.12015718574892024,
      "rev_growth_yoy": 0.49936059586852727,
      "rev_growth_yoy_accel": 0.42273129154926026,
      "op_leverage_ratio": 0.524076077171451,
      "fcf_margin_change": -0.134257738249965
    },
    {
      "date": "2023-12-31T00:00:00",
      "quarter_label": "2023-12 (Q4)",
      "revenue": 797774000,
      "gross_profit": 602735000,
      "operating_income": 333468000,
      "net_income": 216134000,
      "opex": 464306000,
      "cogs": 195039000,
      "rd": null,
      "sga": null,
      "fcf": 364515000,
      "ocf": 364515000,
      "capex": null,
      "gross_margin": 0.7555209871467358,
      "op_margin": 0.4179980796566446,
      "fcf_margin": 0.45691511631113574,
      "incr_op_margin_yoy": 0.21953850805343303,
      "rev_growth_yoy": 0.574394436353159,
      "rev_growth_yoy_accel": 0.07503384048463174,
      "op_leverage_ratio": 1.8554245327888297,
      "fcf_margin_change": -0.08909215073822302
    },
    {
      "date": "2024-03-31T00:00:00",
      "quarter_label": "2024-03 (Q1)",
      "revenue": 799539000,
      "gross_profit": 595021000,
      "operating_income": 335828000,
      "net_income": 213112000,
      "opex": 463711000,
      "cogs": 204518000,
      "rd": null,
      "sga": null,
      "fcf": 465556000,
      "ocf": 465556000,
      "capex": null,
      "gross_margin": 0.7442050981878308,
      "op_margin": 0.42002704058213547,
      "fcf_margin": 0.5822805391606913,
      "incr_op_margin_yoy": 0.24380668422774537,
      "rev_growth_yoy": 0.5893827651326906,
      "rev_growth_yoy_accel": 0.014988328779531601,
      "fcf_margin_change": 0.1253654228495556
    },
    {
      "date": "2024-06-30T00:00:00",
      "quarter_label": "2024-06 (Q2)",
      "revenue": 810663000,
      "gross_profit": 613761000,
      "operating_income": 304761000,
      "net_income": 185872000,
      "opex": 451243000,
      "cogs": 196902000,
      "rd": null,
      "sga": null,
      "fcf": 545244000,
      "ocf": 545244000,
      "capex": null,
      "gross_margin": 0.7571099211386235,
      "op_margin": 0.3759404339411075,
      "fcf_margin": 0.6725902131958656,
      "incr_op_margin_yoy": 0.10499303321003618,
      "rev_growth_yoy": 0.5852272060635215,
      "rev_growth_yoy_accel": -0.00415555906916909,
      "op_leverage_ratio": Infinity,
      "fcf_margin_change": 0.09030967403517431
    },
    {
      "date": "2024-09-30T00:00:00",
      "quarter_label": "2024-09 (Q3)",
      "revenue": 824804000,
      "gross_profit": 615769000,
      "operating_income": 302739000,
      "net_income": 193210000,
      "opex": 461341000,
      "cogs": 209035000,
      "rd": null,
      "sga": null,
      "fcf": 468351000,
      "ocf": 468351000,
      "capex": null,
      "gross_margin": 0.7465640321821911,
      "op_margin": 0.367043564289213,
      "fcf_margin": 0.5678330851935732,
      "incr_op_margin_yoy": 0.038387390907906736,
      "rev_growth_yoy": 0.10262902488389565,
      "rev_growth_yoy_accel": -0.4825981811796259,
      "op_leverage_ratio": 0.7794977792491447,
      "fcf_margin_change": -0.10475712800229242
    },
    {
      "date": "2024-12-31T00:00:00",
      "quarter_label": "2024-12 (Q4)",
      "revenue": 821896000,
      "gross_profit": 600785000,
      "operating_income": 380032000,
      "net_income": 262487000,
      "opex": 479578000,
      "cogs": 221111000,
      "rd": null,
      "sga": null,
      "fcf": 408279000,
      "ocf": 408279000,
      "capex": null,
      "gross_margin": 0.7309744785228302,
      "op_margin": 0.46238453526966916,
      "fcf_margin": 0.49675263050312934,
      "incr_op_margin_yoy": 1.9303540336622171,
      "rev_growth_yoy": 0.030236633432526003,
      "rev_growth_yoy_accel": -0.07239239145136965,
      "fcf_margin_change": -0.07108045469044388
    },
    {
      "date": "2025-03-31T00:00:00",
      "quarter_label": "2025-03 (Q1)",
      "revenue": 819997000,
      "gross_profit": 596415000,
      "operating_income": 388730000,
      "net_income": 270875000,
      "opex": 467028000,
      "cogs": 223582000,
      "rd": null,
      "sga": null,
      "fcf": 481404000,
      "ocf": 481404000,
      "capex": null,
      "gross_margin": 0.7273380268464397,
      "op_margin": 0.47406270998552436,
      "fcf_margin": 0.5870801966348658,
      "incr_op_margin_yoy": 2.5858832730472185,
      "rev_growth_yoy": 0.025587244649729408,
      "rev_growth_yoy_accel": -0.004649388782796596,
      "fcf_margin_change": 0.09032756613173643
    },
    {
      "date": "2025-06-30T00:00:00",
      "quarter_label": "2025-06 (Q2)",
      "revenue": 841618000,
      "gross_profit": 613997000,
      "operating_income": 373970000,
      "net_income": 249731000,
      "opex": 466784000,
      "cogs": 227621000,
      "rd": null,
      "sga": null,
      "fcf": 543861000,
      "ocf": 543861000,
      "capex": null,
      "gross_margin": 0.7295435696479876,
      "op_margin": 0.4443464849848744,
      "fcf_margin": 0.6462088500958867,
      "incr_op_margin_yoy": 2.235793894362785,
      "rev_growth_yoy": 0.03818479442135635,
      "rev_growth_yoy_accel": 0.012597549771626939,
      "op_leverage_ratio": Infinity,
      "fcf_margin_change": 0.05912865346102092
    },
    {
      "date": "2025-09-30T00:00:00",
      "quarter_label": "2025-09 (Q3)",
      "revenue": 858460000,
      "gross_profit": 622974000,
      "operating_income": 279120000,
      "net_income": 165998000,
      "opex": 474212000,
      "cogs": 235486000,
      "rd": null,
      "sga": null,
      "fcf": 457131000,
      "ocf": 457131000,
      "capex": null,
      "gross_margin": 0.7256878596556625,
      "op_margin": 0.32514036763506743,
      "fcf_margin": 0.5325012231204715,
      "incr_op_margin_yoy": -0.7017768005704778,
      "rev_growth_yoy": 0.040804845757295066,
      "rev_growth_yoy_accel": 0.0026200513359387195,
      "op_leverage_ratio": 1.257542622983099,
      "fcf_margin_change": -0.11370762697541514
    }
  ],
  "signals": [
    {
      "quarter": "2025-06 (Q2)",
      "signal": "FCF MARGIN EXPANSION",
      "detail": "FCF margin: +58.7% -> +64.6% (+5.9%)",
      "severity": "MEDIUM"
    },
    {
      "quarter": "2025-06 (Q2)",
      "signal": "INCREMENTAL MARGIN (YoY)",
      "detail": "YoY Incr OPM: +223.6% vs year-ago OPM: +37.6%",
      "severity": "HIGH"
    },
    {
      "quarter": "2025-03 (Q1)",
      "signal": "FCF MARGIN EXPANSION",
      "detail": "FCF margin: +49.7% -> +58.7% (+9.0%)",
      "severity": "MEDIUM"
    },
    {
      "quarter": "2025-03 (Q1)",
      "signal": "INCREMENTAL MARGIN (YoY)",
      "detail": "YoY Incr OPM: +258.6% vs year-ago OPM: +42.0%",
      "severity": "HIGH"
    },
    {
      "quarter": "2024-12 (Q4)",
      "signal": "YoY REVENUE GROWTH DECELERATION",
      "detail": "YoY growth: +3.0% vs prior quarter YoY: +10.3% (decel: -7.2%)",
      "severity": "WARNING"
    },
    {
      "quarter": "2024-12 (Q4)",
      "signal": "INCREMENTAL MARGIN (YoY)",
      "detail": "YoY Incr OPM: +193.0% vs year-ago OPM: +41.8%",
      "severity": "HIGH"
    },
    {
      "quarter": "2024-09 (Q3)",
      "signal": "YoY REVENUE GROWTH DECELERATION",
      "detail": "YoY growth: +10.3% vs prior quarter YoY: +58.5% (decel: -48.3%)",
      "severity": "WARNING"
    },
    {
      "quarter": "2024-06 (Q2)",
      "signal": "FCF MARGIN EXPANSION",
      "detail": "FCF margin: +58.2% -> +67.3% (+9.0%)",
      "severity": "MEDIUM"
    },
    {
      "quarter": "2024-03 (Q1)",
      "signal": "FCF MARGIN EXPANSION",
      "detail": "FCF margin: +45.7% -> +58.2% (+12.5%)",
      "severity": "MEDIUM"
    },
    {
      "quarter": "2023-12 (Q4)",
      "signal": "OPERATING LEVERAGE",
      "detail": "Rev growth +6.6% vs OpEx growth +3.6% (leverage: 1.9x)",
      "severity": "MEDIUM"
    },
    {
      "quarter": "2023-12 (Q4)",
      "signal": "YoY REVENUE GROWTH ACCELERATION",
      "detail": "YoY growth: +57.4% vs prior quarter YoY: +49.9% (accel: +7.5%)",
      "severity": "MEDIUM"
    },
    {
      "quarter": "2023-09 (Q3)",
      "signal": "YoY REVENUE GROWTH ACCELERATION",
      "detail": "YoY growth: +49.9% vs prior quarter YoY: +7.7% (accel: +42.3%)",
      "severity": "HIGH"
    },
    {
      "quarter": "2023-06 (Q2)",
      "signal": "FCF MARGIN EXPANSION",
      "detail": "FCF margin: +56.0% -> +68.0% (+12.0%)",
      "severity": "MEDIUM"
    },
    {
      "quarter": "2023-06 (Q2)",
      "signal": "YoY REVENUE GROWTH DECELERATION",
      "detail": "YoY growth: +7.7% vs prior quarter YoY: +13.4% (decel: -5.7%)",
      "severity": "WARNING"
    },
    {
      "quarter": "2023-03 (Q1)",
      "signal": "YoY REVENUE GROWTH DECELERATION",
      "detail": "YoY growth: +13.4% vs prior quarter YoY: +18.6% (decel: -5.2%)",
      "severity": "WARNING"
    },
    {
      "quarter": "2022-06 (Q2)",
      "signal": "FCF MARGIN EXPANSION",
      "detail": "FCF margin: +64.8% -> +74.3% (+9.5%)",
      "severity": "MEDIUM"
    },
    {
      "quarter": "2022-06 (Q2)",
      "signal": "OPERATING LEVERAGE",
      "detail": "Rev growth +7.1% vs OpEx growth +2.6% (leverage: 2.8x)",
      "severity": "MEDIUM"
    },
    {
      "quarter": "2022-06 (Q2)",
      "signal": "INCREMENTAL MARGIN (YoY)",
      "detail": "YoY Incr OPM: +81.8% vs year-ago OPM: +52.0%",
      "severity": "HIGH"
    },
    {
      "quarter": "2022-03 (Q1)",
      "signal": "FCF MARGIN EXPANSION",
      "detail": "FCF margin: +52.2% -> +64.8% (+12.6%)",
      "severity": "MEDIUM"
    },
    {
      "quarter": "2021-12 (Q4)",
      "signal": "INCREMENTAL MARGIN (YoY)",
      "detail": "YoY Incr OPM: +157.0% vs year-ago OPM: +55.4%",
      "severity": "HIGH"
    },
    {
      "quarter": "2021-09 (Q3)",
      "signal": "OPERATING LEVERAGE",
      "detail": "Rev growth +8.9% vs OpEx growth +2.4% (leverage: 3.7x)",
      "severity": "MEDIUM"
    },
    {
      "quarter": "2021-06 (Q2)",
      "signal": "FCF MARGIN EXPANSION",
      "detail": "FCF margin: +56.8% -> +68.6% (+11.8%)",
      "severity": "MEDIUM"
    },
    {
      "quarter": "2021-06 (Q2)",
      "signal": "OPERATING LEVERAGE",
      "detail": "Rev growth +5.5% vs OpEx growth +0.1% (leverage: 74.7x)",
      "severity": "MEDIUM"
    },
    {
      "quarter": "2021-06 (Q2)",
      "signal": "GROSS MARGIN INFLECTION",
      "detail": "GM: +74.8% -> +74.3% -> +76.5% (reversal +2.2%)",
      "severity": "MEDIUM"
    }
  ],
  "data_quality": {
    "n_quarters": 20,
    "coverage": {
      "revenue": [
        20,
        20
      ],
      "gross_profit": [
        20,
        20
      ],
      "op_income": [
        20,
        20
      ],
      "fcf": [
        20,
        20
      ]
    },
    "gaps": [],
    "warnings": []
  },
  "market_cap": null,
  "source": "SEC EDGAR",
  "last_updated": "2026-02-02T20:08:33.977548",
  "sector": "Real Estate",
  "industry": "REIT - Industrial"
}