{
  "ticker": "EYPT",
  "name": "EyePoint Pharmaceuticals, Inc.",
  "quarters": [
    {
      "date": "2020-12-31T00:00:00",
      "quarter_label": "2020-12 (Q4)",
      "revenue": 7131000,
      "gross_profit": null,
      "operating_income": -12737000,
      "net_income": -15469000,
      "opex": 19868000,
      "cogs": null,
      "rd": 5205000,
      "sga": null,
      "fcf": 5703000,
      "ocf": 5895000,
      "capex": -192000,
      "gross_margin": null,
      "op_margin": -1.7861450007011639,
      "fcf_margin": 0.7997475809844342
    },
    {
      "date": "2021-03-31T00:00:00",
      "quarter_label": "2021-03 (Q1)",
      "revenue": 7323000,
      "gross_profit": null,
      "operating_income": -10935000,
      "net_income": -12280000,
      "opex": 18258000,
      "cogs": null,
      "rd": 5479000,
      "sga": null,
      "fcf": -15099000,
      "ocf": -15099000,
      "capex": null,
      "gross_margin": null,
      "op_margin": -1.4932404752150759,
      "fcf_margin": -2.061859893486276,
      "op_leverage_ratio": Infinity,
      "fcf_margin_change": -2.8616074744707105
    },
    {
      "date": "2021-06-30T00:00:00",
      "quarter_label": "2021-06 (Q2)",
      "revenue": 9013000,
      "gross_profit": null,
      "operating_income": -10979000,
      "net_income": -10010000,
      "opex": 19992000,
      "cogs": null,
      "rd": 5605000,
      "sga": null,
      "fcf": -10568000,
      "ocf": -10543000,
      "capex": -25000,
      "gross_margin": null,
      "op_margin": -1.2181293686896704,
      "fcf_margin": -1.1725285698435592,
      "op_leverage_ratio": 2.4299748576202296,
      "fcf_margin_change": 0.8893313236427169
    },
    {
      "date": "2021-09-30T00:00:00",
      "quarter_label": "2021-09 (Q3)",
      "revenue": 9059000,
      "gross_profit": null,
      "operating_income": -15313000,
      "net_income": -16695000,
      "opex": 24372000,
      "cogs": null,
      "rd": 8498000,
      "sga": null,
      "fcf": -7918000,
      "ocf": -7787000,
      "capex": -131000,
      "gross_margin": null,
      "op_margin": -1.6903631747433492,
      "fcf_margin": -0.8740479081576333,
      "fcf_margin_change": 0.2984806616859259
    },
    {
      "date": "2021-12-31T00:00:00",
      "quarter_label": "2021-12 (Q4)",
      "revenue": 11544000,
      "gross_profit": null,
      "operating_income": -18050000,
      "net_income": -19432000,
      "opex": 29594000,
      "cogs": null,
      "rd": 8918000,
      "sga": null,
      "fcf": -16668000,
      "ocf": -16668000,
      "capex": null,
      "gross_margin": null,
      "op_margin": -1.5635828135828136,
      "fcf_margin": -1.4438669438669438,
      "incr_op_margin_yoy": -1.203942895989123,
      "rev_growth_yoy": 0.6188472864955826,
      "op_leverage_ratio": 1.280266658222371,
      "fcf_margin_change": -0.5698190357093105
    },
    {
      "date": "2022-03-31T00:00:00",
      "quarter_label": "2022-03 (Q1)",
      "revenue": 9294000,
      "gross_profit": null,
      "operating_income": -18284000,
      "net_income": -20976000,
      "opex": 27578000,
      "cogs": null,
      "rd": 9945000,
      "sga": null,
      "fcf": -20307000,
      "ocf": -20158000,
      "capex": -149000,
      "gross_margin": null,
      "op_margin": -1.9672907251990532,
      "fcf_margin": -2.184958037443512,
      "incr_op_margin_yoy": -3.7285641806189753,
      "rev_growth_yoy": 0.2691519868906186,
      "rev_growth_yoy_accel": -0.34969529960496404,
      "fcf_margin_change": -0.741091093576568
    },
    {
      "date": "2022-06-30T00:00:00",
      "quarter_label": "2022-06 (Q2)",
      "revenue": 11565000,
      "gross_profit": null,
      "operating_income": -19216000,
      "net_income": -19406000,
      "opex": 30781000,
      "cogs": null,
      "rd": 12992000,
      "sga": null,
      "fcf": -19341000,
      "ocf": -19123000,
      "capex": -218000,
      "gross_margin": null,
      "op_margin": -1.661565067012538,
      "fcf_margin": -1.6723735408560312,
      "incr_op_margin_yoy": -3.227664576802508,
      "rev_growth_yoy": 0.28314656607123045,
      "rev_growth_yoy_accel": 0.013994579180611866,
      "op_leverage_ratio": 2.1038767520846235,
      "fcf_margin_change": 0.5125844965874806
    },
    {
      "date": "2022-09-30T00:00:00",
      "quarter_label": "2022-09 (Q3)",
      "revenue": 10012000,
      "gross_profit": null,
      "operating_income": -18398000,
      "net_income": -18420000,
      "opex": 28410000,
      "cogs": null,
      "rd": 11162000,
      "sga": null,
      "fcf": -14334000,
      "ocf": -13136000,
      "capex": -1198000,
      "gross_margin": null,
      "op_margin": -1.837594886136636,
      "fcf_margin": -1.4316819816220536,
      "rev_growth_yoy": 0.1051992493652721,
      "rev_growth_yoy_accel": -0.17794731670595837,
      "fcf_margin_change": 0.24069155923397756
    },
    {
      "date": "2022-12-31T00:00:00",
      "quarter_label": "2022-12 (Q4)",
      "revenue": 10533000,
      "gross_profit": null,
      "operating_income": -43735000,
      "net_income": -43452000,
      "opex": 54268000,
      "cogs": null,
      "rd": 15543000,
      "sga": null,
      "fcf": -13173000,
      "ocf": -12588000,
      "capex": -585000,
      "gross_margin": null,
      "op_margin": -4.152188360391151,
      "fcf_margin": -1.2506408430646538,
      "incr_op_margin_yoy": 25.405539070227498,
      "rev_growth_yoy": -0.08757796257796258,
      "rev_growth_yoy_accel": -0.19277721194323466,
      "op_leverage_ratio": 0.057173290110495295,
      "fcf_margin_change": 0.18104113855739978
    },
    {
      "date": "2023-03-31T00:00:00",
      "quarter_label": "2023-03 (Q1)",
      "revenue": 7683000,
      "gross_profit": 7043000,
      "operating_income": -21554000,
      "net_income": -21164000,
      "opex": 29237000,
      "cogs": 640000,
      "rd": 13618000,
      "sga": null,
      "fcf": -17319000,
      "ocf": -16835000,
      "capex": -484000,
      "gross_margin": 0.9166992060393075,
      "op_margin": -2.805414551607445,
      "fcf_margin": -2.2541975790706754,
      "incr_op_margin_yoy": 2.0297951582867784,
      "rev_growth_yoy": -0.17333763718528084,
      "rev_growth_yoy_accel": -0.08575967460731826,
      "fcf_margin_change": -1.0035567360060216
    },
    {
      "date": "2023-06-30T00:00:00",
      "quarter_label": "2023-06 (Q2)",
      "revenue": 9105000,
      "gross_profit": 7313000,
      "operating_income": -22761000,
      "net_income": -22920000,
      "opex": 31866000,
      "cogs": 1792000,
      "rd": 15730000,
      "sga": null,
      "fcf": 56627000,
      "ocf": 57023000,
      "capex": -396000,
      "gross_margin": 0.8031850631521142,
      "op_margin": -2.499835255354201,
      "fcf_margin": 6.219330038440417,
      "incr_op_margin_yoy": 1.4410569105691058,
      "rev_growth_yoy": -0.2127107652399481,
      "rev_growth_yoy_accel": -0.03937312805466728,
      "op_leverage_ratio": 2.0583109518394016,
      "fcf_margin_change": 8.473527617511092
    },
    {
      "date": "2023-09-30T00:00:00",
      "quarter_label": "2023-09 (Q3)",
      "revenue": 15202000,
      "gross_profit": 14000000,
      "operating_income": -14398000,
      "net_income": -12612000,
      "opex": 29600000,
      "cogs": 1202000,
      "rd": 17363000,
      "sga": null,
      "fcf": -16924000,
      "ocf": -15204000,
      "capex": -1720000,
      "gross_margin": 0.9209314563873174,
      "op_margin": -0.9471122220760426,
      "fcf_margin": -1.11327456913564,
      "incr_op_margin_yoy": 0.7707129094412332,
      "rev_growth_yoy": 0.518377946464243,
      "rev_growth_yoy_accel": 0.7310887117041911,
      "op_leverage_ratio": Infinity,
      "fcf_margin_change": -7.332604607576057
    },
    {
      "date": "2023-12-31T00:00:00",
      "quarter_label": "2023-12 (Q4)",
      "revenue": 14028000,
      "gross_profit": null,
      "operating_income": -16354000,
      "net_income": -14099000,
      "opex": 30382000,
      "cogs": null,
      "rd": 17951000,
      "sga": null,
      "fcf": -23992000,
      "ocf": -23109000,
      "capex": -883000,
      "gross_margin": null,
      "op_margin": -1.16581123467351,
      "fcf_margin": -1.7102936983176504,
      "incr_op_margin_yoy": 7.8343347639484975,
      "rev_growth_yoy": 0.3318142979208203,
      "rev_growth_yoy_accel": -0.18656364854342267,
      "fcf_margin_change": -0.5970191291820104
    },
    {
      "date": "2024-03-31T00:00:00",
      "quarter_label": "2024-03 (Q1)",
      "revenue": 11684000,
      "gross_profit": 10925000,
      "operating_income": -33321000,
      "net_income": -29284000,
      "opex": 45005000,
      "cogs": 759000,
      "rd": 30139000,
      "sga": null,
      "fcf": -32365000,
      "ocf": -31171000,
      "capex": -1194000,
      "gross_margin": 0.9350393700787402,
      "op_margin": -2.8518486819582334,
      "fcf_margin": -2.770027387880863,
      "incr_op_margin_yoy": -2.9410147463134217,
      "rev_growth_yoy": 0.5207601197448913,
      "rev_growth_yoy_accel": 0.18894582182407105,
      "fcf_margin_change": -1.0597336895632123
    },
    {
      "date": "2024-06-30T00:00:00",
      "quarter_label": "2024-06 (Q2)",
      "revenue": 9477000,
      "gross_profit": 8076000,
      "operating_income": -34546000,
      "net_income": -30826000,
      "opex": 44023000,
      "cogs": 1401000,
      "rd": 29822000,
      "sga": null,
      "fcf": -21078000,
      "ocf": -20178000,
      "capex": -900000,
      "gross_margin": 0.8521684077239633,
      "op_margin": -3.645246385987127,
      "fcf_margin": -2.224121557454891,
      "rev_growth_yoy": 0.04085667215815486,
      "rev_growth_yoy_accel": -0.4799034475867365,
      "fcf_margin_change": 0.5459058304259718
    },
    {
      "date": "2024-09-30T00:00:00",
      "quarter_label": "2024-09 (Q3)",
      "revenue": 10524000,
      "gross_profit": 9788000,
      "operating_income": -32748000,
      "net_income": -29361000,
      "opex": 43272000,
      "cogs": 736000,
      "rd": 29542000,
      "sga": null,
      "fcf": -40602000,
      "ocf": -39028000,
      "capex": -1574000,
      "gross_margin": 0.9300646142151273,
      "op_margin": -3.111744583808438,
      "fcf_margin": -3.8580387685290765,
      "incr_op_margin_yoy": 3.9226165027789652,
      "rev_growth_yoy": -0.30772266806999077,
      "rev_growth_yoy_accel": -0.34857934022814563,
      "op_leverage_ratio": Infinity,
      "fcf_margin_change": -1.6339172110741855
    },
    {
      "date": "2024-12-31T00:00:00",
      "quarter_label": "2024-12 (Q4)",
      "revenue": 11588000,
      "gross_profit": null,
      "operating_income": -45239000,
      "net_income": -41399000,
      "opex": 56827000,
      "cogs": null,
      "rd": 43372000,
      "sga": null,
      "fcf": -36233000,
      "ocf": -35849000,
      "capex": -384000,
      "gross_margin": null,
      "op_margin": -3.9039523645150154,
      "fcf_margin": -3.1267690714532277,
      "incr_op_margin_yoy": 11.83811475409836,
      "rev_growth_yoy": -0.1739378386084973,
      "rev_growth_yoy_accel": 0.13378482946149348,
      "op_leverage_ratio": 0.3227514745239526,
      "fcf_margin_change": 0.7312696970758488
    },
    {
      "date": "2025-03-31T00:00:00",
      "quarter_label": "2025-03 (Q1)",
      "revenue": 24453000,
      "gross_profit": null,
      "operating_income": -48837000,
      "net_income": -45195000,
      "opex": 73290000,
      "cogs": null,
      "rd": 58574000,
      "sga": null,
      "fcf": -53396000,
      "ocf": -53120000,
      "capex": -276000,
      "gross_margin": null,
      "op_margin": -1.997178260336155,
      "fcf_margin": -2.1836175520386045,
      "incr_op_margin_yoy": -1.2151303939227818,
      "rev_growth_yoy": 1.092862033550154,
      "rev_growth_yoy_accel": 1.2667998721586513,
      "op_leverage_ratio": 3.8321901943440246,
      "fcf_margin_change": 0.9431515194146232
    },
    {
      "date": "2025-06-30T00:00:00",
      "quarter_label": "2025-06 (Q2)",
      "revenue": 5333000,
      "gross_profit": null,
      "operating_income": -62227000,
      "net_income": -59426000,
      "opex": 67560000,
      "cogs": null,
      "rd": 55498000,
      "sga": null,
      "fcf": -63809000,
      "ocf": -62589000,
      "capex": -1220000,
      "gross_margin": null,
      "op_margin": -11.668291768235514,
      "fcf_margin": -11.964935308456779,
      "incr_op_margin_yoy": 6.679777992277992,
      "rev_growth_yoy": -0.43726917800991877,
      "rev_growth_yoy_accel": -1.5301312115600727,
      "fcf_margin_change": -9.781317756418174
    },
    {
      "date": "2025-09-30T00:00:00",
      "quarter_label": "2025-09 (Q3)",
      "revenue": 966000,
      "gross_profit": null,
      "operating_income": -62025000,
      "net_income": -59732000,
      "opex": 62991000,
      "cogs": null,
      "rd": 47754000,
      "sga": null,
      "fcf": -60152000,
      "ocf": -59354000,
      "capex": -798000,
      "gross_margin": null,
      "op_margin": -64.2080745341615,
      "fcf_margin": -62.26915113871635,
      "incr_op_margin_yoy": 3.0630885122410545,
      "rev_growth_yoy": -0.9082098061573546,
      "rev_growth_yoy_accel": -0.4709406281474358,
      "fcf_margin_change": -50.30421583025957
    }
  ],
  "signals": [
    {
      "quarter": "2025-09 (Q3)",
      "signal": "YoY REVENUE GROWTH DECELERATION",
      "detail": "YoY growth: -90.8% vs prior quarter YoY: -43.7% (decel: -47.1%)",
      "severity": "WARNING"
    },
    {
      "quarter": "2025-06 (Q2)",
      "signal": "YoY REVENUE GROWTH DECELERATION",
      "detail": "YoY growth: -43.7% vs prior quarter YoY: +109.3% (decel: -153.0%)",
      "severity": "WARNING"
    },
    {
      "quarter": "2025-03 (Q1)",
      "signal": "FCF MARGIN EXPANSION",
      "detail": "FCF margin: -312.7% -> -218.4% (+94.3%)",
      "severity": "MEDIUM"
    },
    {
      "quarter": "2025-03 (Q1)",
      "signal": "OPERATING LEVERAGE",
      "detail": "Rev growth +111.0% vs OpEx growth +29.0% (leverage: 3.8x)",
      "severity": "MEDIUM"
    },
    {
      "quarter": "2025-03 (Q1)",
      "signal": "YoY REVENUE GROWTH ACCELERATION",
      "detail": "YoY growth: +109.3% vs prior quarter YoY: -17.4% (accel: +126.7%)",
      "severity": "HIGH"
    },
    {
      "quarter": "2024-12 (Q4)",
      "signal": "FCF MARGIN EXPANSION",
      "detail": "FCF margin: -385.8% -> -312.7% (+73.1%)",
      "severity": "MEDIUM"
    },
    {
      "quarter": "2024-12 (Q4)",
      "signal": "YoY REVENUE GROWTH ACCELERATION",
      "detail": "YoY growth: -17.4% vs prior quarter YoY: -30.8% (accel: +13.4%)",
      "severity": "MEDIUM"
    },
    {
      "quarter": "2024-09 (Q3)",
      "signal": "GROSS MARGIN INFLECTION",
      "detail": "GM: +93.5% -> +85.2% -> +93.0% (reversal +7.8%)",
      "severity": "HIGH"
    },
    {
      "quarter": "2024-09 (Q3)",
      "signal": "YoY REVENUE GROWTH DECELERATION",
      "detail": "YoY growth: -30.8% vs prior quarter YoY: +4.1% (decel: -34.9%)",
      "severity": "WARNING"
    },
    {
      "quarter": "2024-06 (Q2)",
      "signal": "FCF MARGIN EXPANSION",
      "detail": "FCF margin: -277.0% -> -222.4% (+54.6%)",
      "severity": "MEDIUM"
    },
    {
      "quarter": "2024-06 (Q2)",
      "signal": "YoY REVENUE GROWTH DECELERATION",
      "detail": "YoY growth: +4.1% vs prior quarter YoY: +52.1% (decel: -48.0%)",
      "severity": "WARNING"
    },
    {
      "quarter": "2024-03 (Q1)",
      "signal": "YoY REVENUE GROWTH ACCELERATION",
      "detail": "YoY growth: +52.1% vs prior quarter YoY: +33.2% (accel: +18.9%)",
      "severity": "HIGH"
    },
    {
      "quarter": "2023-12 (Q4)",
      "signal": "YoY REVENUE GROWTH DECELERATION",
      "detail": "YoY growth: +33.2% vs prior quarter YoY: +51.8% (decel: -18.7%)",
      "severity": "WARNING"
    },
    {
      "quarter": "2023-09 (Q3)",
      "signal": "GROSS MARGIN INFLECTION",
      "detail": "GM: +91.7% -> +80.3% -> +92.1% (reversal +11.8%)",
      "severity": "HIGH"
    },
    {
      "quarter": "2023-09 (Q3)",
      "signal": "YoY REVENUE GROWTH ACCELERATION",
      "detail": "YoY growth: +51.8% vs prior quarter YoY: -21.3% (accel: +73.1%)",
      "severity": "HIGH"
    },
    {
      "quarter": "2023-06 (Q2)",
      "signal": "FCF TURNED POSITIVE",
      "detail": "FCF margin: -225.4% -> +621.9%",
      "severity": "HIGH"
    },
    {
      "quarter": "2023-06 (Q2)",
      "signal": "OPERATING LEVERAGE",
      "detail": "Rev growth +18.5% vs OpEx growth +9.0% (leverage: 2.1x)",
      "severity": "MEDIUM"
    },
    {
      "quarter": "2023-03 (Q1)",
      "signal": "YoY REVENUE GROWTH DECELERATION",
      "detail": "YoY growth: -17.3% vs prior quarter YoY: -8.8% (decel: -8.6%)",
      "severity": "WARNING"
    },
    {
      "quarter": "2022-12 (Q4)",
      "signal": "FCF MARGIN EXPANSION",
      "detail": "FCF margin: -143.2% -> -125.1% (+18.1%)",
      "severity": "MEDIUM"
    },
    {
      "quarter": "2022-12 (Q4)",
      "signal": "YoY REVENUE GROWTH DECELERATION",
      "detail": "YoY growth: -8.8% vs prior quarter YoY: +10.5% (decel: -19.3%)",
      "severity": "WARNING"
    },
    {
      "quarter": "2022-09 (Q3)",
      "signal": "FCF MARGIN EXPANSION",
      "detail": "FCF margin: -167.2% -> -143.2% (+24.1%)",
      "severity": "MEDIUM"
    },
    {
      "quarter": "2022-09 (Q3)",
      "signal": "YoY REVENUE GROWTH DECELERATION",
      "detail": "YoY growth: +10.5% vs prior quarter YoY: +28.3% (decel: -17.8%)",
      "severity": "WARNING"
    },
    {
      "quarter": "2022-06 (Q2)",
      "signal": "FCF MARGIN EXPANSION",
      "detail": "FCF margin: -218.5% -> -167.2% (+51.3%)",
      "severity": "MEDIUM"
    },
    {
      "quarter": "2022-06 (Q2)",
      "signal": "OPERATING LEVERAGE",
      "detail": "Rev growth +24.4% vs OpEx growth +11.6% (leverage: 2.1x)",
      "severity": "MEDIUM"
    },
    {
      "quarter": "2022-03 (Q1)",
      "signal": "YoY REVENUE GROWTH DECELERATION",
      "detail": "YoY growth: +26.9% vs prior quarter YoY: +61.9% (decel: -35.0%)",
      "severity": "WARNING"
    },
    {
      "quarter": "2021-09 (Q3)",
      "signal": "FCF MARGIN EXPANSION",
      "detail": "FCF margin: -117.3% -> -87.4% (+29.8%)",
      "severity": "MEDIUM"
    },
    {
      "quarter": "2021-06 (Q2)",
      "signal": "FCF MARGIN EXPANSION",
      "detail": "FCF margin: -206.2% -> -117.3% (+88.9%)",
      "severity": "MEDIUM"
    },
    {
      "quarter": "2021-06 (Q2)",
      "signal": "OPERATING LEVERAGE",
      "detail": "Rev growth +23.1% vs OpEx growth +9.5% (leverage: 2.4x)",
      "severity": "MEDIUM"
    }
  ],
  "data_quality": {
    "n_quarters": 20,
    "coverage": {
      "revenue": [
        20,
        20
      ],
      "gross_profit": [
        6,
        20
      ],
      "op_income": [
        20,
        20
      ],
      "fcf": [
        20,
        20
      ]
    },
    "gaps": [],
    "warnings": [
      "gross_profit: 6/20Q"
    ]
  },
  "market_cap": null,
  "source": "SEC EDGAR",
  "last_updated": "2026-02-02T21:53:28.861925",
  "sector": "Healthcare",
  "industry": "Biotechnology"
}