{
  "ticker": "EZPW",
  "name": "EZCORP, INC.",
  "quarters": [
    {
      "date": "2020-12-31T00:00:00",
      "quarter_label": "2020-12 (Q4)",
      "revenue": 178135000,
      "gross_profit": 108390000,
      "operating_income": 9021000,
      "net_income": 4299000,
      "opex": 99369000,
      "cogs": null,
      "rd": null,
      "sga": null,
      "fcf": -4513000,
      "ocf": -4513000,
      "capex": null,
      "gross_margin": 0.6084711033766526,
      "op_margin": 0.050641367502175315,
      "fcf_margin": -0.02533471805091644
    },
    {
      "date": "2021-03-31T00:00:00",
      "quarter_label": "2021-03 (Q1)",
      "revenue": 184939000,
      "gross_profit": 113748000,
      "operating_income": 10627000,
      "net_income": 5330000,
      "opex": 103121000,
      "cogs": null,
      "rd": null,
      "sga": null,
      "fcf": 23234000,
      "ocf": 23234000,
      "capex": null,
      "gross_margin": 0.6150568565851443,
      "op_margin": 0.05746219023569934,
      "fcf_margin": 0.1256306133373707,
      "op_leverage_ratio": 1.0115867598320745,
      "fcf_margin_change": 0.15096533138828713
    },
    {
      "date": "2021-06-30T00:00:00",
      "quarter_label": "2021-06 (Q2)",
      "revenue": 174033000,
      "gross_profit": 108021000,
      "operating_income": 3713000,
      "net_income": -2570000,
      "opex": 104308000,
      "cogs": null,
      "rd": null,
      "sga": null,
      "fcf": 14401000,
      "ocf": 14401000,
      "capex": null,
      "gross_margin": 0.6206926272603471,
      "op_margin": 0.02133503416018801,
      "fcf_margin": 0.08274867410203812,
      "fcf_margin_change": -0.04288193923533257
    },
    {
      "date": "2021-09-30T00:00:00",
      "quarter_label": "2021-09 (Q3)",
      "revenue": 192444000,
      "gross_profit": 119326000,
      "operating_income": 7808000,
      "net_income": 1553000,
      "opex": 111518000,
      "cogs": null,
      "rd": null,
      "sga": null,
      "fcf": 13316000,
      "ocf": 13316000,
      "capex": null,
      "gross_margin": 0.6200557045166386,
      "op_margin": 0.04057284196961194,
      "fcf_margin": 0.06919415518280643,
      "op_leverage_ratio": 1.530481643074484,
      "fcf_margin_change": -0.013554518919231692
    },
    {
      "date": "2021-12-31T00:00:00",
      "quarter_label": "2021-12 (Q4)",
      "revenue": 220994000,
      "gross_profit": 132111000,
      "operating_income": 22216000,
      "net_income": 15721000,
      "opex": 109895000,
      "cogs": null,
      "rd": null,
      "sga": null,
      "fcf": 9018000,
      "ocf": 9018000,
      "capex": null,
      "gross_margin": 0.5978035602776546,
      "op_margin": 0.10052761613437469,
      "fcf_margin": 0.040806537734056125,
      "incr_op_margin_yoy": 0.30786999230033363,
      "rev_growth_yoy": 0.24059842254469924,
      "op_leverage_ratio": Infinity,
      "fcf_margin_change": -0.028387617448750305
    },
    {
      "date": "2022-03-31T00:00:00",
      "quarter_label": "2022-03 (Q1)",
      "revenue": 215982000,
      "gross_profit": 128928000,
      "operating_income": 24205000,
      "net_income": 14887000,
      "opex": 104723000,
      "cogs": null,
      "rd": null,
      "sga": null,
      "fcf": 21557000,
      "ocf": 21557000,
      "capex": null,
      "gross_margin": 0.5969386337750368,
      "op_margin": 0.1120695243122112,
      "fcf_margin": 0.09980924336287283,
      "incr_op_margin_yoy": 0.43739329317398445,
      "rev_growth_yoy": 0.16785534689816642,
      "rev_growth_yoy_accel": -0.07274307564653282,
      "fcf_margin_change": 0.05900270562881671
    },
    {
      "date": "2022-06-30T00:00:00",
      "quarter_label": "2022-06 (Q2)",
      "revenue": 215842000,
      "gross_profit": 129508000,
      "operating_income": 13617000,
      "net_income": 12215000,
      "opex": 115891000,
      "cogs": null,
      "rd": null,
      "sga": null,
      "fcf": 17919000,
      "ocf": 17919000,
      "capex": null,
      "gross_margin": 0.6000129724520714,
      "op_margin": 0.06308781423448634,
      "fcf_margin": 0.0830190602385078,
      "incr_op_margin_yoy": 0.23688679470927312,
      "rev_growth_yoy": 0.24023604718645314,
      "rev_growth_yoy_accel": 0.07238070028828672,
      "fcf_margin_change": -0.016790183124365032
    },
    {
      "date": "2022-09-30T00:00:00",
      "quarter_label": "2022-09 (Q3)",
      "revenue": 233407000,
      "gross_profit": 137600000,
      "operating_income": 14884000,
      "net_income": 7337000,
      "opex": 122716000,
      "cogs": null,
      "rd": null,
      "sga": null,
      "fcf": 18041000,
      "ocf": 18041000,
      "capex": null,
      "gross_margin": 0.5895281632513164,
      "op_margin": 0.0637684388214578,
      "fcf_margin": 0.07729416855535609,
      "incr_op_margin_yoy": 0.17274125430266338,
      "rev_growth_yoy": 0.2128567271517948,
      "rev_growth_yoy_accel": -0.027379320034658344,
      "op_leverage_ratio": 1.3818447478522906,
      "fcf_margin_change": -0.005724891683151712
    },
    {
      "date": "2022-12-31T00:00:00",
      "quarter_label": "2022-12 (Q4)",
      "revenue": 264327000,
      "gross_profit": 152497000,
      "operating_income": 28246000,
      "net_income": 16778000,
      "opex": 124251000,
      "cogs": null,
      "rd": null,
      "sga": null,
      "fcf": 11668000,
      "ocf": 11668000,
      "capex": null,
      "gross_margin": 0.5769255505491304,
      "op_margin": 0.10686006348197498,
      "fcf_margin": 0.044142293447131775,
      "incr_op_margin_yoy": 0.13915491657628135,
      "rev_growth_yoy": 0.19608224657683013,
      "rev_growth_yoy_accel": -0.016774480574964667,
      "op_leverage_ratio": 10.590547673857477,
      "fcf_margin_change": -0.033151875108224316
    },
    {
      "date": "2023-03-31T00:00:00",
      "quarter_label": "2023-03 (Q1)",
      "revenue": 258423000,
      "gross_profit": 149182000,
      "operating_income": 26733000,
      "net_income": -6790000,
      "opex": 122449000,
      "cogs": null,
      "rd": null,
      "sga": null,
      "fcf": 35159000,
      "ocf": 35159000,
      "capex": null,
      "gross_margin": 0.5772783382284085,
      "op_margin": 0.10344667463809336,
      "fcf_margin": 0.13605213158271517,
      "incr_op_margin_yoy": 0.05956504323649301,
      "rev_growth_yoy": 0.1965024863183043,
      "rev_growth_yoy_accel": 0.00042023974147417653,
      "fcf_margin_change": 0.0919098381355834
    },
    {
      "date": "2023-06-30T00:00:00",
      "quarter_label": "2023-06 (Q2)",
      "revenue": 255812000,
      "gross_profit": 148785000,
      "operating_income": 20612000,
      "net_income": 18222000,
      "opex": 128173000,
      "cogs": null,
      "rd": null,
      "sga": null,
      "fcf": 27482000,
      "ocf": 27482000,
      "capex": null,
      "gross_margin": 0.5816185323597016,
      "op_margin": 0.08057479711663253,
      "fcf_margin": 0.10743045674166966,
      "incr_op_margin_yoy": 0.17500625469101827,
      "rev_growth_yoy": 0.18518175331955783,
      "rev_growth_yoy_accel": -0.011320732998746474,
      "fcf_margin_change": -0.02862167484104551
    },
    {
      "date": "2023-09-30T00:00:00",
      "quarter_label": "2023-09 (Q3)",
      "revenue": 270479000,
      "gross_profit": 159374000,
      "operating_income": 16559000,
      "net_income": 10253000,
      "opex": 142815000,
      "cogs": null,
      "rd": null,
      "sga": null,
      "fcf": 27525000,
      "ocf": 27525000,
      "capex": null,
      "gross_margin": 0.5892287386451444,
      "op_margin": 0.06122101900702088,
      "fcf_margin": 0.10176390773405698,
      "incr_op_margin_yoy": 0.045182347863616745,
      "rev_growth_yoy": 0.15882985514573256,
      "rev_growth_yoy_accel": -0.026351898173825272,
      "op_leverage_ratio": 0.5018992258441535,
      "fcf_margin_change": -0.005666549007612681
    },
    {
      "date": "2023-12-31T00:00:00",
      "quarter_label": "2023-12 (Q4)",
      "revenue": 299991000,
      "gross_profit": 172573000,
      "operating_income": 37082000,
      "net_income": 28470000,
      "opex": 135491000,
      "cogs": null,
      "rd": null,
      "sga": null,
      "fcf": 21481000,
      "ocf": 21481000,
      "capex": null,
      "gross_margin": 0.5752605911510679,
      "op_margin": 0.12361037497791601,
      "fcf_margin": 0.07160548149777826,
      "incr_op_margin_yoy": 0.24775684163301928,
      "rev_growth_yoy": 0.13492378758129137,
      "rev_growth_yoy_accel": -0.02390606756444119,
      "op_leverage_ratio": Infinity,
      "fcf_margin_change": -0.03015842623627872
    },
    {
      "date": "2024-03-31T00:00:00",
      "quarter_label": "2024-03 (Q1)",
      "revenue": 285639000,
      "gross_profit": 167592000,
      "operating_income": 27287000,
      "net_income": 21479000,
      "opex": 140305000,
      "cogs": null,
      "rd": null,
      "sga": null,
      "fcf": 15067000,
      "ocf": 15067000,
      "capex": null,
      "gross_margin": 0.5867266024597482,
      "op_margin": 0.09552967206859007,
      "fcf_margin": 0.05274839920319004,
      "incr_op_margin_yoy": 0.02035567313345091,
      "rev_growth_yoy": 0.10531570332362057,
      "rev_growth_yoy_accel": -0.029608084257670794,
      "fcf_margin_change": -0.01885708229458822
    },
    {
      "date": "2024-06-30T00:00:00",
      "quarter_label": "2024-06 (Q2)",
      "revenue": 281421000,
      "gross_profit": 166727000,
      "operating_income": 22154000,
      "net_income": 17950000,
      "opex": 144573000,
      "cogs": null,
      "rd": null,
      "sga": null,
      "fcf": 33716000,
      "ocf": 33716000,
      "capex": null,
      "gross_margin": 0.5924469033938476,
      "op_margin": 0.07872191485354682,
      "fcf_margin": 0.11980626889962014,
      "incr_op_margin_yoy": 0.060213206294662036,
      "rev_growth_yoy": 0.10010867355714352,
      "rev_growth_yoy_accel": -0.00520702976647705,
      "fcf_margin_change": 0.0670578696964301
    },
    {
      "date": "2024-09-30T00:00:00",
      "quarter_label": "2024-09 (Q3)",
      "revenue": 294551000,
      "gross_profit": 175381000,
      "operating_income": 26007000,
      "net_income": 15196000,
      "opex": 149374000,
      "cogs": null,
      "rd": null,
      "sga": null,
      "fcf": 43336000,
      "ocf": 43336000,
      "capex": null,
      "gross_margin": 0.5954181109553184,
      "op_margin": 0.0882937080505583,
      "fcf_margin": 0.1471256251039718,
      "incr_op_margin_yoy": 0.3924891990694583,
      "rev_growth_yoy": 0.08899766710169736,
      "rev_growth_yoy_accel": -0.01111100645544616,
      "op_leverage_ratio": 1.4049591959038015,
      "fcf_margin_change": 0.027319356204351677
    },
    {
      "date": "2024-12-31T00:00:00",
      "quarter_label": "2024-12 (Q4)",
      "revenue": 320170000,
      "gross_profit": 185404000,
      "operating_income": 41941000,
      "net_income": 31016000,
      "opex": 143463000,
      "cogs": null,
      "rd": null,
      "sga": null,
      "fcf": 25991000,
      "ocf": 25991000,
      "capex": null,
      "gross_margin": 0.5790798638223443,
      "op_margin": 0.13099603335727894,
      "fcf_margin": 0.08117874878970546,
      "incr_op_margin_yoy": 0.24079488577233757,
      "rev_growth_yoy": 0.06726535129387215,
      "rev_growth_yoy_accel": -0.02173231580782521,
      "op_leverage_ratio": Infinity,
      "fcf_margin_change": -0.06594687631426635
    },
    {
      "date": "2025-03-31T00:00:00",
      "quarter_label": "2025-03 (Q1)",
      "revenue": 306316000,
      "gross_profit": 178452000,
      "operating_income": 34248000,
      "net_income": 25390000,
      "opex": 144204000,
      "cogs": null,
      "rd": null,
      "sga": null,
      "fcf": 36937000,
      "ocf": 36937000,
      "capex": null,
      "gross_margin": 0.5825748573368678,
      "op_margin": 0.11180610872432391,
      "fcf_margin": 0.12058462502774912,
      "incr_op_margin_yoy": 0.3366542535184021,
      "rev_growth_yoy": 0.07238857438935159,
      "rev_growth_yoy_accel": 0.00512322309547944,
      "fcf_margin_change": 0.03940587623804366
    },
    {
      "date": "2025-06-30T00:00:00",
      "quarter_label": "2025-06 (Q2)",
      "revenue": 310981000,
      "gross_profit": 183639000,
      "operating_income": 35995000,
      "net_income": 26503000,
      "opex": 147644000,
      "cogs": null,
      "rd": null,
      "sga": null,
      "fcf": 34802000,
      "ocf": 34802000,
      "capex": null,
      "gross_margin": 0.590515176168319,
      "op_margin": 0.11574662117621334,
      "fcf_margin": 0.11191037394567514,
      "incr_op_margin_yoy": 0.468234100135318,
      "rev_growth_yoy": 0.10503835890001102,
      "rev_growth_yoy_accel": 0.03264978451065943,
      "op_leverage_ratio": 0.6384116896155574,
      "fcf_margin_change": -0.00867425108207398
    },
    {
      "date": "2025-09-30T00:00:00",
      "quarter_label": "2025-09 (Q3)",
      "revenue": 336813000,
      "gross_profit": 198570000,
      "operating_income": 36985000,
      "net_income": 26704000,
      "opex": 161585000,
      "cogs": null,
      "rd": null,
      "sga": null,
      "fcf": 51255000,
      "ocf": 51255000,
      "capex": null,
      "gross_margin": 0.5895556287910503,
      "op_margin": 0.10980870690858131,
      "fcf_margin": 0.15217643024467584,
      "incr_op_margin_yoy": 0.25976054138469545,
      "rev_growth_yoy": 0.14347939745578864,
      "rev_growth_yoy_accel": 0.038441038555777615,
      "op_leverage_ratio": 0.879723213008828,
      "fcf_margin_change": 0.040266056299000694
    }
  ],
  "signals": [
    {
      "quarter": "2025-09 (Q3)",
      "signal": "INCREMENTAL MARGIN (YoY)",
      "detail": "YoY Incr OPM: +26.0% vs year-ago OPM: +8.8%",
      "severity": "MEDIUM"
    },
    {
      "quarter": "2025-06 (Q2)",
      "signal": "INCREMENTAL MARGIN (YoY)",
      "detail": "YoY Incr OPM: +46.8% vs year-ago OPM: +7.9%",
      "severity": "HIGH"
    },
    {
      "quarter": "2025-03 (Q1)",
      "signal": "INCREMENTAL MARGIN (YoY)",
      "detail": "YoY Incr OPM: +33.7% vs year-ago OPM: +9.6%",
      "severity": "HIGH"
    },
    {
      "quarter": "2024-12 (Q4)",
      "signal": "INCREMENTAL MARGIN (YoY)",
      "detail": "YoY Incr OPM: +24.1% vs year-ago OPM: +12.4%",
      "severity": "MEDIUM"
    },
    {
      "quarter": "2024-09 (Q3)",
      "signal": "INCREMENTAL MARGIN (YoY)",
      "detail": "YoY Incr OPM: +39.2% vs year-ago OPM: +6.1%",
      "severity": "HIGH"
    },
    {
      "quarter": "2024-06 (Q2)",
      "signal": "FCF MARGIN EXPANSION",
      "detail": "FCF margin: +5.3% -> +12.0% (+6.7%)",
      "severity": "MEDIUM"
    },
    {
      "quarter": "2023-12 (Q4)",
      "signal": "INCREMENTAL MARGIN (YoY)",
      "detail": "YoY Incr OPM: +24.8% vs year-ago OPM: +10.7%",
      "severity": "MEDIUM"
    },
    {
      "quarter": "2023-06 (Q2)",
      "signal": "INCREMENTAL MARGIN (YoY)",
      "detail": "YoY Incr OPM: +17.5% vs year-ago OPM: +6.3%",
      "severity": "MEDIUM"
    },
    {
      "quarter": "2023-03 (Q1)",
      "signal": "FCF MARGIN EXPANSION",
      "detail": "FCF margin: +4.4% -> +13.6% (+9.2%)",
      "severity": "MEDIUM"
    },
    {
      "quarter": "2022-12 (Q4)",
      "signal": "OPERATING LEVERAGE",
      "detail": "Rev growth +13.2% vs OpEx growth +1.3% (leverage: 10.6x)",
      "severity": "MEDIUM"
    },
    {
      "quarter": "2022-09 (Q3)",
      "signal": "INCREMENTAL MARGIN (YoY)",
      "detail": "YoY Incr OPM: +17.3% vs year-ago OPM: +4.1%",
      "severity": "MEDIUM"
    },
    {
      "quarter": "2022-06 (Q2)",
      "signal": "YoY REVENUE GROWTH ACCELERATION",
      "detail": "YoY growth: +24.0% vs prior quarter YoY: +16.8% (accel: +7.2%)",
      "severity": "MEDIUM"
    },
    {
      "quarter": "2022-06 (Q2)",
      "signal": "INCREMENTAL MARGIN (YoY)",
      "detail": "YoY Incr OPM: +23.7% vs year-ago OPM: +2.1%",
      "severity": "HIGH"
    },
    {
      "quarter": "2022-03 (Q1)",
      "signal": "FCF MARGIN EXPANSION",
      "detail": "FCF margin: +4.1% -> +10.0% (+5.9%)",
      "severity": "MEDIUM"
    },
    {
      "quarter": "2022-03 (Q1)",
      "signal": "YoY REVENUE GROWTH DECELERATION",
      "detail": "YoY growth: +16.8% vs prior quarter YoY: +24.1% (decel: -7.3%)",
      "severity": "WARNING"
    },
    {
      "quarter": "2022-03 (Q1)",
      "signal": "INCREMENTAL MARGIN (YoY)",
      "detail": "YoY Incr OPM: +43.7% vs year-ago OPM: +5.7%",
      "severity": "HIGH"
    },
    {
      "quarter": "2021-12 (Q4)",
      "signal": "INCREMENTAL MARGIN (YoY)",
      "detail": "YoY Incr OPM: +30.8% vs year-ago OPM: +5.1%",
      "severity": "HIGH"
    },
    {
      "quarter": "2021-09 (Q3)",
      "signal": "OPERATING LEVERAGE",
      "detail": "Rev growth +10.6% vs OpEx growth +6.9% (leverage: 1.5x)",
      "severity": "MEDIUM"
    },
    {
      "quarter": "2021-03 (Q1)",
      "signal": "FCF TURNED POSITIVE",
      "detail": "FCF margin: -2.5% -> +12.6%",
      "severity": "HIGH"
    }
  ],
  "data_quality": {
    "n_quarters": 20,
    "coverage": {
      "revenue": [
        20,
        20
      ],
      "gross_profit": [
        20,
        20
      ],
      "op_income": [
        20,
        20
      ],
      "fcf": [
        20,
        20
      ]
    },
    "gaps": [],
    "warnings": []
  },
  "market_cap": null,
  "source": "SEC EDGAR",
  "last_updated": "2026-02-02T21:53:50.253084"
}