{
  "ticker": "F-PB",
  "name": "FORD MOTOR CO",
  "quarters": [
    {
      "date": "2020-12-31T00:00:00",
      "quarter_label": "2020-12 (Q4)",
      "revenue": 35952000000,
      "gross_profit": 2877000000,
      "operating_income": -2442000000,
      "net_income": null,
      "opex": 38394000000,
      "cogs": 33075000000,
      "rd": null,
      "sga": 3530000000,
      "fcf": 4539000000,
      "ocf": 4539000000,
      "capex": null,
      "gross_margin": 0.08002336448598131,
      "op_margin": -0.06792389853137516,
      "fcf_margin": 0.1262516688918558
    },
    {
      "date": "2021-03-31T00:00:00",
      "quarter_label": "2021-03 (Q1)",
      "revenue": 36228000000,
      "gross_profit": 6931000000,
      "operating_income": 2464000000,
      "net_income": null,
      "opex": 33764000000,
      "cogs": 29297000000,
      "rd": null,
      "sga": 2843000000,
      "fcf": 4492000000,
      "ocf": 4492000000,
      "capex": null,
      "gross_margin": 0.19131610908689411,
      "op_margin": 0.06801369106768246,
      "fcf_margin": 0.12399249199514188,
      "fcf_margin_change": -0.002259176896713913
    },
    {
      "date": "2021-06-30T00:00:00",
      "quarter_label": "2021-06 (Q2)",
      "revenue": 26752000000,
      "gross_profit": 3848000000,
      "operating_income": -22000000,
      "net_income": null,
      "opex": 26774000000,
      "cogs": 22904000000,
      "rd": null,
      "sga": 2877000000,
      "fcf": 756000000,
      "ocf": 756000000,
      "capex": null,
      "gross_margin": 0.1438397129186603,
      "op_margin": -0.0008223684210526315,
      "fcf_margin": 0.02825956937799043,
      "fcf_margin_change": -0.09573292261715145
    },
    {
      "date": "2021-09-30T00:00:00",
      "quarter_label": "2021-09 (Q3)",
      "revenue": 35683000000,
      "gross_profit": 5626000000,
      "operating_income": 1342000000,
      "net_income": null,
      "opex": 34341000000,
      "cogs": 30057000000,
      "rd": null,
      "sga": 2947000000,
      "fcf": 7008000000,
      "ocf": 7008000000,
      "capex": null,
      "gross_margin": 0.15766611551719306,
      "op_margin": 0.037608945436202114,
      "fcf_margin": 0.19639604293360985,
      "op_leverage_ratio": 1.1812269819437584,
      "fcf_margin_change": 0.16813647355561942
    },
    {
      "date": "2021-12-31T00:00:00",
      "quarter_label": "2021-12 (Q4)",
      "revenue": 37678000000,
      "gross_profit": 5285000000,
      "operating_income": 739000000,
      "net_income": null,
      "opex": 36939000000,
      "cogs": 32393000000,
      "rd": null,
      "sga": 3248000000,
      "fcf": 3531000000,
      "ocf": 3531000000,
      "capex": null,
      "gross_margin": 0.1402675301236796,
      "op_margin": 0.019613567599129467,
      "fcf_margin": 0.09371516534847922,
      "incr_op_margin_yoy": 1.842989571263036,
      "rev_growth_yoy": 0.04800845571873609,
      "op_leverage_ratio": 0.7390185349710456,
      "fcf_margin_change": -0.10268087758513063
    },
    {
      "date": "2022-03-31T00:00:00",
      "quarter_label": "2022-03 (Q1)",
      "revenue": 34476000000,
      "gross_profit": 5440000000,
      "operating_income": 1343000000,
      "net_income": -3110000000,
      "opex": 33133000000,
      "cogs": 29036000000,
      "rd": null,
      "sga": 2740000000,
      "fcf": -1084000000,
      "ocf": -1084000000,
      "capex": null,
      "gross_margin": 0.15779092702169625,
      "op_margin": 0.03895463510848126,
      "fcf_margin": -0.03144216266388212,
      "incr_op_margin_yoy": 0.6398401826484018,
      "rev_growth_yoy": -0.0483603842331898,
      "rev_growth_yoy_accel": -0.09636883995192588,
      "fcf_margin_change": -0.12515732801236135
    },
    {
      "date": "2022-06-30T00:00:00",
      "quarter_label": "2022-06 (Q2)",
      "revenue": 40190000000,
      "gross_profit": 6999000000,
      "operating_income": 2868000000,
      "net_income": 667000000,
      "opex": 37322000000,
      "cogs": 33191000000,
      "rd": null,
      "sga": 2759000000,
      "fcf": 2947000000,
      "ocf": 2947000000,
      "capex": null,
      "gross_margin": 0.17414779795969146,
      "op_margin": 0.07136103508335406,
      "fcf_margin": 0.07332669818362776,
      "incr_op_margin_yoy": 0.21506176514362257,
      "rev_growth_yoy": 0.5023175837320574,
      "rev_growth_yoy_accel": 0.5506779679652472,
      "op_leverage_ratio": 1.3109126796347905,
      "fcf_margin_change": 0.10476886084750989
    },
    {
      "date": "2022-09-30T00:00:00",
      "quarter_label": "2022-09 (Q3)",
      "revenue": 39392000000,
      "gross_profit": 5038000000,
      "operating_income": 504000000,
      "net_income": -827000000,
      "opex": 38888000000,
      "cogs": 34354000000,
      "rd": null,
      "sga": 2847000000,
      "fcf": 3812000000,
      "ocf": 3812000000,
      "capex": null,
      "gross_margin": 0.12789398862713242,
      "op_margin": 0.012794476035743298,
      "fcf_margin": 0.09677091795288384,
      "incr_op_margin_yoy": -0.22593691021838772,
      "rev_growth_yoy": 0.1039430541154051,
      "rev_growth_yoy_accel": -0.39837452961665226,
      "fcf_margin_change": 0.023444219769256078
    },
    {
      "date": "2022-12-31T00:00:00",
      "quarter_label": "2022-12 (Q4)",
      "revenue": 43999000000,
      "gross_profit": 6183000000,
      "operating_income": 1561000000,
      "net_income": null,
      "opex": 42438000000,
      "cogs": 37816000000,
      "rd": null,
      "sga": 2542000000,
      "fcf": 1178000000,
      "ocf": 1178000000,
      "capex": null,
      "gross_margin": 0.14052592104366007,
      "op_margin": 0.035478079047251074,
      "fcf_margin": 0.026773335757630856,
      "incr_op_margin_yoy": 0.13004271476032273,
      "rev_growth_yoy": 0.167763681724083,
      "rev_growth_yoy_accel": 0.06382062760867792,
      "op_leverage_ratio": 1.2811424926488255,
      "fcf_margin_change": -0.06999758219525298
    },
    {
      "date": "2023-03-31T00:00:00",
      "quarter_label": "2023-03 (Q1)",
      "revenue": 41474000000,
      "gross_profit": 6805000000,
      "operating_income": 2113000000,
      "net_income": 1757000000,
      "opex": 39361000000,
      "cogs": 34669000000,
      "rd": null,
      "sga": 2506000000,
      "fcf": 2800000000,
      "ocf": 2800000000,
      "capex": null,
      "gross_margin": 0.16407869990837634,
      "op_margin": 0.05094758161739885,
      "fcf_margin": 0.06751217630322612,
      "incr_op_margin_yoy": 0.11003143755358674,
      "rev_growth_yoy": 0.20298178442974824,
      "rev_growth_yoy_accel": 0.03521810270566522,
      "fcf_margin_change": 0.04073884054559526
    },
    {
      "date": "2023-06-30T00:00:00",
      "quarter_label": "2023-06 (Q2)",
      "revenue": 44954000000,
      "gross_profit": 7483000000,
      "operating_income": 2461000000,
      "net_income": 1917000000,
      "opex": 42493000000,
      "cogs": 37471000000,
      "rd": null,
      "sga": 2750000000,
      "fcf": 5035000000,
      "ocf": 5035000000,
      "capex": null,
      "gross_margin": 0.16645904702584866,
      "op_margin": 0.054744850291409,
      "fcf_margin": 0.11200338123415046,
      "incr_op_margin_yoy": -0.08543240973971453,
      "rev_growth_yoy": 0.11853694948992287,
      "rev_growth_yoy_accel": -0.08444483493982537,
      "op_leverage_ratio": 1.054502687091779,
      "fcf_margin_change": 0.044491204930924344
    },
    {
      "date": "2023-09-30T00:00:00",
      "quarter_label": "2023-09 (Q3)",
      "revenue": 43801000000,
      "gross_profit": 6253000000,
      "operating_income": 1129000000,
      "net_income": 1199000000,
      "opex": 42672000000,
      "cogs": 37548000000,
      "rd": null,
      "sga": 2671000000,
      "fcf": 4591000000,
      "ocf": 4591000000,
      "capex": null,
      "gross_margin": 0.14275929773292848,
      "op_margin": 0.025775667222209538,
      "fcf_margin": 0.10481495856258989,
      "incr_op_margin_yoy": 0.1417555001134044,
      "rev_growth_yoy": 0.11192627944760357,
      "rev_growth_yoy_accel": -0.0066106700423193,
      "fcf_margin_change": -0.007188422671560571
    },
    {
      "date": "2023-12-31T00:00:00",
      "quarter_label": "2023-12 (Q4)",
      "revenue": 45962000000,
      "gross_profit": 5100000000,
      "operating_income": -245000000,
      "net_income": null,
      "opex": 46207000000,
      "cogs": 40862000000,
      "rd": null,
      "sga": 2775000000,
      "fcf": 2492000000,
      "ocf": 2492000000,
      "capex": null,
      "gross_margin": 0.11096122884121666,
      "op_margin": -0.005330490405117271,
      "fcf_margin": 0.05421870240633567,
      "incr_op_margin_yoy": -0.9200203769740194,
      "rev_growth_yoy": 0.044614650332962115,
      "rev_growth_yoy_accel": -0.06731162911464145,
      "op_leverage_ratio": 0.5955583544930142,
      "fcf_margin_change": -0.050596256156254224
    },
    {
      "date": "2024-03-31T00:00:00",
      "quarter_label": "2024-03 (Q1)",
      "revenue": 42777000000,
      "gross_profit": 6301000000,
      "operating_income": 1225000000,
      "net_income": 1332000000,
      "opex": 41552000000,
      "cogs": 36476000000,
      "rd": null,
      "sga": 2376000000,
      "fcf": 1385000000,
      "ocf": 1385000000,
      "capex": null,
      "gross_margin": 0.14729878205577765,
      "op_margin": 0.0286368843069874,
      "fcf_margin": 0.032377212053206164,
      "incr_op_margin_yoy": -0.681504221028396,
      "rev_growth_yoy": 0.03141727347253701,
      "rev_growth_yoy_accel": -0.013197376860425103,
      "fcf_margin_change": -0.021841490353129503
    },
    {
      "date": "2024-06-30T00:00:00",
      "quarter_label": "2024-06 (Q2)",
      "revenue": 47808000000,
      "gross_profit": 7319000000,
      "operating_income": 1883000000,
      "net_income": 1831000000,
      "opex": 45925000000,
      "cogs": 40489000000,
      "rd": null,
      "sga": 2678000000,
      "fcf": 5508000000,
      "ocf": 5508000000,
      "capex": null,
      "gross_margin": 0.1530915327978581,
      "op_margin": 0.03938671352074966,
      "fcf_margin": 0.11521084337349398,
      "incr_op_margin_yoy": -0.2025227750525578,
      "rev_growth_yoy": 0.06348712016728211,
      "rev_growth_yoy_accel": 0.0320698466947451,
      "op_leverage_ratio": 1.1175229442148518,
      "fcf_margin_change": 0.08283363132028781
    },
    {
      "date": "2024-09-30T00:00:00",
      "quarter_label": "2024-09 (Q3)",
      "revenue": 46196000000,
      "gross_profit": 6028000000,
      "operating_income": 880000000,
      "net_income": 892000000,
      "opex": 45316000000,
      "cogs": 40168000000,
      "rd": null,
      "sga": 2456000000,
      "fcf": 5502000000,
      "ocf": 5502000000,
      "capex": null,
      "gross_margin": 0.1304874880942073,
      "op_margin": 0.019049268334920773,
      "fcf_margin": 0.1191012208849251,
      "incr_op_margin_yoy": -0.10396659707724426,
      "rev_growth_yoy": 0.05467911691513892,
      "rev_growth_yoy_accel": -0.00880800325214319,
      "fcf_margin_change": 0.00389037751143112
    },
    {
      "date": "2024-12-31T00:00:00",
      "quarter_label": "2024-12 (Q4)",
      "revenue": 48211000000,
      "gross_profit": 6910000000,
      "operating_income": 1231000000,
      "net_income": null,
      "opex": 46980000000,
      "cogs": 41301000000,
      "rd": null,
      "sga": 2777000000,
      "fcf": 3028000000,
      "ocf": 3028000000,
      "capex": null,
      "gross_margin": 0.14332828607579184,
      "op_margin": 0.025533591918856693,
      "fcf_margin": 0.06280724316027463,
      "incr_op_margin_yoy": 0.6562916851934193,
      "rev_growth_yoy": 0.04893172620860711,
      "rev_growth_yoy_accel": -0.00574739070653181,
      "op_leverage_ratio": 1.1878700266256816,
      "fcf_margin_change": -0.056293977724650474
    },
    {
      "date": "2025-03-31T00:00:00",
      "quarter_label": "2025-03 (Q1)",
      "revenue": 40659000000,
      "gross_profit": 5471000000,
      "operating_income": 319000000,
      "net_income": 471000000,
      "opex": 40340000000,
      "cogs": 35188000000,
      "rd": null,
      "sga": 2431000000,
      "fcf": 3679000000,
      "ocf": 3679000000,
      "capex": null,
      "gross_margin": 0.13455815440615854,
      "op_margin": 0.00784574141026587,
      "fcf_margin": 0.09048427162497848,
      "incr_op_margin_yoy": 0.42776203966005666,
      "rev_growth_yoy": -0.04951258854057087,
      "rev_growth_yoy_accel": -0.09844431474917797,
      "fcf_margin_change": 0.02767702846470385
    },
    {
      "date": "2025-06-30T00:00:00",
      "quarter_label": "2025-06 (Q2)",
      "revenue": 50184000000,
      "gross_profit": 5939000000,
      "operating_income": 511000000,
      "net_income": -36000000,
      "opex": 49673000000,
      "cogs": 44245000000,
      "rd": null,
      "sga": 2706000000,
      "fcf": 6317000000,
      "ocf": 6317000000,
      "capex": null,
      "gross_margin": 0.11834449226845209,
      "op_margin": 0.010182528295871194,
      "fcf_margin": 0.1258767734736171,
      "incr_op_margin_yoy": -0.5774410774410774,
      "rev_growth_yoy": 0.04969879518072289,
      "rev_growth_yoy_accel": 0.09921138372129376,
      "op_leverage_ratio": 1.012565018007845,
      "fcf_margin_change": 0.03539250184863861
    },
    {
      "date": "2025-09-30T00:00:00",
      "quarter_label": "2025-09 (Q3)",
      "revenue": 50534000000,
      "gross_profit": 7123000000,
      "operating_income": 1558000000,
      "net_income": null,
      "opex": 48976000000,
      "cogs": 43411000000,
      "rd": null,
      "sga": 2740000000,
      "fcf": 7402000000,
      "ocf": 7402000000,
      "capex": null,
      "gross_margin": 0.1409546048205169,
      "op_margin": 0.03083072782680967,
      "fcf_margin": 0.14647564016305853,
      "incr_op_margin_yoy": 0.15629322268326418,
      "rev_growth_yoy": 0.09390423413282535,
      "rev_growth_yoy_accel": 0.04420543895210246,
      "fcf_margin_change": 0.020598866689441442
    }
  ],
  "signals": [
    {
      "quarter": "2025-09 (Q3)",
      "signal": "GROSS MARGIN INFLECTION",
      "detail": "GM: +13.5% -> +11.8% -> +14.1% (reversal +2.3%)",
      "severity": "MEDIUM"
    },
    {
      "quarter": "2025-09 (Q3)",
      "signal": "INCREMENTAL MARGIN (YoY)",
      "detail": "YoY Incr OPM: +15.6% vs year-ago OPM: +1.9%",
      "severity": "MEDIUM"
    },
    {
      "quarter": "2025-06 (Q2)",
      "signal": "YoY REVENUE GROWTH ACCELERATION",
      "detail": "YoY growth: +5.0% vs prior quarter YoY: -5.0% (accel: +9.9%)",
      "severity": "MEDIUM"
    },
    {
      "quarter": "2025-03 (Q1)",
      "signal": "YoY REVENUE GROWTH DECELERATION",
      "detail": "YoY growth: -5.0% vs prior quarter YoY: +4.9% (decel: -9.8%)",
      "severity": "WARNING"
    },
    {
      "quarter": "2025-03 (Q1)",
      "signal": "INCREMENTAL MARGIN (YoY)",
      "detail": "YoY Incr OPM: +42.8% vs year-ago OPM: +2.9%",
      "severity": "HIGH"
    },
    {
      "quarter": "2024-12 (Q4)",
      "signal": "OP MARGIN TURNED POSITIVE (YoY)",
      "detail": "Op margin: -0.5% (year-ago) -> +2.6%",
      "severity": "HIGH"
    },
    {
      "quarter": "2024-06 (Q2)",
      "signal": "FCF MARGIN EXPANSION",
      "detail": "FCF margin: +3.2% -> +11.5% (+8.3%)",
      "severity": "MEDIUM"
    },
    {
      "quarter": "2024-03 (Q1)",
      "signal": "GROSS MARGIN INFLECTION",
      "detail": "GM: +14.3% -> +11.1% -> +14.7% (reversal +3.6%)",
      "severity": "MEDIUM"
    },
    {
      "quarter": "2024-03 (Q1)",
      "signal": "OP MARGIN TURNED POSITIVE (QoQ)",
      "detail": "Op margin: -0.5% -> +2.9%",
      "severity": "HIGH"
    },
    {
      "quarter": "2023-12 (Q4)",
      "signal": "YoY REVENUE GROWTH DECELERATION",
      "detail": "YoY growth: +4.5% vs prior quarter YoY: +11.2% (decel: -6.7%)",
      "severity": "WARNING"
    },
    {
      "quarter": "2023-09 (Q3)",
      "signal": "INCREMENTAL MARGIN (YoY)",
      "detail": "YoY Incr OPM: +14.2% vs year-ago OPM: +1.3%",
      "severity": "MEDIUM"
    },
    {
      "quarter": "2023-06 (Q2)",
      "signal": "YoY REVENUE GROWTH DECELERATION",
      "detail": "YoY growth: +11.9% vs prior quarter YoY: +20.3% (decel: -8.4%)",
      "severity": "WARNING"
    },
    {
      "quarter": "2022-12 (Q4)",
      "signal": "YoY REVENUE GROWTH ACCELERATION",
      "detail": "YoY growth: +16.8% vs prior quarter YoY: +10.4% (accel: +6.4%)",
      "severity": "MEDIUM"
    },
    {
      "quarter": "2022-12 (Q4)",
      "signal": "INCREMENTAL MARGIN (YoY)",
      "detail": "YoY Incr OPM: +13.0% vs year-ago OPM: +2.0%",
      "severity": "MEDIUM"
    },
    {
      "quarter": "2022-09 (Q3)",
      "signal": "YoY REVENUE GROWTH DECELERATION",
      "detail": "YoY growth: +10.4% vs prior quarter YoY: +50.2% (decel: -39.8%)",
      "severity": "WARNING"
    },
    {
      "quarter": "2022-06 (Q2)",
      "signal": "FCF TURNED POSITIVE",
      "detail": "FCF margin: -3.1% -> +7.3%",
      "severity": "HIGH"
    },
    {
      "quarter": "2022-06 (Q2)",
      "signal": "YoY REVENUE GROWTH ACCELERATION",
      "detail": "YoY growth: +50.2% vs prior quarter YoY: -4.8% (accel: +55.1%)",
      "severity": "HIGH"
    },
    {
      "quarter": "2022-06 (Q2)",
      "signal": "OP MARGIN TURNED POSITIVE (YoY)",
      "detail": "Op margin: -0.1% (year-ago) -> +7.1%",
      "severity": "HIGH"
    },
    {
      "quarter": "2022-03 (Q1)",
      "signal": "YoY REVENUE GROWTH DECELERATION",
      "detail": "YoY growth: -4.8% vs prior quarter YoY: +4.8% (decel: -9.6%)",
      "severity": "WARNING"
    },
    {
      "quarter": "2022-03 (Q1)",
      "signal": "INCREMENTAL MARGIN (YoY)",
      "detail": "YoY Incr OPM: +64.0% vs year-ago OPM: +6.8%",
      "severity": "HIGH"
    },
    {
      "quarter": "2021-12 (Q4)",
      "signal": "OP MARGIN TURNED POSITIVE (YoY)",
      "detail": "Op margin: -6.8% (year-ago) -> +2.0%",
      "severity": "HIGH"
    },
    {
      "quarter": "2021-09 (Q3)",
      "signal": "FCF MARGIN EXPANSION",
      "detail": "FCF margin: +2.8% -> +19.6% (+16.8%)",
      "severity": "MEDIUM"
    },
    {
      "quarter": "2021-09 (Q3)",
      "signal": "OP MARGIN TURNED POSITIVE (QoQ)",
      "detail": "Op margin: -0.1% -> +3.8%",
      "severity": "HIGH"
    },
    {
      "quarter": "2021-03 (Q1)",
      "signal": "OP MARGIN TURNED POSITIVE (QoQ)",
      "detail": "Op margin: -6.8% -> +6.8%",
      "severity": "HIGH"
    }
  ],
  "data_quality": {
    "n_quarters": 20,
    "coverage": {
      "revenue": [
        20,
        20
      ],
      "gross_profit": [
        20,
        20
      ],
      "op_income": [
        20,
        20
      ],
      "fcf": [
        20,
        20
      ]
    },
    "gaps": [],
    "warnings": []
  },
  "market_cap": null,
  "source": "SEC EDGAR",
  "last_updated": "2026-02-03T01:07:16.669352",
  "sector": "Consumer Cyclical",
  "industry": "Auto Manufacturers"
}