{
  "ticker": "FAF",
  "name": "First American Financial Corp",
  "quarters": [
    {
      "date": "2020-12-31T00:00:00",
      "quarter_label": "2020-12 (Q4)",
      "revenue": 2151274000,
      "gross_profit": null,
      "operating_income": null,
      "net_income": 280291000,
      "opex": 1768994000,
      "cogs": null,
      "rd": null,
      "sga": null,
      "fcf": 403955000,
      "ocf": 403955000,
      "capex": null,
      "gross_margin": null,
      "op_margin": null,
      "fcf_margin": 0.18777477903790962
    },
    {
      "date": "2021-03-31T00:00:00",
      "quarter_label": "2021-03 (Q1)",
      "revenue": 2025745000,
      "gross_profit": null,
      "operating_income": null,
      "net_income": 233616000,
      "opex": 1719723000,
      "cogs": null,
      "rd": null,
      "sga": null,
      "fcf": 224000000,
      "ocf": 224000000,
      "capex": null,
      "gross_margin": null,
      "op_margin": null,
      "fcf_margin": 0.11057660268197626,
      "fcf_margin_change": -0.07719817635593336
    },
    {
      "date": "2021-06-30T00:00:00",
      "quarter_label": "2021-06 (Q2)",
      "revenue": 2266375000,
      "gross_profit": null,
      "operating_income": null,
      "net_income": 302299000,
      "opex": 1866959000,
      "cogs": null,
      "rd": null,
      "sga": null,
      "fcf": 253000000,
      "ocf": 253000000,
      "capex": null,
      "gross_margin": null,
      "op_margin": null,
      "fcf_margin": 0.11163201147206442,
      "op_leverage_ratio": 1.3874249008308805,
      "fcf_margin_change": 0.0010554087900881554
    },
    {
      "date": "2021-09-30T00:00:00",
      "quarter_label": "2021-09 (Q3)",
      "revenue": 2555928000,
      "gross_profit": null,
      "operating_income": null,
      "net_income": 445250000,
      "opex": 1952754000,
      "cogs": null,
      "rd": null,
      "sga": null,
      "fcf": 399000000,
      "ocf": 399000000,
      "capex": null,
      "gross_margin": null,
      "op_margin": null,
      "fcf_margin": 0.15610768378451975,
      "op_leverage_ratio": 2.7801555794728685,
      "fcf_margin_change": 0.04447567231245533
    },
    {
      "date": "2021-12-31T00:00:00",
      "quarter_label": "2021-12 (Q4)",
      "revenue": 2372952000,
      "gross_profit": null,
      "operating_income": null,
      "net_income": 259835000,
      "opex": 2039564000,
      "cogs": null,
      "rd": null,
      "sga": null,
      "fcf": 343900000,
      "ocf": 343900000,
      "capex": null,
      "gross_margin": null,
      "op_margin": null,
      "fcf_margin": 0.14492497109086067,
      "rev_growth_yoy": 0.10304498636621834,
      "fcf_margin_change": -0.011182712693659086
    },
    {
      "date": "2022-03-31T00:00:00",
      "quarter_label": "2022-03 (Q1)",
      "revenue": 2034000000,
      "gross_profit": null,
      "operating_income": null,
      "net_income": 98000000,
      "opex": 1904000000,
      "cogs": null,
      "rd": null,
      "sga": null,
      "fcf": 38300000,
      "ocf": 38300000,
      "capex": null,
      "gross_margin": null,
      "op_margin": null,
      "fcf_margin": 0.018829891838741397,
      "rev_growth_yoy": 0.0040750439961594375,
      "rev_growth_yoy_accel": -0.0989699423700589,
      "fcf_margin_change": -0.12609507925211927
    },
    {
      "date": "2022-06-30T00:00:00",
      "quarter_label": "2022-06 (Q2)",
      "revenue": 2062000000,
      "gross_profit": null,
      "operating_income": null,
      "net_income": 109000000,
      "opex": 1921000000,
      "cogs": null,
      "rd": null,
      "sga": null,
      "fcf": 191300000,
      "ocf": 191300000,
      "capex": null,
      "gross_margin": null,
      "op_margin": null,
      "fcf_margin": 0.09277400581959262,
      "rev_growth_yoy": -0.09017704484032872,
      "rev_growth_yoy_accel": -0.09425208883648815,
      "op_leverage_ratio": 1.5417895771878074,
      "fcf_margin_change": 0.07394411398085123
    },
    {
      "date": "2022-09-30T00:00:00",
      "quarter_label": "2022-09 (Q3)",
      "revenue": 1824000000,
      "gross_profit": null,
      "operating_income": null,
      "net_income": 2000000,
      "opex": 1827000000,
      "cogs": null,
      "rd": null,
      "sga": null,
      "fcf": 302600000,
      "ocf": 302600000,
      "capex": null,
      "gross_margin": null,
      "op_margin": null,
      "fcf_margin": 0.16589912280701755,
      "rev_growth_yoy": -0.28636487412790973,
      "rev_growth_yoy_accel": -0.196187829287581,
      "fcf_margin_change": 0.07312511698742492
    },
    {
      "date": "2022-12-31T00:00:00",
      "quarter_label": "2022-12 (Q4)",
      "revenue": 1685000000,
      "gross_profit": null,
      "operating_income": null,
      "net_income": 54000000,
      "opex": 1627000000,
      "cogs": null,
      "rd": null,
      "sga": null,
      "fcf": 245400000,
      "ocf": 245400000,
      "capex": null,
      "gross_margin": null,
      "op_margin": null,
      "fcf_margin": 0.1456379821958457,
      "rev_growth_yoy": -0.2899139974175626,
      "rev_growth_yoy_accel": -0.0035491232896528446,
      "fcf_margin_change": -0.020261140611171846
    },
    {
      "date": "2023-03-31T00:00:00",
      "quarter_label": "2023-03 (Q1)",
      "revenue": 1446100000,
      "gross_profit": null,
      "operating_income": null,
      "net_income": 45900000,
      "opex": 1386500000,
      "cogs": null,
      "rd": null,
      "sga": null,
      "fcf": -92300000,
      "ocf": -92300000,
      "capex": null,
      "gross_margin": null,
      "op_margin": null,
      "fcf_margin": -0.06382684461655487,
      "rev_growth_yoy": -0.28903638151425765,
      "rev_growth_yoy_accel": 0.0008776159033049291,
      "fcf_margin_change": -0.20946482681240058
    },
    {
      "date": "2023-06-30T00:00:00",
      "quarter_label": "2023-06 (Q2)",
      "revenue": 1646900000,
      "gross_profit": null,
      "operating_income": null,
      "net_income": 138500000,
      "opex": 1468800000,
      "cogs": null,
      "rd": null,
      "sga": null,
      "fcf": 269000000,
      "ocf": 269000000,
      "capex": null,
      "gross_margin": null,
      "op_margin": null,
      "fcf_margin": 0.16333717894225513,
      "rev_growth_yoy": -0.2013094083414161,
      "rev_growth_yoy_accel": 0.08772697317284153,
      "op_leverage_ratio": 2.3392973080568735,
      "fcf_margin_change": 0.22716402355881
    },
    {
      "date": "2023-09-30T00:00:00",
      "quarter_label": "2023-09 (Q3)",
      "revenue": 1481200000,
      "gross_profit": null,
      "operating_income": null,
      "net_income": -1700000,
      "opex": 1482900000,
      "cogs": null,
      "rd": null,
      "sga": null,
      "fcf": 219300000,
      "ocf": 219300000,
      "capex": null,
      "gross_margin": null,
      "op_margin": null,
      "fcf_margin": 0.14805563056980825,
      "rev_growth_yoy": -0.18793859649122807,
      "rev_growth_yoy_accel": 0.013370811850188041,
      "fcf_margin_change": -0.015281548372446885
    },
    {
      "date": "2023-12-31T00:00:00",
      "quarter_label": "2023-12 (Q4)",
      "revenue": 1429300000,
      "gross_profit": null,
      "operating_income": null,
      "net_income": 34100000,
      "opex": 1390900000,
      "cogs": null,
      "rd": null,
      "sga": null,
      "fcf": -41700000,
      "ocf": -41700000,
      "capex": null,
      "gross_margin": null,
      "op_margin": null,
      "fcf_margin": -0.02917512068844889,
      "rev_growth_yoy": -0.15175074183976262,
      "rev_growth_yoy_accel": 0.036187854651465456,
      "fcf_margin_change": -0.17723075125825713
    },
    {
      "date": "2024-03-31T00:00:00",
      "quarter_label": "2024-03 (Q1)",
      "revenue": 1424600000,
      "gross_profit": null,
      "operating_income": null,
      "net_income": 46700000,
      "opex": 1366300000,
      "cogs": null,
      "rd": null,
      "sga": null,
      "fcf": 69300000,
      "ocf": 69300000,
      "capex": null,
      "gross_margin": null,
      "op_margin": null,
      "fcf_margin": 0.04864523374982451,
      "rev_growth_yoy": -0.014867574856510614,
      "rev_growth_yoy_accel": 0.136883166983252,
      "fcf_margin_change": 0.0778203544382734
    },
    {
      "date": "2024-06-30T00:00:00",
      "quarter_label": "2024-06 (Q2)",
      "revenue": 1612300000,
      "gross_profit": null,
      "operating_income": null,
      "net_income": 116000000,
      "opex": 1460700000,
      "cogs": null,
      "rd": null,
      "sga": null,
      "fcf": 266700000,
      "ocf": 266700000,
      "capex": null,
      "gross_margin": null,
      "op_margin": null,
      "fcf_margin": 0.1654158655337096,
      "rev_growth_yoy": -0.02100916874127148,
      "rev_growth_yoy_accel": -0.006141593884760866,
      "op_leverage_ratio": 1.9069767874181751,
      "fcf_margin_change": 0.11677063178388508
    },
    {
      "date": "2024-09-30T00:00:00",
      "quarter_label": "2024-09 (Q3)",
      "revenue": 1406100000,
      "gross_profit": null,
      "operating_income": null,
      "net_income": -104000000,
      "opex": 1550500000,
      "cogs": null,
      "rd": null,
      "sga": null,
      "fcf": 236900000,
      "ocf": 236900000,
      "capex": null,
      "gross_margin": null,
      "op_margin": null,
      "fcf_margin": 0.1684801934428561,
      "rev_growth_yoy": -0.050702133405347016,
      "rev_growth_yoy_accel": -0.029692964664075536,
      "fcf_margin_change": 0.0030643279091465137
    },
    {
      "date": "2024-12-31T00:00:00",
      "quarter_label": "2024-12 (Q4)",
      "revenue": 1685100000,
      "gross_profit": null,
      "operating_income": null,
      "net_income": 72400000,
      "opex": 1585200000,
      "cogs": null,
      "rd": null,
      "sga": null,
      "fcf": 324600000,
      "ocf": 324600000,
      "capex": null,
      "gross_margin": null,
      "op_margin": null,
      "fcf_margin": 0.1926295175360513,
      "rev_growth_yoy": 0.17896872594976562,
      "rev_growth_yoy_accel": 0.22967085935511264,
      "op_leverage_ratio": 8.866052340491727,
      "fcf_margin_change": 0.024149324093195174
    },
    {
      "date": "2025-03-31T00:00:00",
      "quarter_label": "2025-03 (Q1)",
      "revenue": 1582300000,
      "gross_profit": null,
      "operating_income": null,
      "net_income": 74200000,
      "opex": 1485700000,
      "cogs": null,
      "rd": null,
      "sga": null,
      "fcf": -52800000,
      "ocf": -52800000,
      "capex": null,
      "gross_margin": null,
      "op_margin": null,
      "fcf_margin": -0.03336914617961196,
      "rev_growth_yoy": 0.11069773971641163,
      "rev_growth_yoy_accel": -0.068270986233354,
      "fcf_margin_change": -0.22599866371566324
    },
    {
      "date": "2025-06-30T00:00:00",
      "quarter_label": "2025-06 (Q2)",
      "revenue": 1841300000,
      "gross_profit": null,
      "operating_income": null,
      "net_income": 146100000,
      "opex": 1646100000,
      "cogs": null,
      "rd": null,
      "sga": null,
      "fcf": 361800000,
      "ocf": 361800000,
      "capex": null,
      "gross_margin": null,
      "op_margin": null,
      "fcf_margin": 0.19649160918915984,
      "rev_growth_yoy": 0.14203312038702476,
      "rev_growth_yoy_accel": 0.03133538067061313,
      "op_leverage_ratio": 1.5161343780786927,
      "fcf_margin_change": 0.2298607553687718
    },
    {
      "date": "2025-09-30T00:00:00",
      "quarter_label": "2025-09 (Q3)",
      "revenue": 1978900000,
      "gross_profit": null,
      "operating_income": null,
      "net_income": 189600000,
      "opex": 1731900000,
      "cogs": null,
      "rd": null,
      "sga": null,
      "fcf": 272500000,
      "ocf": 272500000,
      "capex": null,
      "gross_margin": null,
      "op_margin": null,
      "fcf_margin": 0.13770276416190813,
      "rev_growth_yoy": 0.4073678970201266,
      "rev_growth_yoy_accel": 0.26533477663310184,
      "op_leverage_ratio": 1.4337149300490417,
      "fcf_margin_change": -0.05878884502725171
    }
  ],
  "signals": [
    {
      "quarter": "2025-09 (Q3)",
      "signal": "YoY REVENUE GROWTH ACCELERATION",
      "detail": "YoY growth: +40.7% vs prior quarter YoY: +14.2% (accel: +26.5%)",
      "severity": "HIGH"
    },
    {
      "quarter": "2025-06 (Q2)",
      "signal": "FCF TURNED POSITIVE",
      "detail": "FCF margin: -3.3% -> +19.6%",
      "severity": "HIGH"
    },
    {
      "quarter": "2025-06 (Q2)",
      "signal": "OPERATING LEVERAGE",
      "detail": "Rev growth +16.4% vs OpEx growth +10.8% (leverage: 1.5x)",
      "severity": "MEDIUM"
    },
    {
      "quarter": "2025-03 (Q1)",
      "signal": "YoY REVENUE GROWTH DECELERATION",
      "detail": "YoY growth: +11.1% vs prior quarter YoY: +17.9% (decel: -6.8%)",
      "severity": "WARNING"
    },
    {
      "quarter": "2024-12 (Q4)",
      "signal": "OPERATING LEVERAGE",
      "detail": "Rev growth +19.8% vs OpEx growth +2.2% (leverage: 8.9x)",
      "severity": "MEDIUM"
    },
    {
      "quarter": "2024-12 (Q4)",
      "signal": "YoY REVENUE GROWTH ACCELERATION",
      "detail": "YoY growth: +17.9% vs prior quarter YoY: -5.1% (accel: +23.0%)",
      "severity": "HIGH"
    },
    {
      "quarter": "2024-06 (Q2)",
      "signal": "FCF MARGIN EXPANSION",
      "detail": "FCF margin: +4.9% -> +16.5% (+11.7%)",
      "severity": "MEDIUM"
    },
    {
      "quarter": "2024-06 (Q2)",
      "signal": "OPERATING LEVERAGE",
      "detail": "Rev growth +13.2% vs OpEx growth +6.9% (leverage: 1.9x)",
      "severity": "MEDIUM"
    },
    {
      "quarter": "2024-03 (Q1)",
      "signal": "FCF TURNED POSITIVE",
      "detail": "FCF margin: -2.9% -> +4.9%",
      "severity": "HIGH"
    },
    {
      "quarter": "2024-03 (Q1)",
      "signal": "YoY REVENUE GROWTH ACCELERATION",
      "detail": "YoY growth: -1.5% vs prior quarter YoY: -15.2% (accel: +13.7%)",
      "severity": "MEDIUM"
    },
    {
      "quarter": "2023-06 (Q2)",
      "signal": "FCF TURNED POSITIVE",
      "detail": "FCF margin: -6.4% -> +16.3%",
      "severity": "HIGH"
    },
    {
      "quarter": "2023-06 (Q2)",
      "signal": "OPERATING LEVERAGE",
      "detail": "Rev growth +13.9% vs OpEx growth +5.9% (leverage: 2.3x)",
      "severity": "MEDIUM"
    },
    {
      "quarter": "2023-06 (Q2)",
      "signal": "YoY REVENUE GROWTH ACCELERATION",
      "detail": "YoY growth: -20.1% vs prior quarter YoY: -28.9% (accel: +8.8%)",
      "severity": "MEDIUM"
    },
    {
      "quarter": "2022-09 (Q3)",
      "signal": "FCF MARGIN EXPANSION",
      "detail": "FCF margin: +9.3% -> +16.6% (+7.3%)",
      "severity": "MEDIUM"
    },
    {
      "quarter": "2022-09 (Q3)",
      "signal": "YoY REVENUE GROWTH DECELERATION",
      "detail": "YoY growth: -28.6% vs prior quarter YoY: -9.0% (decel: -19.6%)",
      "severity": "WARNING"
    },
    {
      "quarter": "2022-06 (Q2)",
      "signal": "FCF MARGIN EXPANSION",
      "detail": "FCF margin: +1.9% -> +9.3% (+7.4%)",
      "severity": "MEDIUM"
    },
    {
      "quarter": "2022-06 (Q2)",
      "signal": "OPERATING LEVERAGE",
      "detail": "Rev growth +1.4% vs OpEx growth +0.9% (leverage: 1.5x)",
      "severity": "MEDIUM"
    },
    {
      "quarter": "2022-06 (Q2)",
      "signal": "YoY REVENUE GROWTH DECELERATION",
      "detail": "YoY growth: -9.0% vs prior quarter YoY: +0.4% (decel: -9.4%)",
      "severity": "WARNING"
    },
    {
      "quarter": "2022-03 (Q1)",
      "signal": "YoY REVENUE GROWTH DECELERATION",
      "detail": "YoY growth: +0.4% vs prior quarter YoY: +10.3% (decel: -9.9%)",
      "severity": "WARNING"
    },
    {
      "quarter": "2021-09 (Q3)",
      "signal": "OPERATING LEVERAGE",
      "detail": "Rev growth +12.8% vs OpEx growth +4.6% (leverage: 2.8x)",
      "severity": "MEDIUM"
    }
  ],
  "data_quality": {
    "n_quarters": 20,
    "coverage": {
      "revenue": [
        20,
        20
      ],
      "gross_profit": [
        0,
        20
      ],
      "op_income": [
        0,
        20
      ],
      "fcf": [
        20,
        20
      ]
    },
    "gaps": [],
    "warnings": [
      "gross_profit: no data",
      "op_income: no data"
    ]
  },
  "market_cap": null,
  "source": "SEC EDGAR",
  "last_updated": "2026-02-02T20:53:04.791771",
  "sector": "Financial Services",
  "industry": "Insurance - Specialty"
}