{
  "ticker": "FANG",
  "name": "DIAMONDBACK ENERGY, INC.",
  "quarters": [
    {
      "date": "2020-12-31T00:00:00",
      "quarter_label": "2020-12 (Q4)",
      "revenue": 769000000,
      "gross_profit": null,
      "operating_income": -746000000,
      "net_income": -739000000,
      "opex": 1515000000,
      "cogs": null,
      "rd": null,
      "sga": 24000000,
      "fcf": 403000000,
      "ocf": 403000000,
      "capex": null,
      "gross_margin": null,
      "op_margin": -0.9700910273081924,
      "fcf_margin": 0.5240572171651495
    },
    {
      "date": "2021-03-31T00:00:00",
      "quarter_label": "2021-03 (Q1)",
      "revenue": 1184000000,
      "gross_profit": null,
      "operating_income": 571000000,
      "net_income": 220000000,
      "opex": 613000000,
      "cogs": null,
      "rd": null,
      "sga": 25000000,
      "fcf": 624000000,
      "ocf": 624000000,
      "capex": null,
      "gross_margin": null,
      "op_margin": 0.4822635135135135,
      "fcf_margin": 0.527027027027027,
      "op_leverage_ratio": Infinity,
      "fcf_margin_change": 0.0029698098618774482
    },
    {
      "date": "2021-06-30T00:00:00",
      "quarter_label": "2021-06 (Q2)",
      "revenue": 1681000000,
      "gross_profit": null,
      "operating_income": 955000000,
      "net_income": 311000000,
      "opex": 726000000,
      "cogs": null,
      "rd": null,
      "sga": 36000000,
      "fcf": 954000000,
      "ocf": 954000000,
      "capex": null,
      "gross_margin": null,
      "op_margin": 0.5681142177275431,
      "fcf_margin": 0.5675193337299227,
      "op_leverage_ratio": 2.2771241927768475,
      "fcf_margin_change": 0.04049230670289572
    },
    {
      "date": "2021-09-30T00:00:00",
      "quarter_label": "2021-09 (Q3)",
      "revenue": 1910000000,
      "gross_profit": null,
      "operating_income": 1164000000,
      "net_income": 649000000,
      "opex": 746000000,
      "cogs": null,
      "rd": null,
      "sga": 38000000,
      "fcf": 1199000000,
      "ocf": 1199000000,
      "capex": null,
      "gross_margin": null,
      "op_margin": 0.6094240837696335,
      "fcf_margin": 0.6277486910994764,
      "op_leverage_ratio": 4.945092207019631,
      "fcf_margin_change": 0.060229357369553704
    },
    {
      "date": "2021-12-31T00:00:00",
      "quarter_label": "2021-12 (Q4)",
      "revenue": 2022000000,
      "gross_profit": null,
      "operating_income": 1311000000,
      "net_income": 1002000000,
      "opex": 711000000,
      "cogs": null,
      "rd": null,
      "sga": 47000000,
      "fcf": 1167000000,
      "ocf": 1167000000,
      "capex": null,
      "gross_margin": null,
      "op_margin": 0.6483679525222552,
      "fcf_margin": 0.5771513353115727,
      "incr_op_margin_yoy": 1.6416600159616919,
      "rev_growth_yoy": 1.6293888166449935,
      "op_leverage_ratio": Infinity,
      "fcf_margin_change": -0.0505973557879037
    },
    {
      "date": "2022-03-31T00:00:00",
      "quarter_label": "2022-03 (Q1)",
      "revenue": 2408000000,
      "gross_profit": null,
      "operating_income": 1660000000,
      "net_income": 779000000,
      "opex": 748000000,
      "cogs": null,
      "rd": null,
      "sga": 36000000,
      "fcf": 1252000000,
      "ocf": 1252000000,
      "capex": null,
      "gross_margin": null,
      "op_margin": 0.6893687707641196,
      "fcf_margin": 0.5199335548172758,
      "incr_op_margin_yoy": 0.8897058823529411,
      "rev_growth_yoy": 1.0337837837837838,
      "rev_growth_yoy_accel": -0.5956050328612097,
      "op_leverage_ratio": 3.668377576389446,
      "fcf_margin_change": -0.05721778049429693
    },
    {
      "date": "2022-06-30T00:00:00",
      "quarter_label": "2022-06 (Q2)",
      "revenue": 2768000000,
      "gross_profit": null,
      "operating_income": 1978000000,
      "net_income": 1416000000,
      "opex": 790000000,
      "cogs": null,
      "rd": null,
      "sga": 39000000,
      "fcf": 1707000000,
      "ocf": 1707000000,
      "capex": null,
      "gross_margin": null,
      "op_margin": 0.7145953757225434,
      "fcf_margin": 0.6166907514450867,
      "incr_op_margin_yoy": 0.9411223551057958,
      "rev_growth_yoy": 0.6466389054134444,
      "rev_growth_yoy_accel": -0.3871448783703394,
      "op_leverage_ratio": 2.6625533934504033,
      "fcf_margin_change": 0.0967571966278109
    },
    {
      "date": "2022-09-30T00:00:00",
      "quarter_label": "2022-09 (Q3)",
      "revenue": 2437000000,
      "gross_profit": null,
      "operating_income": 1614000000,
      "net_income": 1184000000,
      "opex": 823000000,
      "cogs": null,
      "rd": null,
      "sga": 34000000,
      "fcf": 1925000000,
      "ocf": 1925000000,
      "capex": null,
      "gross_margin": null,
      "op_margin": 0.6622897004513746,
      "fcf_margin": 0.7899056216659828,
      "incr_op_margin_yoy": 0.8538899430740038,
      "rev_growth_yoy": 0.27591623036649215,
      "rev_growth_yoy_accel": -0.3707226750469522,
      "fcf_margin_change": 0.1732148702208961
    },
    {
      "date": "2022-12-31T00:00:00",
      "quarter_label": "2022-12 (Q4)",
      "revenue": 2030000000,
      "gross_profit": null,
      "operating_income": 1256000000,
      "net_income": 1007000000,
      "opex": 774000000,
      "cogs": null,
      "rd": null,
      "sga": 35000000,
      "fcf": 1441000000,
      "ocf": 1441000000,
      "capex": null,
      "gross_margin": null,
      "op_margin": 0.6187192118226601,
      "fcf_margin": 0.7098522167487685,
      "incr_op_margin_yoy": -6.875,
      "rev_growth_yoy": 0.003956478733926805,
      "rev_growth_yoy_accel": -0.27195975163256536,
      "fcf_margin_change": -0.08005340491721424
    },
    {
      "date": "2023-03-31T00:00:00",
      "quarter_label": "2023-03 (Q1)",
      "revenue": 1925000000,
      "gross_profit": null,
      "operating_income": 1025000000,
      "net_income": 712000000,
      "opex": 900000000,
      "cogs": null,
      "rd": null,
      "sga": 40000000,
      "fcf": 1425000000,
      "ocf": 1425000000,
      "capex": null,
      "gross_margin": null,
      "op_margin": 0.5324675324675324,
      "fcf_margin": 0.7402597402597403,
      "incr_op_margin_yoy": 1.3146997929606625,
      "rev_growth_yoy": -0.2005813953488372,
      "rev_growth_yoy_accel": -0.204537874082764,
      "fcf_margin_change": 0.030407523510971757
    },
    {
      "date": "2023-06-30T00:00:00",
      "quarter_label": "2023-06 (Q2)",
      "revenue": 1919000000,
      "gross_profit": null,
      "operating_income": 1000000000,
      "net_income": 556000000,
      "opex": 919000000,
      "cogs": null,
      "rd": null,
      "sga": 37000000,
      "fcf": 1513000000,
      "ocf": 1513000000,
      "capex": null,
      "gross_margin": null,
      "op_margin": 0.5211047420531527,
      "fcf_margin": 0.7884314747264201,
      "incr_op_margin_yoy": 1.1519434628975265,
      "rev_growth_yoy": -0.30671965317919075,
      "rev_growth_yoy_accel": -0.10613825783035355,
      "fcf_margin_change": 0.04817173446667977
    },
    {
      "date": "2023-09-30T00:00:00",
      "quarter_label": "2023-09 (Q3)",
      "revenue": 2340000000,
      "gross_profit": null,
      "operating_income": 1340000000,
      "net_income": 915000000,
      "opex": 1000000000,
      "cogs": null,
      "rd": null,
      "sga": 34000000,
      "fcf": 1358000000,
      "ocf": 1358000000,
      "capex": null,
      "gross_margin": null,
      "op_margin": 0.5726495726495726,
      "fcf_margin": 0.5803418803418804,
      "incr_op_margin_yoy": 2.8247422680412373,
      "rev_growth_yoy": -0.039803036520311856,
      "rev_growth_yoy_accel": 0.2669166166588789,
      "op_leverage_ratio": 2.4890728838965765,
      "fcf_margin_change": -0.20808959438453967
    },
    {
      "date": "2023-12-31T00:00:00",
      "quarter_label": "2023-12 (Q4)",
      "revenue": 2228000000,
      "gross_profit": null,
      "operating_income": 1205000000,
      "net_income": 960000000,
      "opex": 1023000000,
      "cogs": null,
      "rd": null,
      "sga": 39000000,
      "fcf": 1624000000,
      "ocf": 1624000000,
      "capex": null,
      "gross_margin": null,
      "op_margin": 0.5408438061041293,
      "fcf_margin": 0.7289048473967684,
      "incr_op_margin_yoy": -0.25757575757575757,
      "rev_growth_yoy": 0.09753694581280788,
      "rev_growth_yoy_accel": 0.13733998233311973,
      "fcf_margin_change": 0.14856296705488803
    },
    {
      "date": "2024-03-31T00:00:00",
      "quarter_label": "2024-03 (Q1)",
      "revenue": 2227000000,
      "gross_profit": null,
      "operating_income": 1118000000,
      "net_income": 768000000,
      "opex": 1109000000,
      "cogs": null,
      "rd": null,
      "sga": 46000000,
      "fcf": 1334000000,
      "ocf": 1334000000,
      "capex": null,
      "gross_margin": null,
      "op_margin": 0.5020206555904805,
      "fcf_margin": 0.5990121239335429,
      "incr_op_margin_yoy": 0.3079470198675497,
      "rev_growth_yoy": 0.15688311688311687,
      "rev_growth_yoy_accel": 0.059346171070309,
      "fcf_margin_change": -0.12989272346322556
    },
    {
      "date": "2024-06-30T00:00:00",
      "quarter_label": "2024-06 (Q2)",
      "revenue": 2483000000,
      "gross_profit": null,
      "operating_income": 1156000000,
      "net_income": 837000000,
      "opex": 1327000000,
      "cogs": null,
      "rd": null,
      "sga": 46000000,
      "fcf": 1529000000,
      "ocf": 1529000000,
      "capex": null,
      "gross_margin": null,
      "op_margin": 0.46556584776480064,
      "fcf_margin": 0.6157873540072493,
      "incr_op_margin_yoy": 0.2765957446808511,
      "rev_growth_yoy": 0.2939030745179781,
      "rev_growth_yoy_accel": 0.13701995763486122,
      "op_leverage_ratio": 0.584783083343289,
      "fcf_margin_change": 0.016775230073706404
    },
    {
      "date": "2024-09-30T00:00:00",
      "quarter_label": "2024-09 (Q3)",
      "revenue": 2645000000,
      "gross_profit": null,
      "operating_income": 710000000,
      "net_income": 659000000,
      "opex": 1935000000,
      "cogs": null,
      "rd": null,
      "sga": 49000000,
      "fcf": 1209000000,
      "ocf": 1209000000,
      "capex": null,
      "gross_margin": null,
      "op_margin": 0.2684310018903592,
      "fcf_margin": 0.4570888468809074,
      "incr_op_margin_yoy": -2.0655737704918034,
      "rev_growth_yoy": 0.13034188034188035,
      "rev_growth_yoy_accel": -0.16356119417609774,
      "op_leverage_ratio": 0.1423985734574051,
      "fcf_margin_change": -0.15869850712634187
    },
    {
      "date": "2024-12-31T00:00:00",
      "quarter_label": "2024-12 (Q4)",
      "revenue": 3711000000,
      "gross_profit": null,
      "operating_income": 1412000000,
      "net_income": 1074000000,
      "opex": 2299000000,
      "cogs": null,
      "rd": null,
      "sga": 72000000,
      "fcf": 2341000000,
      "ocf": 2341000000,
      "capex": null,
      "gross_margin": null,
      "op_margin": 0.3804904338453247,
      "fcf_margin": 0.6308272702775533,
      "incr_op_margin_yoy": 0.13958192852326365,
      "rev_growth_yoy": 0.6656193895870736,
      "rev_growth_yoy_accel": 0.5352775092451932,
      "op_leverage_ratio": 2.1424520658925195,
      "fcf_margin_change": 0.17373842339664586
    },
    {
      "date": "2025-03-31T00:00:00",
      "quarter_label": "2025-03 (Q1)",
      "revenue": 4048000000,
      "gross_profit": null,
      "operating_income": 1673000000,
      "net_income": 1405000000,
      "opex": 2375000000,
      "cogs": null,
      "rd": null,
      "sga": 73000000,
      "fcf": 2355000000,
      "ocf": 2355000000,
      "capex": null,
      "gross_margin": null,
      "op_margin": 0.41329051383399207,
      "fcf_margin": 0.5817687747035574,
      "incr_op_margin_yoy": 0.30477759472817134,
      "rev_growth_yoy": 0.8176919622810956,
      "rev_growth_yoy_accel": 0.15207257269402208,
      "op_leverage_ratio": 2.7470358393963887,
      "fcf_margin_change": -0.049058495573995886
    },
    {
      "date": "2025-06-30T00:00:00",
      "quarter_label": "2025-06 (Q2)",
      "revenue": 3678000000,
      "gross_profit": null,
      "operating_income": 1139000000,
      "net_income": 699000000,
      "opex": 2539000000,
      "cogs": null,
      "rd": null,
      "sga": 67000000,
      "fcf": 1677000000,
      "ocf": 1677000000,
      "capex": null,
      "gross_margin": null,
      "op_margin": 0.30967917346383905,
      "fcf_margin": 0.4559543230016313,
      "incr_op_margin_yoy": -0.014225941422594143,
      "rev_growth_yoy": 0.4812726540475232,
      "rev_growth_yoy_accel": -0.33641930823357247,
      "fcf_margin_change": -0.12581445170192607
    },
    {
      "date": "2025-09-30T00:00:00",
      "quarter_label": "2025-09 (Q3)",
      "revenue": 3924000000,
      "gross_profit": null,
      "operating_income": 1236000000,
      "net_income": 1018000000,
      "opex": 2688000000,
      "cogs": null,
      "rd": null,
      "sga": 70000000,
      "fcf": 2383000000,
      "ocf": 2383000000,
      "capex": null,
      "gross_margin": null,
      "op_margin": 0.3149847094801223,
      "fcf_margin": 0.6072884811416922,
      "incr_op_margin_yoy": 0.4112587959343237,
      "rev_growth_yoy": 0.4835538752362949,
      "rev_growth_yoy_accel": 0.0022812211887717204,
      "op_leverage_ratio": 1.1397243176368832,
      "fcf_margin_change": 0.1513341581400609
    }
  ],
  "signals": [
    {
      "quarter": "2025-09 (Q3)",
      "signal": "FCF MARGIN EXPANSION",
      "detail": "FCF margin: +45.6% -> +60.7% (+15.1%)",
      "severity": "MEDIUM"
    },
    {
      "quarter": "2025-09 (Q3)",
      "signal": "INCREMENTAL MARGIN (YoY)",
      "detail": "YoY Incr OPM: +41.1% vs year-ago OPM: +26.8%",
      "severity": "MEDIUM"
    },
    {
      "quarter": "2025-06 (Q2)",
      "signal": "YoY REVENUE GROWTH DECELERATION",
      "detail": "YoY growth: +48.1% vs prior quarter YoY: +81.8% (decel: -33.6%)",
      "severity": "WARNING"
    },
    {
      "quarter": "2025-03 (Q1)",
      "signal": "OPERATING LEVERAGE",
      "detail": "Rev growth +9.1% vs OpEx growth +3.3% (leverage: 2.7x)",
      "severity": "MEDIUM"
    },
    {
      "quarter": "2025-03 (Q1)",
      "signal": "YoY REVENUE GROWTH ACCELERATION",
      "detail": "YoY growth: +81.8% vs prior quarter YoY: +66.6% (accel: +15.2%)",
      "severity": "HIGH"
    },
    {
      "quarter": "2024-12 (Q4)",
      "signal": "FCF MARGIN EXPANSION",
      "detail": "FCF margin: +45.7% -> +63.1% (+17.4%)",
      "severity": "MEDIUM"
    },
    {
      "quarter": "2024-12 (Q4)",
      "signal": "OPERATING LEVERAGE",
      "detail": "Rev growth +40.3% vs OpEx growth +18.8% (leverage: 2.1x)",
      "severity": "MEDIUM"
    },
    {
      "quarter": "2024-12 (Q4)",
      "signal": "YoY REVENUE GROWTH ACCELERATION",
      "detail": "YoY growth: +66.6% vs prior quarter YoY: +13.0% (accel: +53.5%)",
      "severity": "HIGH"
    },
    {
      "quarter": "2024-09 (Q3)",
      "signal": "YoY REVENUE GROWTH DECELERATION",
      "detail": "YoY growth: +13.0% vs prior quarter YoY: +29.4% (decel: -16.4%)",
      "severity": "WARNING"
    },
    {
      "quarter": "2024-06 (Q2)",
      "signal": "YoY REVENUE GROWTH ACCELERATION",
      "detail": "YoY growth: +29.4% vs prior quarter YoY: +15.7% (accel: +13.7%)",
      "severity": "MEDIUM"
    },
    {
      "quarter": "2024-03 (Q1)",
      "signal": "YoY REVENUE GROWTH ACCELERATION",
      "detail": "YoY growth: +15.7% vs prior quarter YoY: +9.8% (accel: +5.9%)",
      "severity": "MEDIUM"
    },
    {
      "quarter": "2023-12 (Q4)",
      "signal": "FCF MARGIN EXPANSION",
      "detail": "FCF margin: +58.0% -> +72.9% (+14.9%)",
      "severity": "MEDIUM"
    },
    {
      "quarter": "2023-12 (Q4)",
      "signal": "YoY REVENUE GROWTH ACCELERATION",
      "detail": "YoY growth: +9.8% vs prior quarter YoY: -4.0% (accel: +13.7%)",
      "severity": "MEDIUM"
    },
    {
      "quarter": "2023-09 (Q3)",
      "signal": "OPERATING LEVERAGE",
      "detail": "Rev growth +21.9% vs OpEx growth +8.8% (leverage: 2.5x)",
      "severity": "MEDIUM"
    },
    {
      "quarter": "2023-09 (Q3)",
      "signal": "YoY REVENUE GROWTH ACCELERATION",
      "detail": "YoY growth: -4.0% vs prior quarter YoY: -30.7% (accel: +26.7%)",
      "severity": "HIGH"
    },
    {
      "quarter": "2023-09 (Q3)",
      "signal": "INCREMENTAL MARGIN (YoY)",
      "detail": "YoY Incr OPM: +282.5% vs year-ago OPM: +66.2%",
      "severity": "HIGH"
    },
    {
      "quarter": "2023-06 (Q2)",
      "signal": "YoY REVENUE GROWTH DECELERATION",
      "detail": "YoY growth: -30.7% vs prior quarter YoY: -20.1% (decel: -10.6%)",
      "severity": "WARNING"
    },
    {
      "quarter": "2023-06 (Q2)",
      "signal": "INCREMENTAL MARGIN (YoY)",
      "detail": "YoY Incr OPM: +115.2% vs year-ago OPM: +71.5%",
      "severity": "HIGH"
    },
    {
      "quarter": "2023-03 (Q1)",
      "signal": "YoY REVENUE GROWTH DECELERATION",
      "detail": "YoY growth: -20.1% vs prior quarter YoY: +0.4% (decel: -20.5%)",
      "severity": "WARNING"
    },
    {
      "quarter": "2023-03 (Q1)",
      "signal": "INCREMENTAL MARGIN (YoY)",
      "detail": "YoY Incr OPM: +131.5% vs year-ago OPM: +68.9%",
      "severity": "HIGH"
    },
    {
      "quarter": "2022-12 (Q4)",
      "signal": "YoY REVENUE GROWTH DECELERATION",
      "detail": "YoY growth: +0.4% vs prior quarter YoY: +27.6% (decel: -27.2%)",
      "severity": "WARNING"
    },
    {
      "quarter": "2022-09 (Q3)",
      "signal": "FCF MARGIN EXPANSION",
      "detail": "FCF margin: +61.7% -> +79.0% (+17.3%)",
      "severity": "MEDIUM"
    },
    {
      "quarter": "2022-09 (Q3)",
      "signal": "YoY REVENUE GROWTH DECELERATION",
      "detail": "YoY growth: +27.6% vs prior quarter YoY: +64.7% (decel: -37.1%)",
      "severity": "WARNING"
    },
    {
      "quarter": "2022-09 (Q3)",
      "signal": "INCREMENTAL MARGIN (YoY)",
      "detail": "YoY Incr OPM: +85.4% vs year-ago OPM: +60.9%",
      "severity": "HIGH"
    },
    {
      "quarter": "2022-06 (Q2)",
      "signal": "FCF MARGIN EXPANSION",
      "detail": "FCF margin: +52.0% -> +61.7% (+9.7%)",
      "severity": "MEDIUM"
    },
    {
      "quarter": "2022-06 (Q2)",
      "signal": "OPERATING LEVERAGE",
      "detail": "Rev growth +15.0% vs OpEx growth +5.6% (leverage: 2.7x)",
      "severity": "MEDIUM"
    },
    {
      "quarter": "2022-06 (Q2)",
      "signal": "YoY REVENUE GROWTH DECELERATION",
      "detail": "YoY growth: +64.7% vs prior quarter YoY: +103.4% (decel: -38.7%)",
      "severity": "WARNING"
    },
    {
      "quarter": "2022-06 (Q2)",
      "signal": "INCREMENTAL MARGIN (YoY)",
      "detail": "YoY Incr OPM: +94.1% vs year-ago OPM: +56.8%",
      "severity": "HIGH"
    },
    {
      "quarter": "2022-03 (Q1)",
      "signal": "OPERATING LEVERAGE",
      "detail": "Rev growth +19.1% vs OpEx growth +5.2% (leverage: 3.7x)",
      "severity": "MEDIUM"
    },
    {
      "quarter": "2022-03 (Q1)",
      "signal": "YoY REVENUE GROWTH DECELERATION",
      "detail": "YoY growth: +103.4% vs prior quarter YoY: +162.9% (decel: -59.6%)",
      "severity": "WARNING"
    },
    {
      "quarter": "2022-03 (Q1)",
      "signal": "INCREMENTAL MARGIN (YoY)",
      "detail": "YoY Incr OPM: +89.0% vs year-ago OPM: +48.2%",
      "severity": "HIGH"
    },
    {
      "quarter": "2021-12 (Q4)",
      "signal": "OP MARGIN TURNED POSITIVE (YoY)",
      "detail": "Op margin: -97.0% (year-ago) -> +64.8%",
      "severity": "HIGH"
    },
    {
      "quarter": "2021-09 (Q3)",
      "signal": "FCF MARGIN EXPANSION",
      "detail": "FCF margin: +56.8% -> +62.8% (+6.0%)",
      "severity": "MEDIUM"
    },
    {
      "quarter": "2021-09 (Q3)",
      "signal": "OPERATING LEVERAGE",
      "detail": "Rev growth +13.6% vs OpEx growth +2.8% (leverage: 4.9x)",
      "severity": "MEDIUM"
    },
    {
      "quarter": "2021-06 (Q2)",
      "signal": "OPERATING LEVERAGE",
      "detail": "Rev growth +42.0% vs OpEx growth +18.4% (leverage: 2.3x)",
      "severity": "MEDIUM"
    },
    {
      "quarter": "2021-03 (Q1)",
      "signal": "OP MARGIN TURNED POSITIVE (QoQ)",
      "detail": "Op margin: -97.0% -> +48.2%",
      "severity": "HIGH"
    }
  ],
  "data_quality": {
    "n_quarters": 20,
    "coverage": {
      "revenue": [
        20,
        20
      ],
      "gross_profit": [
        0,
        20
      ],
      "op_income": [
        20,
        20
      ],
      "fcf": [
        20,
        20
      ]
    },
    "gaps": [],
    "warnings": [
      "gross_profit: no data"
    ]
  },
  "market_cap": null,
  "source": "SEC EDGAR",
  "last_updated": "2026-02-02T20:01:10.731937"
}