{
  "ticker": "FARM",
  "name": "FARMER BROTHERS CO",
  "quarters": [
    {
      "date": "2020-12-31T00:00:00",
      "quarter_label": "2020-12 (Q4)",
      "revenue": 104571000,
      "gross_profit": 26250000,
      "operating_income": -10164000,
      "net_income": -17725000,
      "opex": 36414000,
      "cogs": 78321000,
      "rd": null,
      "sga": null,
      "fcf": -18078000,
      "ocf": -12808000,
      "capex": -5270000,
      "gross_margin": 0.25102561895745473,
      "op_margin": -0.09719711966032647,
      "fcf_margin": -0.17287775769572827
    },
    {
      "date": "2021-03-31T00:00:00",
      "quarter_label": "2021-03 (Q1)",
      "revenue": 93152000,
      "gross_profit": 23878000,
      "operating_income": -10395000,
      "net_income": -13684000,
      "opex": 34273000,
      "cogs": 69274000,
      "rd": null,
      "sga": null,
      "fcf": -2825000,
      "ocf": 335000,
      "capex": -3160000,
      "gross_margin": 0.256333734111989,
      "op_margin": -0.11159180693919615,
      "fcf_margin": -0.03032677773960838,
      "fcf_margin_change": 0.1425509799561199
    },
    {
      "date": "2021-06-30T00:00:00",
      "quarter_label": "2021-06 (Q2)",
      "revenue": 102857000,
      "gross_profit": 28379000,
      "operating_income": -6169000,
      "net_income": -3971000,
      "opex": 34548000,
      "cogs": 74478000,
      "rd": null,
      "sga": null,
      "fcf": 2002000,
      "ocf": 2002000,
      "capex": null,
      "gross_margin": 0.27590732764906617,
      "op_margin": -0.05997647218954471,
      "fcf_margin": 0.019463915922105446,
      "op_leverage_ratio": 12.984426821460918,
      "fcf_margin_change": 0.04979069366171383
    },
    {
      "date": "2021-09-30T00:00:00",
      "quarter_label": "2021-09 (Q3)",
      "revenue": 108362000,
      "gross_profit": 31454000,
      "operating_income": -1780000,
      "net_income": -2424000,
      "opex": 33234000,
      "cogs": 76908000,
      "rd": null,
      "sga": null,
      "fcf": -9277000,
      "ocf": -6735000,
      "capex": -2542000,
      "gross_margin": 0.29026780605747404,
      "op_margin": -0.016426422546649194,
      "fcf_margin": -0.08561119211531718,
      "op_leverage_ratio": Infinity,
      "fcf_margin_change": -0.10507510803742262
    },
    {
      "date": "2021-12-31T00:00:00",
      "quarter_label": "2021-12 (Q4)",
      "revenue": 118445000,
      "gross_profit": 34994000,
      "operating_income": -4572000,
      "net_income": -5420000,
      "opex": 39566000,
      "cogs": 83451000,
      "rd": null,
      "sga": null,
      "fcf": -5205000,
      "ocf": -1860000,
      "capex": -3345000,
      "gross_margin": 0.2954451433154629,
      "op_margin": -0.038600194182954115,
      "fcf_margin": -0.043944446789649205,
      "incr_op_margin_yoy": 0.4030560761135938,
      "rev_growth_yoy": 0.13267540713964673,
      "op_leverage_ratio": 0.48837616977501175,
      "fcf_margin_change": 0.04166674532566797
    },
    {
      "date": "2022-03-31T00:00:00",
      "quarter_label": "2022-03 (Q1)",
      "revenue": 119398000,
      "gross_profit": 35560000,
      "operating_income": -3938000,
      "net_income": -4040000,
      "opex": 39498000,
      "cogs": 83838000,
      "rd": null,
      "sga": null,
      "fcf": -4041000,
      "ocf": -1032000,
      "capex": -3009000,
      "gross_margin": 0.29782743429538183,
      "op_margin": -0.03298212700380241,
      "fcf_margin": -0.03384478801989983,
      "incr_op_margin_yoy": 0.2460184409052808,
      "rev_growth_yoy": 0.2817545517004466,
      "rev_growth_yoy_accel": 0.14907914456079988,
      "fcf_margin_change": 0.010099658769749373
    },
    {
      "date": "2022-06-30T00:00:00",
      "quarter_label": "2022-06 (Q2)",
      "revenue": 122988000,
      "gross_profit": 34908000,
      "operating_income": -4338000,
      "net_income": -3777000,
      "opex": 39246000,
      "cogs": 88080000,
      "rd": null,
      "sga": null,
      "fcf": -1827000,
      "ocf": -1827000,
      "capex": null,
      "gross_margin": 0.28383256903112497,
      "op_margin": -0.035271733827690506,
      "fcf_margin": -0.014855107815396625,
      "incr_op_margin_yoy": 0.09095424966469624,
      "rev_growth_yoy": 0.1957183273865658,
      "rev_growth_yoy_accel": -0.0860362243138808,
      "op_leverage_ratio": Infinity,
      "fcf_margin_change": 0.018989680204503208
    },
    {
      "date": "2022-09-30T00:00:00",
      "quarter_label": "2022-09 (Q3)",
      "revenue": 121380000,
      "gross_profit": 26597000,
      "operating_income": -4298000,
      "net_income": -7374000,
      "opex": 30895000,
      "cogs": 94783000,
      "rd": null,
      "sga": null,
      "fcf": -16407000,
      "ocf": -13419000,
      "capex": -2988000,
      "gross_margin": 0.21912176635360026,
      "op_margin": -0.03540945790080738,
      "fcf_margin": -0.1351705388037568,
      "incr_op_margin_yoy": -0.19342448916884314,
      "rev_growth_yoy": 0.12013436444510069,
      "rev_growth_yoy_accel": -0.07558396294146512,
      "fcf_margin_change": -0.12031543098836017
    },
    {
      "date": "2022-12-31T00:00:00",
      "quarter_label": "2022-12 (Q4)",
      "revenue": 132692000,
      "gross_profit": 30389000,
      "operating_income": -6718000,
      "net_income": -13608000,
      "opex": 37107000,
      "cogs": 102303000,
      "rd": null,
      "sga": null,
      "fcf": 12256000,
      "ocf": 16982000,
      "capex": -4726000,
      "gross_margin": 0.22901908178337804,
      "op_margin": -0.05062852319657553,
      "fcf_margin": 0.09236427214903686,
      "incr_op_margin_yoy": -0.15062820242858146,
      "rev_growth_yoy": 0.12028367596774875,
      "rev_growth_yoy_accel": 0.0001493115226480629,
      "op_leverage_ratio": 0.46349922871311316,
      "fcf_margin_change": 0.22753481095279365
    },
    {
      "date": "2023-03-31T00:00:00",
      "quarter_label": "2023-03 (Q1)",
      "revenue": 124234000,
      "gross_profit": 28671000,
      "operating_income": -9636000,
      "net_income": -11423000,
      "opex": 38307000,
      "cogs": 95563000,
      "rd": null,
      "sga": null,
      "fcf": -13245000,
      "ocf": -9846000,
      "capex": -3399000,
      "gross_margin": 0.2307822335270538,
      "op_margin": -0.0775633079511245,
      "fcf_margin": -0.10661332646457491,
      "incr_op_margin_yoy": -1.1782464846980976,
      "rev_growth_yoy": 0.040503191008224596,
      "rev_growth_yoy_accel": -0.07978048495952415,
      "fcf_margin_change": -0.19897759861361178
    },
    {
      "date": "2023-06-30T00:00:00",
      "quarter_label": "2023-06 (Q2)",
      "revenue": -38342000,
      "gross_profit": 28955000,
      "operating_income": -308000,
      "net_income": -46776000,
      "opex": 29263000,
      "cogs": -67297000,
      "rd": null,
      "sga": null,
      "fcf": -597000,
      "ocf": -597000,
      "capex": null,
      "gross_margin": -0.7551770903969537,
      "op_margin": 0.008032966459756924,
      "fcf_margin": 0.01557039278076261,
      "incr_op_margin_yoy": -0.0249798549556809,
      "rev_growth_yoy": -1.3117539922594075,
      "rev_growth_yoy_accel": -1.352257183267632,
      "fcf_margin_change": 0.12218371924533752
    },
    {
      "date": "2023-09-30T00:00:00",
      "quarter_label": "2023-09 (Q3)",
      "revenue": 81888000,
      "gross_profit": 30788000,
      "operating_income": -2088000,
      "net_income": -1307000,
      "opex": 32876000,
      "cogs": 51100000,
      "rd": null,
      "sga": null,
      "fcf": -10648000,
      "ocf": -7137000,
      "capex": -3511000,
      "gross_margin": 0.3759769441187964,
      "op_margin": -0.025498241500586168,
      "fcf_margin": -0.13003126221180147,
      "incr_op_margin_yoy": -0.0559607009014484,
      "rev_growth_yoy": -0.3253583786455759,
      "rev_growth_yoy_accel": 0.9863956136138317,
      "fcf_margin_change": -0.14560165499256408
    },
    {
      "date": "2023-12-31T00:00:00",
      "quarter_label": "2023-12 (Q4)",
      "revenue": 89453000,
      "gross_profit": 36109000,
      "operating_income": 4451000,
      "net_income": 2704000,
      "opex": 31658000,
      "cogs": 53344000,
      "rd": null,
      "sga": null,
      "fcf": -7072000,
      "ocf": -3730000,
      "capex": -3342000,
      "gross_margin": 0.40366449420366,
      "op_margin": 0.049757973460923616,
      "fcf_margin": -0.07905827641331202,
      "incr_op_margin_yoy": -0.2583084715187678,
      "rev_growth_yoy": -0.3258598860519097,
      "rev_growth_yoy_accel": -0.0005015074063338121,
      "op_leverage_ratio": Infinity,
      "fcf_margin_change": 0.050972985798489454
    },
    {
      "date": "2024-03-31T00:00:00",
      "quarter_label": "2024-03 (Q1)",
      "revenue": 85358000,
      "gross_profit": 34231000,
      "operating_income": -468000,
      "net_income": -682000,
      "opex": 34699000,
      "cogs": 51127000,
      "rd": null,
      "sga": null,
      "fcf": -5699000,
      "ocf": -2285000,
      "capex": -3414000,
      "gross_margin": 0.40102860891773473,
      "op_margin": -0.005482790130977765,
      "fcf_margin": -0.06676585674453478,
      "incr_op_margin_yoy": -0.23582673114517955,
      "rev_growth_yoy": -0.3129256081265998,
      "rev_growth_yoy_accel": 0.012934277925309878,
      "fcf_margin_change": 0.01229241966877724
    },
    {
      "date": "2024-06-30T00:00:00",
      "quarter_label": "2024-06 (Q2)",
      "revenue": 84396000,
      "gross_profit": 32766000,
      "operating_income": -4147000,
      "net_income": -4592000,
      "opex": 36913000,
      "cogs": 51630000,
      "rd": null,
      "sga": null,
      "fcf": -995000,
      "ocf": -995000,
      "capex": null,
      "gross_margin": 0.3882411488696147,
      "op_margin": -0.04913739987677141,
      "fcf_margin": -0.01178965827764349,
      "incr_op_margin_yoy": -0.0312780068112565,
      "fcf_margin_change": 0.05497619846689129
    },
    {
      "date": "2024-09-30T00:00:00",
      "quarter_label": "2024-09 (Q3)",
      "revenue": 85066000,
      "gross_profit": 37318000,
      "operating_income": -2828000,
      "net_income": -5002000,
      "opex": 40146000,
      "cogs": 47748000,
      "rd": null,
      "sga": null,
      "fcf": -837000,
      "ocf": 2493000,
      "capex": -3330000,
      "gross_margin": 0.4386946606164625,
      "op_margin": -0.033244774645569325,
      "fcf_margin": -0.009839418804222604,
      "incr_op_margin_yoy": -0.2328508495909377,
      "rev_growth_yoy": 0.038809105119187184,
      "fcf_margin_change": 0.0019502394734208853
    },
    {
      "date": "2024-12-31T00:00:00",
      "quarter_label": "2024-12 (Q4)",
      "revenue": 90021000,
      "gross_profit": 38839000,
      "operating_income": 1018000,
      "net_income": 210000,
      "opex": 37821000,
      "cogs": 51182000,
      "rd": null,
      "sga": null,
      "fcf": 521000,
      "ocf": 2553000,
      "capex": -2032000,
      "gross_margin": 0.4314437742304573,
      "op_margin": 0.011308472467535352,
      "fcf_margin": 0.005787538463247465,
      "rev_growth_yoy": 0.0063497031960918025,
      "rev_growth_yoy_accel": -0.032459401923095384,
      "op_leverage_ratio": Infinity,
      "fcf_margin_change": 0.01562695726747007
    },
    {
      "date": "2025-03-31T00:00:00",
      "quarter_label": "2025-03 (Q1)",
      "revenue": 82054000,
      "gross_profit": 34504000,
      "operating_income": -3563000,
      "net_income": -4976000,
      "opex": 38067000,
      "cogs": 47550000,
      "rd": null,
      "sga": null,
      "fcf": -684000,
      "ocf": 1306000,
      "capex": -1990000,
      "gross_margin": 0.42050357081921663,
      "op_margin": -0.04342262412557584,
      "fcf_margin": -0.008335973870865527,
      "incr_op_margin_yoy": 0.9367433414043583,
      "rev_growth_yoy": -0.0387075610956208,
      "rev_growth_yoy_accel": -0.0450572642917126,
      "fcf_margin_change": -0.014123512334112992
    },
    {
      "date": "2025-06-30T00:00:00",
      "quarter_label": "2025-06 (Q2)",
      "revenue": 85141000,
      "gross_profit": 38250000,
      "operating_income": 3913000,
      "net_income": -4747000,
      "opex": 34337000,
      "cogs": 46891000,
      "rd": null,
      "sga": null,
      "fcf": 9745000,
      "ocf": 9745000,
      "capex": null,
      "gross_margin": 0.4492547656240824,
      "op_margin": 0.0459590561539094,
      "fcf_margin": 0.11445719453612244,
      "rev_growth_yoy": 0.008827432579743116,
      "rev_growth_yoy_accel": 0.047534993675363915,
      "op_leverage_ratio": Infinity,
      "fcf_margin_change": 0.12279316840698797
    },
    {
      "date": "2025-09-30T00:00:00",
      "quarter_label": "2025-09 (Q3)",
      "revenue": 81601000,
      "gross_profit": 32436000,
      "operating_income": -3181000,
      "net_income": -4025000,
      "opex": 35617000,
      "cogs": 49165000,
      "rd": null,
      "sga": null,
      "fcf": -6939000,
      "ocf": -5007000,
      "capex": -1932000,
      "gross_margin": 0.39749512873616744,
      "op_margin": -0.03898236541218857,
      "fcf_margin": -0.08503572260143871,
      "incr_op_margin_yoy": 0.10187590187590187,
      "rev_growth_yoy": -0.04073307784543766,
      "rev_growth_yoy_accel": -0.049560510425180775,
      "fcf_margin_change": -0.19949291713756115
    }
  ],
  "signals": [
    {
      "quarter": "2025-06 (Q2)",
      "signal": "FCF TURNED POSITIVE",
      "detail": "FCF margin: -0.8% -> +11.4%",
      "severity": "HIGH"
    },
    {
      "quarter": "2025-06 (Q2)",
      "signal": "GROSS MARGIN INFLECTION",
      "detail": "GM: +43.1% -> +42.1% -> +44.9% (reversal +2.9%)",
      "severity": "MEDIUM"
    },
    {
      "quarter": "2025-06 (Q2)",
      "signal": "OP MARGIN TURNED POSITIVE (YoY)",
      "detail": "Op margin: -4.9% (year-ago) -> +4.6%",
      "severity": "HIGH"
    },
    {
      "quarter": "2025-06 (Q2)",
      "signal": "OP MARGIN TURNED POSITIVE (QoQ)",
      "detail": "Op margin: -4.3% -> +4.6%",
      "severity": "HIGH"
    },
    {
      "quarter": "2024-12 (Q4)",
      "signal": "FCF TURNED POSITIVE",
      "detail": "FCF margin: -1.0% -> +0.6%",
      "severity": "HIGH"
    },
    {
      "quarter": "2024-12 (Q4)",
      "signal": "OP MARGIN TURNED POSITIVE (QoQ)",
      "detail": "Op margin: -3.3% -> +1.1%",
      "severity": "HIGH"
    },
    {
      "quarter": "2024-09 (Q3)",
      "signal": "GROSS MARGIN INFLECTION",
      "detail": "GM: +40.1% -> +38.8% -> +43.9% (reversal +5.0%)",
      "severity": "HIGH"
    },
    {
      "quarter": "2024-06 (Q2)",
      "signal": "FCF MARGIN EXPANSION",
      "detail": "FCF margin: -6.7% -> -1.2% (+5.5%)",
      "severity": "MEDIUM"
    },
    {
      "quarter": "2023-12 (Q4)",
      "signal": "FCF MARGIN EXPANSION",
      "detail": "FCF margin: -13.0% -> -7.9% (+5.1%)",
      "severity": "MEDIUM"
    },
    {
      "quarter": "2023-12 (Q4)",
      "signal": "OP MARGIN TURNED POSITIVE (YoY)",
      "detail": "Op margin: -5.1% (year-ago) -> +5.0%",
      "severity": "HIGH"
    },
    {
      "quarter": "2023-12 (Q4)",
      "signal": "OP MARGIN TURNED POSITIVE (QoQ)",
      "detail": "Op margin: -2.5% -> +5.0%",
      "severity": "HIGH"
    },
    {
      "quarter": "2023-09 (Q3)",
      "signal": "GROSS MARGIN INFLECTION",
      "detail": "GM: +23.1% -> -75.5% -> +37.6% (reversal +113.1%)",
      "severity": "HIGH"
    },
    {
      "quarter": "2023-09 (Q3)",
      "signal": "YoY REVENUE GROWTH ACCELERATION",
      "detail": "YoY growth: -32.5% vs prior quarter YoY: -131.2% (accel: +98.6%)",
      "severity": "HIGH"
    },
    {
      "quarter": "2023-06 (Q2)",
      "signal": "FCF TURNED POSITIVE",
      "detail": "FCF margin: -10.7% -> +1.6%",
      "severity": "HIGH"
    },
    {
      "quarter": "2023-06 (Q2)",
      "signal": "YoY REVENUE GROWTH DECELERATION",
      "detail": "YoY growth: -131.2% vs prior quarter YoY: +4.1% (decel: -135.2%)",
      "severity": "WARNING"
    },
    {
      "quarter": "2023-06 (Q2)",
      "signal": "OP MARGIN TURNED POSITIVE (YoY)",
      "detail": "Op margin: -3.5% (year-ago) -> +0.8%",
      "severity": "HIGH"
    },
    {
      "quarter": "2023-06 (Q2)",
      "signal": "OP MARGIN TURNED POSITIVE (QoQ)",
      "detail": "Op margin: -7.8% -> +0.8%",
      "severity": "HIGH"
    },
    {
      "quarter": "2023-03 (Q1)",
      "signal": "YoY REVENUE GROWTH DECELERATION",
      "detail": "YoY growth: +4.1% vs prior quarter YoY: +12.0% (decel: -8.0%)",
      "severity": "WARNING"
    },
    {
      "quarter": "2022-12 (Q4)",
      "signal": "FCF TURNED POSITIVE",
      "detail": "FCF margin: -13.5% -> +9.2%",
      "severity": "HIGH"
    },
    {
      "quarter": "2022-09 (Q3)",
      "signal": "YoY REVENUE GROWTH DECELERATION",
      "detail": "YoY growth: +12.0% vs prior quarter YoY: +19.6% (decel: -7.6%)",
      "severity": "WARNING"
    },
    {
      "quarter": "2022-06 (Q2)",
      "signal": "YoY REVENUE GROWTH DECELERATION",
      "detail": "YoY growth: +19.6% vs prior quarter YoY: +28.2% (decel: -8.6%)",
      "severity": "WARNING"
    },
    {
      "quarter": "2022-03 (Q1)",
      "signal": "YoY REVENUE GROWTH ACCELERATION",
      "detail": "YoY growth: +28.2% vs prior quarter YoY: +13.3% (accel: +14.9%)",
      "severity": "MEDIUM"
    },
    {
      "quarter": "2021-06 (Q2)",
      "signal": "FCF TURNED POSITIVE",
      "detail": "FCF margin: -3.0% -> +1.9%",
      "severity": "HIGH"
    },
    {
      "quarter": "2021-06 (Q2)",
      "signal": "OPERATING LEVERAGE",
      "detail": "Rev growth +10.4% vs OpEx growth +0.8% (leverage: 13.0x)",
      "severity": "MEDIUM"
    },
    {
      "quarter": "2021-03 (Q1)",
      "signal": "FCF MARGIN EXPANSION",
      "detail": "FCF margin: -17.3% -> -3.0% (+14.3%)",
      "severity": "MEDIUM"
    }
  ],
  "data_quality": {
    "n_quarters": 20,
    "coverage": {
      "revenue": [
        20,
        20
      ],
      "gross_profit": [
        20,
        20
      ],
      "op_income": [
        20,
        20
      ],
      "fcf": [
        20,
        20
      ]
    },
    "gaps": [],
    "warnings": []
  },
  "market_cap": null,
  "source": "SEC EDGAR",
  "last_updated": "2026-02-02T23:47:10.953110"
}