{
  "ticker": "FATBB",
  "name": "FAT Brands Inc.",
  "quarters": [
    {
      "date": "2020-12-27T00:00:00",
      "quarter_label": "2020-12 (Q4)",
      "revenue": 6499000,
      "gross_profit": null,
      "operating_income": -7937000,
      "net_income": -7671000,
      "opex": 14436000,
      "cogs": null,
      "rd": null,
      "sga": null,
      "fcf": -3199000,
      "ocf": -2978000,
      "capex": -221000,
      "gross_margin": null,
      "op_margin": -1.2212648099707648,
      "fcf_margin": -0.49222957378058163
    },
    {
      "date": "2021-03-28T00:00:00",
      "quarter_label": "2021-03 (Q1)",
      "revenue": 6649000,
      "gross_profit": null,
      "operating_income": 104000,
      "net_income": -2432000,
      "opex": 6545000,
      "cogs": null,
      "rd": null,
      "sga": null,
      "fcf": -1819000,
      "ocf": -1246000,
      "capex": -573000,
      "gross_margin": null,
      "op_margin": 0.015641449842081517,
      "fcf_margin": -0.2735749736802527,
      "op_leverage_ratio": Infinity,
      "fcf_margin_change": 0.21865460010032894
    },
    {
      "date": "2021-06-27T00:00:00",
      "quarter_label": "2021-06 (Q2)",
      "revenue": 8282000,
      "gross_profit": null,
      "operating_income": 2044000,
      "net_income": -5926000,
      "opex": 6238000,
      "cogs": null,
      "rd": null,
      "sga": null,
      "fcf": -4371000,
      "ocf": -3686000,
      "capex": -685000,
      "gross_margin": null,
      "op_margin": 0.24680028978507607,
      "fcf_margin": -0.5277710697899058,
      "op_leverage_ratio": Infinity,
      "fcf_margin_change": -0.25419609610965316
    },
    {
      "date": "2021-09-26T00:00:00",
      "quarter_label": "2021-09 (Q3)",
      "revenue": 29761000,
      "gross_profit": null,
      "operating_income": 2376000,
      "net_income": -3621000,
      "opex": 27385000,
      "cogs": null,
      "rd": null,
      "sga": null,
      "fcf": 523000,
      "ocf": 926000,
      "capex": -403000,
      "gross_margin": null,
      "op_margin": 0.07983602701522126,
      "fcf_margin": 0.01757333422936057,
      "op_leverage_ratio": 0.765024664288379,
      "fcf_margin_change": 0.5453444040192664
    },
    {
      "date": "2021-12-26T00:00:00",
      "quarter_label": "2021-12 (Q4)",
      "revenue": 74188000,
      "gross_profit": null,
      "operating_income": -2768000,
      "net_income": -19604000,
      "opex": 76956000,
      "cogs": null,
      "rd": null,
      "sga": null,
      "fcf": -4073000,
      "ocf": 4688000,
      "capex": -8761000,
      "gross_margin": null,
      "op_margin": -0.0373106162721734,
      "fcf_margin": -0.0549010621663881,
      "incr_op_margin_yoy": 0.07636395869343615,
      "rev_growth_yoy": 10.415294660717034,
      "op_leverage_ratio": 0.8246782358192243,
      "fcf_margin_change": -0.07247439639574867
    },
    {
      "date": "2022-03-27T00:00:00",
      "quarter_label": "2022-03 (Q1)",
      "revenue": 97403000,
      "gross_profit": null,
      "operating_income": 485000,
      "net_income": -23755000,
      "opex": 96918000,
      "cogs": null,
      "rd": null,
      "sga": null,
      "fcf": -14903000,
      "ocf": -11133000,
      "capex": -3770000,
      "gross_margin": null,
      "op_margin": 0.004979312752173957,
      "fcf_margin": -0.15300350091886286,
      "incr_op_margin_yoy": 0.004198162064482007,
      "rev_growth_yoy": 13.649270567002556,
      "rev_growth_yoy_accel": 3.2339759062855222,
      "op_leverage_ratio": 1.2063503635286297,
      "fcf_margin_change": -0.09810243875247476
    },
    {
      "date": "2022-06-26T00:00:00",
      "quarter_label": "2022-06 (Q2)",
      "revenue": 102785000,
      "gross_profit": null,
      "operating_income": 13203000,
      "net_income": -8188000,
      "opex": 89582000,
      "cogs": null,
      "rd": null,
      "sga": null,
      "fcf": -23911000,
      "ocf": -17158000,
      "capex": -6753000,
      "gross_margin": null,
      "op_margin": 0.12845259522303837,
      "fcf_margin": -0.23263122050882912,
      "incr_op_margin_yoy": 0.11808090748441849,
      "rev_growth_yoy": 11.41064960154552,
      "rev_growth_yoy_accel": -2.238620965457036,
      "op_leverage_ratio": Infinity,
      "fcf_margin_change": -0.07962771958996626
    },
    {
      "date": "2022-09-25T00:00:00",
      "quarter_label": "2022-09 (Q3)",
      "revenue": 103222000,
      "gross_profit": null,
      "operating_income": 1012000,
      "net_income": -23437000,
      "opex": 102210000,
      "cogs": null,
      "rd": null,
      "sga": null,
      "fcf": -11146000,
      "ocf": -8313000,
      "capex": -2833000,
      "gross_margin": null,
      "op_margin": 0.009804111526612544,
      "fcf_margin": -0.10798085679409428,
      "incr_op_margin_yoy": -0.018567675365159745,
      "rev_growth_yoy": 2.4683646382850037,
      "rev_growth_yoy_accel": -8.942284963260516,
      "fcf_margin_change": 0.12465036371473484
    },
    {
      "date": "2022-12-25T00:00:00",
      "quarter_label": "2022-12 (Q4)",
      "revenue": 103814000,
      "gross_profit": null,
      "operating_income": -32605000,
      "net_income": -70808000,
      "opex": 136419000,
      "cogs": null,
      "rd": null,
      "sga": null,
      "fcf": -18860000,
      "ocf": -10795000,
      "capex": -8065000,
      "gross_margin": null,
      "op_margin": -0.3140713198605198,
      "fcf_margin": -0.18167106555955845,
      "incr_op_margin_yoy": -1.0071221224600013,
      "rev_growth_yoy": 0.39933681997088477,
      "rev_growth_yoy_accel": -2.069027818314119,
      "fcf_margin_change": -0.07369020876546417
    },
    {
      "date": "2023-03-26T00:00:00",
      "quarter_label": "2023-03 (Q1)",
      "revenue": 105691000,
      "gross_profit": 46604000,
      "operating_income": 387000,
      "net_income": -32126000,
      "opex": 105304000,
      "cogs": 59087000,
      "rd": null,
      "sga": null,
      "fcf": -13746000,
      "ocf": -11715000,
      "capex": -2031000,
      "gross_margin": 0.44094577589387934,
      "op_margin": 0.0036616173562554993,
      "fcf_margin": -0.13005837772374185,
      "incr_op_margin_yoy": -0.011824324324324325,
      "rev_growth_yoy": 0.0850897816289026,
      "rev_growth_yoy_accel": -0.3142470383419822,
      "op_leverage_ratio": Infinity,
      "fcf_margin_change": 0.0516126878358166
    },
    {
      "date": "2023-06-25T00:00:00",
      "quarter_label": "2023-06 (Q2)",
      "revenue": 106764000,
      "gross_profit": 47262000,
      "operating_income": 18465000,
      "net_income": -7091000,
      "opex": 88299000,
      "cogs": 59502000,
      "rd": null,
      "sga": null,
      "fcf": -14492000,
      "ocf": -9497000,
      "capex": -4995000,
      "gross_margin": 0.4426773069574014,
      "op_margin": 0.17295155670450713,
      "fcf_margin": -0.13573863849237572,
      "incr_op_margin_yoy": 1.3224428248303595,
      "rev_growth_yoy": 0.03871187430072481,
      "rev_growth_yoy_accel": -0.046377907328177786,
      "op_leverage_ratio": Infinity,
      "fcf_margin_change": -0.005680260768633871
    },
    {
      "date": "2023-09-24T00:00:00",
      "quarter_label": "2023-09 (Q3)",
      "revenue": 109366000,
      "gross_profit": 50198000,
      "operating_income": 6621000,
      "net_income": -24656000,
      "opex": 102745000,
      "cogs": 59168000,
      "rd": null,
      "sga": null,
      "fcf": -8225000,
      "ocf": -1824000,
      "capex": -6401000,
      "gross_margin": 0.4589909112521259,
      "op_margin": 0.06053983870672787,
      "fcf_margin": -0.07520618839493079,
      "incr_op_margin_yoy": 0.9129231770833334,
      "rev_growth_yoy": 0.059522194880936234,
      "rev_growth_yoy_accel": 0.02081032058021142,
      "op_leverage_ratio": 0.14896719157239877,
      "fcf_margin_change": 0.06053245009744493
    },
    {
      "date": "2023-12-31T00:00:00",
      "quarter_label": "2023-12 (Q4)",
      "revenue": 158636000,
      "gross_profit": 53506000,
      "operating_income": -3143000,
      "net_income": -26237000,
      "opex": 161779000,
      "cogs": 105130000,
      "rd": null,
      "sga": null,
      "fcf": -18041000,
      "ocf": -12572000,
      "capex": -5469000,
      "gross_margin": 0.3372878791699236,
      "op_margin": -0.01981265286567992,
      "fcf_margin": -0.11372576212209082,
      "incr_op_margin_yoy": 0.5374119878880741,
      "rev_growth_yoy": 0.5280790644807059,
      "rev_growth_yoy_accel": 0.4685568695997696,
      "op_leverage_ratio": 0.7840770089595744,
      "fcf_margin_change": -0.03851957372716003
    },
    {
      "date": "2024-03-31T00:00:00",
      "quarter_label": "2024-03 (Q1)",
      "revenue": 151967000,
      "gross_profit": 52917000,
      "operating_income": -1382000,
      "net_income": -38316000,
      "opex": 153349000,
      "cogs": 99050000,
      "rd": null,
      "sga": null,
      "fcf": -32527000,
      "ocf": -28401000,
      "capex": -4126000,
      "gross_margin": 0.3482137569340712,
      "op_margin": -0.009094079635710385,
      "fcf_margin": -0.21403989023932826,
      "incr_op_margin_yoy": -0.03822715878641196,
      "rev_growth_yoy": 0.43784238960744054,
      "rev_growth_yoy_accel": -0.09023667487326531,
      "fcf_margin_change": -0.10031412811723744
    },
    {
      "date": "2024-06-30T00:00:00",
      "quarter_label": "2024-06 (Q2)",
      "revenue": 152040000,
      "gross_profit": 51927000,
      "operating_income": -2703000,
      "net_income": -39359000,
      "opex": 154743000,
      "cogs": 100113000,
      "rd": null,
      "sga": null,
      "fcf": -24425000,
      "ocf": -14213000,
      "capex": -10212000,
      "gross_margin": 0.3415351223362273,
      "op_margin": -0.017778216258879244,
      "fcf_margin": -0.16064851354906604,
      "incr_op_margin_yoy": -0.4675324675324675,
      "rev_growth_yoy": 0.4240755310778914,
      "rev_growth_yoy_accel": -0.01376685852954912,
      "fcf_margin_change": 0.05339137669026223
    },
    {
      "date": "2024-09-29T00:00:00",
      "quarter_label": "2024-09 (Q3)",
      "revenue": 143365000,
      "gross_profit": 46573000,
      "operating_income": -8833000,
      "net_income": -44755000,
      "opex": 152198000,
      "cogs": 96792000,
      "rd": null,
      "sga": null,
      "fcf": -11094000,
      "ocf": -3222000,
      "capex": -7872000,
      "gross_margin": 0.3248561364349737,
      "op_margin": -0.06161196944861019,
      "fcf_margin": -0.0773829037770725,
      "incr_op_margin_yoy": -0.4545427806700197,
      "rev_growth_yoy": 0.31087358045462027,
      "rev_growth_yoy_accel": -0.11320195062327115,
      "fcf_margin_change": 0.08326560977199353
    },
    {
      "date": "2024-12-29T00:00:00",
      "quarter_label": "2024-12 (Q4)",
      "revenue": 145280000,
      "gross_profit": 48104000,
      "operating_income": -39302000,
      "net_income": -67417000,
      "opex": 184582000,
      "cogs": 97176000,
      "rd": null,
      "sga": null,
      "fcf": -11001000,
      "ocf": -10410000,
      "capex": -591000,
      "gross_margin": 0.3311123348017621,
      "op_margin": -0.2705258810572687,
      "fcf_margin": -0.07572274229074889,
      "incr_op_margin_yoy": 2.707322551662174,
      "rev_growth_yoy": -0.08419274313522782,
      "rev_growth_yoy_accel": -0.39506632358984806,
      "op_leverage_ratio": 0.06277751116273741,
      "fcf_margin_change": 0.0016601614863236136
    },
    {
      "date": "2025-03-30T00:00:00",
      "quarter_label": "2025-03 (Q1)",
      "revenue": 142019000,
      "gross_profit": 45922000,
      "operating_income": -8566000,
      "net_income": -45969000,
      "opex": 150585000,
      "cogs": 96097000,
      "rd": null,
      "sga": null,
      "fcf": -17763000,
      "ocf": -13217000,
      "capex": -4546000,
      "gross_margin": 0.3233511009090333,
      "op_margin": -0.060315873228230024,
      "fcf_margin": -0.12507481393334693,
      "incr_op_margin_yoy": 0.7221552070767994,
      "rev_growth_yoy": -0.06546158047470832,
      "rev_growth_yoy_accel": 0.018731162660519496,
      "fcf_margin_change": -0.04935207164259804
    },
    {
      "date": "2025-06-29T00:00:00",
      "quarter_label": "2025-06 (Q2)",
      "revenue": 146836000,
      "gross_profit": 48786000,
      "operating_income": -15550000,
      "net_income": -54188000,
      "opex": 162386000,
      "cogs": 98050000,
      "rd": null,
      "sga": null,
      "fcf": -29310000,
      "ocf": -26907000,
      "capex": -2403000,
      "gross_margin": 0.33224822250674224,
      "op_margin": -0.10590046037756408,
      "fcf_margin": -0.19961044975346645,
      "incr_op_margin_yoy": 2.4686779400461183,
      "rev_growth_yoy": -0.034227834780320966,
      "rev_growth_yoy_accel": 0.031233745694387353,
      "op_leverage_ratio": 0.43280582673844453,
      "fcf_margin_change": -0.07453563582011952
    },
    {
      "date": "2025-09-28T00:00:00",
      "quarter_label": "2025-09 (Q3)",
      "revenue": 140009000,
      "gross_profit": 45396000,
      "operating_income": -17366000,
      "net_income": -58219000,
      "opex": 157375000,
      "cogs": 94613000,
      "rd": null,
      "sga": null,
      "fcf": -16876000,
      "ocf": -14548000,
      "capex": -2328000,
      "gross_margin": 0.3242362990950582,
      "op_margin": -0.12403488347177681,
      "fcf_margin": -0.12053510845731345,
      "incr_op_margin_yoy": 2.5426102502979737,
      "rev_growth_yoy": -0.023408781780769366,
      "rev_growth_yoy_accel": 0.0108190529995516,
      "fcf_margin_change": 0.079075341296153
    }
  ],
  "signals": [
    {
      "quarter": "2025-09 (Q3)",
      "signal": "FCF MARGIN EXPANSION",
      "detail": "FCF margin: -20.0% -> -12.1% (+7.9%)",
      "severity": "MEDIUM"
    },
    {
      "quarter": "2024-12 (Q4)",
      "signal": "YoY REVENUE GROWTH DECELERATION",
      "detail": "YoY growth: -8.4% vs prior quarter YoY: +31.1% (decel: -39.5%)",
      "severity": "WARNING"
    },
    {
      "quarter": "2024-09 (Q3)",
      "signal": "FCF MARGIN EXPANSION",
      "detail": "FCF margin: -16.1% -> -7.7% (+8.3%)",
      "severity": "MEDIUM"
    },
    {
      "quarter": "2024-09 (Q3)",
      "signal": "YoY REVENUE GROWTH DECELERATION",
      "detail": "YoY growth: +31.1% vs prior quarter YoY: +42.4% (decel: -11.3%)",
      "severity": "WARNING"
    },
    {
      "quarter": "2024-06 (Q2)",
      "signal": "FCF MARGIN EXPANSION",
      "detail": "FCF margin: -21.4% -> -16.1% (+5.3%)",
      "severity": "MEDIUM"
    },
    {
      "quarter": "2024-03 (Q1)",
      "signal": "YoY REVENUE GROWTH DECELERATION",
      "detail": "YoY growth: +43.8% vs prior quarter YoY: +52.8% (decel: -9.0%)",
      "severity": "WARNING"
    },
    {
      "quarter": "2023-12 (Q4)",
      "signal": "YoY REVENUE GROWTH ACCELERATION",
      "detail": "YoY growth: +52.8% vs prior quarter YoY: +6.0% (accel: +46.9%)",
      "severity": "HIGH"
    },
    {
      "quarter": "2023-09 (Q3)",
      "signal": "FCF MARGIN EXPANSION",
      "detail": "FCF margin: -13.6% -> -7.5% (+6.1%)",
      "severity": "MEDIUM"
    },
    {
      "quarter": "2023-09 (Q3)",
      "signal": "INCREMENTAL MARGIN (YoY)",
      "detail": "YoY Incr OPM: +91.3% vs year-ago OPM: +1.0%",
      "severity": "HIGH"
    },
    {
      "quarter": "2023-06 (Q2)",
      "signal": "INCREMENTAL MARGIN (YoY)",
      "detail": "YoY Incr OPM: +132.2% vs year-ago OPM: +12.8%",
      "severity": "HIGH"
    },
    {
      "quarter": "2023-03 (Q1)",
      "signal": "FCF MARGIN EXPANSION",
      "detail": "FCF margin: -18.2% -> -13.0% (+5.2%)",
      "severity": "MEDIUM"
    },
    {
      "quarter": "2023-03 (Q1)",
      "signal": "YoY REVENUE GROWTH DECELERATION",
      "detail": "YoY growth: +8.5% vs prior quarter YoY: +39.9% (decel: -31.4%)",
      "severity": "WARNING"
    },
    {
      "quarter": "2023-03 (Q1)",
      "signal": "OP MARGIN TURNED POSITIVE (QoQ)",
      "detail": "Op margin: -31.4% -> +0.4%",
      "severity": "HIGH"
    },
    {
      "quarter": "2022-12 (Q4)",
      "signal": "YoY REVENUE GROWTH DECELERATION",
      "detail": "YoY growth: +39.9% vs prior quarter YoY: +246.8% (decel: -206.9%)",
      "severity": "WARNING"
    },
    {
      "quarter": "2022-09 (Q3)",
      "signal": "FCF MARGIN EXPANSION",
      "detail": "FCF margin: -23.3% -> -10.8% (+12.5%)",
      "severity": "MEDIUM"
    },
    {
      "quarter": "2022-09 (Q3)",
      "signal": "YoY REVENUE GROWTH DECELERATION",
      "detail": "YoY growth: +246.8% vs prior quarter YoY: +1141.1% (decel: -894.2%)",
      "severity": "WARNING"
    },
    {
      "quarter": "2022-06 (Q2)",
      "signal": "YoY REVENUE GROWTH DECELERATION",
      "detail": "YoY growth: +1141.1% vs prior quarter YoY: +1364.9% (decel: -223.9%)",
      "severity": "WARNING"
    },
    {
      "quarter": "2022-03 (Q1)",
      "signal": "YoY REVENUE GROWTH ACCELERATION",
      "detail": "YoY growth: +1364.9% vs prior quarter YoY: +1041.5% (accel: +323.4%)",
      "severity": "HIGH"
    },
    {
      "quarter": "2022-03 (Q1)",
      "signal": "OP MARGIN TURNED POSITIVE (QoQ)",
      "detail": "Op margin: -3.7% -> +0.5%",
      "severity": "HIGH"
    },
    {
      "quarter": "2021-09 (Q3)",
      "signal": "FCF TURNED POSITIVE",
      "detail": "FCF margin: -52.8% -> +1.8%",
      "severity": "HIGH"
    },
    {
      "quarter": "2021-03 (Q1)",
      "signal": "FCF MARGIN EXPANSION",
      "detail": "FCF margin: -49.2% -> -27.4% (+21.9%)",
      "severity": "MEDIUM"
    },
    {
      "quarter": "2021-03 (Q1)",
      "signal": "OP MARGIN TURNED POSITIVE (QoQ)",
      "detail": "Op margin: -122.1% -> +1.6%",
      "severity": "HIGH"
    }
  ],
  "data_quality": {
    "n_quarters": 20,
    "coverage": {
      "revenue": [
        20,
        20
      ],
      "gross_profit": [
        11,
        20
      ],
      "op_income": [
        20,
        20
      ],
      "fcf": [
        20,
        20
      ]
    },
    "gaps": [],
    "warnings": [
      "gross_profit: 11/20Q"
    ]
  },
  "market_cap": null,
  "source": "SEC EDGAR",
  "last_updated": "2026-02-03T00:58:42.975854",
  "sector": "Consumer Cyclical",
  "industry": "Restaurants"
}