{
  "ticker": "FBP",
  "name": "First BanCorp.",
  "quarters": [
    {
      "date": "2020-12-31T00:00:00",
      "quarter_label": "2020-12 (Q4)",
      "revenue": 300627000,
      "gross_profit": null,
      "operating_income": null,
      "net_income": 50138000,
      "opex": null,
      "cogs": null,
      "rd": null,
      "sga": null,
      "fcf": 122351000,
      "ocf": 127104000,
      "capex": -4753000,
      "gross_margin": null,
      "op_margin": null,
      "fcf_margin": 0.4069860657891673
    },
    {
      "date": "2021-03-31T00:00:00",
      "quarter_label": "2021-03 (Q1)",
      "revenue": 207221000,
      "gross_profit": null,
      "operating_income": null,
      "net_income": 61150000,
      "opex": null,
      "cogs": null,
      "rd": null,
      "sga": null,
      "fcf": 109360000,
      "ocf": 112678000,
      "capex": -3318000,
      "gross_margin": null,
      "op_margin": null,
      "fcf_margin": 0.5277457400553033,
      "fcf_margin_change": 0.12075967426613599
    },
    {
      "date": "2021-06-30T00:00:00",
      "quarter_label": "2021-06 (Q2)",
      "revenue": 214667000,
      "gross_profit": null,
      "operating_income": null,
      "net_income": 70558000,
      "opex": null,
      "cogs": null,
      "rd": null,
      "sga": null,
      "fcf": 107043000,
      "ocf": 111848000,
      "capex": -4805000,
      "gross_margin": null,
      "op_margin": null,
      "fcf_margin": 0.4986467412317683,
      "fcf_margin_change": -0.029098998823535005
    },
    {
      "date": "2021-09-30T00:00:00",
      "quarter_label": "2021-09 (Q3)",
      "revenue": 214689000,
      "gross_profit": null,
      "operating_income": null,
      "net_income": 75678000,
      "opex": null,
      "cogs": null,
      "rd": null,
      "sga": null,
      "fcf": 76369000,
      "ocf": 79029000,
      "capex": -2660000,
      "gross_margin": null,
      "op_margin": null,
      "fcf_margin": 0.35571920312638283,
      "fcf_margin_change": -0.14292753810538544
    },
    {
      "date": "2021-12-31T00:00:00",
      "quarter_label": "2021-12 (Q4)",
      "revenue": 279295000,
      "gross_profit": null,
      "operating_income": null,
      "net_income": 73639000,
      "opex": null,
      "cogs": null,
      "rd": null,
      "sga": null,
      "fcf": 93600000,
      "ocf": 96166000,
      "capex": -2566000,
      "gross_margin": null,
      "op_margin": null,
      "fcf_margin": 0.3351295225478437,
      "rev_growth_yoy": -0.07095836368656175,
      "fcf_margin_change": -0.02058968057853916
    },
    {
      "date": "2022-03-31T00:00:00",
      "quarter_label": "2022-03 (Q1)",
      "revenue": 218482000,
      "gross_profit": null,
      "operating_income": null,
      "net_income": 82600000,
      "opex": null,
      "cogs": null,
      "rd": null,
      "sga": null,
      "fcf": 108070000,
      "ocf": 114834000,
      "capex": -6764000,
      "gross_margin": null,
      "op_margin": null,
      "fcf_margin": 0.4946402907333327,
      "rev_growth_yoy": 0.054342947867252835,
      "rev_growth_yoy_accel": 0.12530131155381458,
      "fcf_margin_change": 0.15951076818548904
    },
    {
      "date": "2022-06-30T00:00:00",
      "quarter_label": "2022-06 (Q2)",
      "revenue": 227127000,
      "gross_profit": null,
      "operating_income": null,
      "net_income": 74695000,
      "opex": null,
      "cogs": null,
      "rd": null,
      "sga": null,
      "fcf": 99697000,
      "ocf": 104774000,
      "capex": -5077000,
      "gross_margin": null,
      "op_margin": null,
      "fcf_margin": 0.4389482536202213,
      "rev_growth_yoy": 0.05804338813138489,
      "rev_growth_yoy_accel": 0.003700440264132056,
      "fcf_margin_change": -0.05569203711311144
    },
    {
      "date": "2022-09-30T00:00:00",
      "quarter_label": "2022-09 (Q3)",
      "revenue": 237603000,
      "gross_profit": null,
      "operating_income": null,
      "net_income": 74603000,
      "opex": null,
      "cogs": null,
      "rd": null,
      "sga": null,
      "fcf": 111543000,
      "ocf": 115144000,
      "capex": -3601000,
      "gross_margin": null,
      "op_margin": null,
      "fcf_margin": 0.4694511432936453,
      "rev_growth_yoy": 0.10673113200955801,
      "rev_growth_yoy_accel": 0.04868774387817312,
      "fcf_margin_change": 0.030502889673424016
    },
    {
      "date": "2022-12-31T00:00:00",
      "quarter_label": "2022-12 (Q4)",
      "revenue": 302494000,
      "gross_profit": null,
      "operating_income": null,
      "net_income": 73174000,
      "opex": null,
      "cogs": null,
      "rd": null,
      "sga": null,
      "fcf": 100716000,
      "ocf": 105733000,
      "capex": -5017000,
      "gross_margin": null,
      "op_margin": null,
      "fcf_margin": 0.3329520585532275,
      "rev_growth_yoy": 0.08306271146995113,
      "rev_growth_yoy_accel": -0.023668420539606883,
      "fcf_margin_change": -0.13649908474041778
    },
    {
      "date": "2023-03-31T00:00:00",
      "quarter_label": "2023-03 (Q1)",
      "revenue": 233403000,
      "gross_profit": null,
      "operating_income": null,
      "net_income": 70698000,
      "opex": null,
      "cogs": null,
      "rd": null,
      "sga": null,
      "fcf": 113726000,
      "ocf": 115415000,
      "capex": -1689000,
      "gross_margin": null,
      "op_margin": null,
      "fcf_margin": 0.48725166343191817,
      "rev_growth_yoy": 0.06829395556613359,
      "rev_growth_yoy_accel": -0.014768755903817543,
      "fcf_margin_change": 0.15429960487869065
    },
    {
      "date": "2023-06-30T00:00:00",
      "quarter_label": "2023-06 (Q2)",
      "revenue": 236086000,
      "gross_profit": null,
      "operating_income": null,
      "net_income": 70655000,
      "opex": null,
      "cogs": null,
      "rd": null,
      "sga": null,
      "fcf": 36519000,
      "ocf": 51041000,
      "capex": -14522000,
      "gross_margin": null,
      "op_margin": null,
      "fcf_margin": 0.15468515710376726,
      "rev_growth_yoy": 0.039444892064791945,
      "rev_growth_yoy_accel": -0.028849063501341643,
      "fcf_margin_change": -0.3325665063281509
    },
    {
      "date": "2023-09-30T00:00:00",
      "quarter_label": "2023-09 (Q3)",
      "revenue": 230024000,
      "gross_profit": null,
      "operating_income": null,
      "net_income": 82022000,
      "opex": null,
      "cogs": null,
      "rd": null,
      "sga": null,
      "fcf": 113540000,
      "ocf": 117267000,
      "capex": -3727000,
      "gross_margin": null,
      "op_margin": null,
      "fcf_margin": 0.49360066775640804,
      "rev_growth_yoy": -0.03189774539883756,
      "rev_growth_yoy_accel": -0.07134263746362951,
      "fcf_margin_change": 0.3389155106526408
    },
    {
      "date": "2023-12-31T00:00:00",
      "quarter_label": "2023-12 (Q4)",
      "revenue": 456667000,
      "gross_profit": null,
      "operating_income": null,
      "net_income": 79489000,
      "opex": null,
      "cogs": null,
      "rd": null,
      "sga": null,
      "fcf": 76579000,
      "ocf": 79240000,
      "capex": -2661000,
      "gross_margin": null,
      "op_margin": null,
      "fcf_margin": 0.16769111847363616,
      "rev_growth_yoy": 0.5096729191322803,
      "rev_growth_yoy_accel": 0.5415706645311179,
      "fcf_margin_change": -0.3259095492827719
    },
    {
      "date": "2024-03-31T00:00:00",
      "quarter_label": "2024-03 (Q1)",
      "revenue": 230503000,
      "gross_profit": null,
      "operating_income": null,
      "net_income": 73458000,
      "opex": null,
      "cogs": null,
      "rd": null,
      "sga": null,
      "fcf": 114106000,
      "ocf": 118246000,
      "capex": -4140000,
      "gross_margin": null,
      "op_margin": null,
      "fcf_margin": 0.4950304334433825,
      "rev_growth_yoy": -0.012424861719857927,
      "rev_growth_yoy_accel": -0.5220977808521382,
      "fcf_margin_change": 0.32733931496974633
    },
    {
      "date": "2024-06-30T00:00:00",
      "quarter_label": "2024-06 (Q2)",
      "revenue": 231666000,
      "gross_profit": null,
      "operating_income": null,
      "net_income": 75838000,
      "opex": null,
      "cogs": null,
      "rd": null,
      "sga": null,
      "fcf": 69426000,
      "ocf": 71143000,
      "capex": -1717000,
      "gross_margin": null,
      "op_margin": null,
      "fcf_margin": 0.2996814379321955,
      "rev_growth_yoy": -0.018721991138822294,
      "rev_growth_yoy_accel": -0.006297129418964367,
      "fcf_margin_change": -0.195348995511187
    },
    {
      "date": "2024-09-30T00:00:00",
      "quarter_label": "2024-09 (Q3)",
      "revenue": 234566000,
      "gross_profit": null,
      "operating_income": null,
      "net_income": 73727000,
      "opex": null,
      "cogs": null,
      "rd": null,
      "sga": null,
      "fcf": 115430000,
      "ocf": 117960000,
      "capex": -2530000,
      "gross_margin": null,
      "op_margin": null,
      "fcf_margin": 0.49210030439194086,
      "rev_growth_yoy": 0.019745765659235557,
      "rev_growth_yoy_accel": 0.03846775679805785,
      "fcf_margin_change": 0.19241886645974537
    },
    {
      "date": "2024-12-31T00:00:00",
      "quarter_label": "2024-12 (Q4)",
      "revenue": 529140000,
      "gross_profit": null,
      "operating_income": null,
      "net_income": 75701000,
      "opex": null,
      "cogs": null,
      "rd": null,
      "sga": null,
      "fcf": 95180000,
      "ocf": 96801000,
      "capex": -1621000,
      "gross_margin": null,
      "op_margin": null,
      "fcf_margin": 0.17987678119212308,
      "rev_growth_yoy": 0.1586998841606685,
      "rev_growth_yoy_accel": 0.13895411850143294,
      "fcf_margin_change": -0.3122235231998178
    },
    {
      "date": "2025-03-31T00:00:00",
      "quarter_label": "2025-03 (Q1)",
      "revenue": 248131000,
      "gross_profit": null,
      "operating_income": null,
      "net_income": 77059000,
      "opex": null,
      "cogs": null,
      "rd": null,
      "sga": null,
      "fcf": 106734000,
      "ocf": 108219000,
      "capex": -1485000,
      "gross_margin": null,
      "op_margin": null,
      "fcf_margin": 0.430151814968706,
      "rev_growth_yoy": 0.07647622807512267,
      "rev_growth_yoy_accel": -0.08222365608554583,
      "fcf_margin_change": 0.25027503377658294
    },
    {
      "date": "2025-06-30T00:00:00",
      "quarter_label": "2025-06 (Q2)",
      "revenue": 246809000,
      "gross_profit": null,
      "operating_income": null,
      "net_income": 80180000,
      "opex": null,
      "cogs": null,
      "rd": null,
      "sga": null,
      "fcf": 92839000,
      "ocf": 95447000,
      "capex": -2608000,
      "gross_margin": null,
      "op_margin": null,
      "fcf_margin": 0.3761572714123067,
      "rev_growth_yoy": 0.0653656557285057,
      "rev_growth_yoy_accel": -0.01111057234661697,
      "fcf_margin_change": -0.05399454355639932
    },
    {
      "date": "2025-09-30T00:00:00",
      "quarter_label": "2025-09 (Q3)",
      "revenue": 248710000,
      "gross_profit": null,
      "operating_income": null,
      "net_income": 100526000,
      "opex": null,
      "cogs": null,
      "rd": null,
      "sga": null,
      "fcf": 134767000,
      "ocf": 137629000,
      "capex": -2862000,
      "gross_margin": null,
      "op_margin": null,
      "fcf_margin": 0.5418640183346066,
      "rev_growth_yoy": 0.06029859399913031,
      "rev_growth_yoy_accel": -0.005067061729375384,
      "fcf_margin_change": 0.16570674692229992
    }
  ],
  "signals": [
    {
      "quarter": "2025-09 (Q3)",
      "signal": "FCF MARGIN EXPANSION",
      "detail": "FCF margin: +37.6% -> +54.2% (+16.6%)",
      "severity": "MEDIUM"
    },
    {
      "quarter": "2025-03 (Q1)",
      "signal": "FCF MARGIN EXPANSION",
      "detail": "FCF margin: +18.0% -> +43.0% (+25.0%)",
      "severity": "MEDIUM"
    },
    {
      "quarter": "2025-03 (Q1)",
      "signal": "YoY REVENUE GROWTH DECELERATION",
      "detail": "YoY growth: +7.6% vs prior quarter YoY: +15.9% (decel: -8.2%)",
      "severity": "WARNING"
    },
    {
      "quarter": "2024-12 (Q4)",
      "signal": "YoY REVENUE GROWTH ACCELERATION",
      "detail": "YoY growth: +15.9% vs prior quarter YoY: +2.0% (accel: +13.9%)",
      "severity": "MEDIUM"
    },
    {
      "quarter": "2024-09 (Q3)",
      "signal": "FCF MARGIN EXPANSION",
      "detail": "FCF margin: +30.0% -> +49.2% (+19.2%)",
      "severity": "MEDIUM"
    },
    {
      "quarter": "2024-03 (Q1)",
      "signal": "FCF MARGIN EXPANSION",
      "detail": "FCF margin: +16.8% -> +49.5% (+32.7%)",
      "severity": "MEDIUM"
    },
    {
      "quarter": "2024-03 (Q1)",
      "signal": "YoY REVENUE GROWTH DECELERATION",
      "detail": "YoY growth: -1.2% vs prior quarter YoY: +51.0% (decel: -52.2%)",
      "severity": "WARNING"
    },
    {
      "quarter": "2023-12 (Q4)",
      "signal": "YoY REVENUE GROWTH ACCELERATION",
      "detail": "YoY growth: +51.0% vs prior quarter YoY: -3.2% (accel: +54.2%)",
      "severity": "HIGH"
    },
    {
      "quarter": "2023-09 (Q3)",
      "signal": "FCF MARGIN EXPANSION",
      "detail": "FCF margin: +15.5% -> +49.4% (+33.9%)",
      "severity": "MEDIUM"
    },
    {
      "quarter": "2023-09 (Q3)",
      "signal": "YoY REVENUE GROWTH DECELERATION",
      "detail": "YoY growth: -3.2% vs prior quarter YoY: +3.9% (decel: -7.1%)",
      "severity": "WARNING"
    },
    {
      "quarter": "2023-03 (Q1)",
      "signal": "FCF MARGIN EXPANSION",
      "detail": "FCF margin: +33.3% -> +48.7% (+15.4%)",
      "severity": "MEDIUM"
    },
    {
      "quarter": "2022-03 (Q1)",
      "signal": "FCF MARGIN EXPANSION",
      "detail": "FCF margin: +33.5% -> +49.5% (+16.0%)",
      "severity": "MEDIUM"
    },
    {
      "quarter": "2022-03 (Q1)",
      "signal": "YoY REVENUE GROWTH ACCELERATION",
      "detail": "YoY growth: +5.4% vs prior quarter YoY: -7.1% (accel: +12.5%)",
      "severity": "MEDIUM"
    },
    {
      "quarter": "2021-03 (Q1)",
      "signal": "FCF MARGIN EXPANSION",
      "detail": "FCF margin: +40.7% -> +52.8% (+12.1%)",
      "severity": "MEDIUM"
    }
  ],
  "data_quality": {
    "n_quarters": 20,
    "coverage": {
      "revenue": [
        20,
        20
      ],
      "gross_profit": [
        0,
        20
      ],
      "op_income": [
        0,
        20
      ],
      "fcf": [
        20,
        20
      ]
    },
    "gaps": [],
    "warnings": [
      "gross_profit: no data",
      "op_income: no data"
    ]
  },
  "market_cap": null,
  "source": "SEC EDGAR",
  "last_updated": "2026-02-02T21:17:28.484354",
  "sector": "Financial Services",
  "industry": "Banks - Regional"
}