{
  "ticker": "FBRT",
  "name": "Franklin BSP Realty Trust, Inc.",
  "quarters": [
    {
      "date": "2020-12-31T00:00:00",
      "quarter_label": "2020-12 (Q4)",
      "revenue": 33372000,
      "gross_profit": null,
      "operating_income": null,
      "net_income": 32835000,
      "opex": 10390000,
      "cogs": null,
      "rd": null,
      "sga": null,
      "fcf": -80061000,
      "ocf": -80061000,
      "capex": null,
      "gross_margin": null,
      "op_margin": null,
      "fcf_margin": -2.399047105357785
    },
    {
      "date": "2021-03-31T00:00:00",
      "quarter_label": "2021-03 (Q1)",
      "revenue": 31584000,
      "gross_profit": null,
      "operating_income": null,
      "net_income": 30146000,
      "opex": 11941000,
      "cogs": null,
      "rd": null,
      "sga": null,
      "fcf": 4448000,
      "ocf": 4448000,
      "capex": null,
      "gross_margin": null,
      "op_margin": null,
      "fcf_margin": 0.1408308004052685,
      "fcf_margin_change": 2.5398779057630536
    },
    {
      "date": "2021-06-30T00:00:00",
      "quarter_label": "2021-06 (Q2)",
      "revenue": 37064000,
      "gross_profit": null,
      "operating_income": null,
      "net_income": 30010000,
      "opex": 13342000,
      "cogs": null,
      "rd": null,
      "sga": null,
      "fcf": 49762000,
      "ocf": 49762000,
      "capex": null,
      "gross_margin": null,
      "op_margin": null,
      "fcf_margin": 1.342596589682711,
      "op_leverage_ratio": 1.4788222987343675,
      "fcf_margin_change": 1.2017657892774425
    },
    {
      "date": "2021-09-30T00:00:00",
      "quarter_label": "2021-09 (Q3)",
      "revenue": 36774000,
      "gross_profit": null,
      "operating_income": null,
      "net_income": 38495000,
      "opex": 15132000,
      "cogs": null,
      "rd": null,
      "sga": null,
      "fcf": 108829000,
      "ocf": 108829000,
      "capex": null,
      "gross_margin": null,
      "op_margin": null,
      "fcf_margin": 2.9594006635122643,
      "fcf_margin_change": 1.6168040738295533
    },
    {
      "date": "2021-12-31T00:00:00",
      "quarter_label": "2021-12 (Q4)",
      "revenue": 55392000,
      "gross_profit": null,
      "operating_income": null,
      "net_income": -72949000,
      "opex": 102541000,
      "cogs": null,
      "rd": null,
      "sga": null,
      "fcf": -16542000,
      "ocf": -16542000,
      "capex": null,
      "gross_margin": null,
      "op_margin": null,
      "fcf_margin": -0.2986351819757366,
      "rev_growth_yoy": 0.6598345918734269,
      "op_leverage_ratio": 0.08764604735110096,
      "fcf_margin_change": -3.258035845488001
    },
    {
      "date": "2022-03-31T00:00:00",
      "quarter_label": "2022-03 (Q1)",
      "revenue": 55090000,
      "gross_profit": null,
      "operating_income": null,
      "net_income": -22507000,
      "opex": 20129000,
      "cogs": null,
      "rd": null,
      "sga": null,
      "fcf": -32286000,
      "ocf": -32286000,
      "capex": null,
      "gross_margin": null,
      "op_margin": null,
      "fcf_margin": -0.5860591758939917,
      "rev_growth_yoy": 0.7442375886524822,
      "rev_growth_yoy_accel": 0.08440299677905538,
      "fcf_margin_change": -0.2874239939182551
    },
    {
      "date": "2022-06-30T00:00:00",
      "quarter_label": "2022-06 (Q2)",
      "revenue": 39718000,
      "gross_profit": null,
      "operating_income": null,
      "net_income": -25709000,
      "opex": 21663000,
      "cogs": null,
      "rd": null,
      "sga": null,
      "fcf": 8259000,
      "ocf": 8259000,
      "capex": null,
      "gross_margin": null,
      "op_margin": null,
      "fcf_margin": 0.20794098393675411,
      "rev_growth_yoy": 0.0716058709259659,
      "rev_growth_yoy_accel": -0.6726317177265163,
      "fcf_margin_change": 0.7940001598307458
    },
    {
      "date": "2022-09-30T00:00:00",
      "quarter_label": "2022-09 (Q3)",
      "revenue": 50286000,
      "gross_profit": null,
      "operating_income": null,
      "net_income": 35258000,
      "opex": 17255000,
      "cogs": null,
      "rd": null,
      "sga": null,
      "fcf": 154662000,
      "ocf": 154662000,
      "capex": null,
      "gross_margin": null,
      "op_margin": null,
      "fcf_margin": 3.0756472974585374,
      "rev_growth_yoy": 0.36743351280796216,
      "rev_growth_yoy_accel": 0.2958276418819963,
      "op_leverage_ratio": Infinity,
      "fcf_margin_change": 2.8677063135217833
    },
    {
      "date": "2022-12-31T00:00:00",
      "quarter_label": "2022-12 (Q4)",
      "revenue": 56558000,
      "gross_profit": null,
      "operating_income": null,
      "net_income": 27389000,
      "opex": 18463000,
      "cogs": null,
      "rd": null,
      "sga": null,
      "fcf": 21880000,
      "ocf": 21880000,
      "capex": null,
      "gross_margin": null,
      "op_margin": null,
      "fcf_margin": 0.3868595070547049,
      "rev_growth_yoy": 0.02104997111496245,
      "rev_growth_yoy_accel": -0.34638354169299973,
      "op_leverage_ratio": 1.7815868069081937,
      "fcf_margin_change": -2.6887877904038326
    },
    {
      "date": "2023-03-31T00:00:00",
      "quarter_label": "2023-03 (Q1)",
      "revenue": 62773000,
      "gross_profit": null,
      "operating_income": null,
      "net_income": 43830000,
      "opex": 22299000,
      "cogs": null,
      "rd": null,
      "sga": null,
      "fcf": 33258000,
      "ocf": 33258000,
      "capex": null,
      "gross_margin": null,
      "op_margin": null,
      "fcf_margin": 0.5298137734376245,
      "rev_growth_yoy": 0.1394626974042476,
      "rev_growth_yoy_accel": 0.11841272628928515,
      "op_leverage_ratio": 0.5288965822492481,
      "fcf_margin_change": 0.14295426638291958
    },
    {
      "date": "2023-06-30T00:00:00",
      "quarter_label": "2023-06 (Q2)",
      "revenue": 84031000,
      "gross_profit": null,
      "operating_income": null,
      "net_income": 39603000,
      "opex": 23100000,
      "cogs": null,
      "rd": null,
      "sga": null,
      "fcf": 45148000,
      "ocf": 45148000,
      "capex": null,
      "gross_margin": null,
      "op_margin": null,
      "fcf_margin": 0.5372779093429806,
      "rev_growth_yoy": 1.115690618862984,
      "rev_growth_yoy_accel": 0.9762279214587364,
      "op_leverage_ratio": 9.427626956912878,
      "fcf_margin_change": 0.007464135905356106
    },
    {
      "date": "2023-09-30T00:00:00",
      "quarter_label": "2023-09 (Q3)",
      "revenue": 62386000,
      "gross_profit": null,
      "operating_income": null,
      "net_income": 31767000,
      "opex": 21567000,
      "cogs": null,
      "rd": null,
      "sga": null,
      "fcf": 63056000,
      "ocf": 63056000,
      "capex": null,
      "gross_margin": null,
      "op_margin": null,
      "fcf_margin": 1.010739589010355,
      "rev_growth_yoy": 0.24062363282026808,
      "rev_growth_yoy_accel": -0.8750669860427159,
      "fcf_margin_change": 0.4734616796673744
    },
    {
      "date": "2023-12-31T00:00:00",
      "quarter_label": "2023-12 (Q4)",
      "revenue": 54760000,
      "gross_profit": null,
      "operating_income": null,
      "net_income": 30015000,
      "opex": 20856000,
      "cogs": null,
      "rd": null,
      "sga": null,
      "fcf": 55925000,
      "ocf": 55925000,
      "capex": null,
      "gross_margin": null,
      "op_margin": null,
      "fcf_margin": 1.0212746530314099,
      "rev_growth_yoy": -0.031790374482831785,
      "rev_growth_yoy_accel": -0.27241400730309984,
      "fcf_margin_change": 0.010535064021054863
    },
    {
      "date": "2024-03-31T00:00:00",
      "quarter_label": "2024-03 (Q1)",
      "revenue": 53952000,
      "gross_profit": null,
      "operating_income": null,
      "net_income": 35920000,
      "opex": 20626000,
      "cogs": null,
      "rd": null,
      "sga": null,
      "fcf": 12970000,
      "ocf": 12970000,
      "capex": null,
      "gross_margin": null,
      "op_margin": null,
      "fcf_margin": 0.24039887307236063,
      "rev_growth_yoy": -0.1405221990346168,
      "rev_growth_yoy_accel": -0.10873182455178501,
      "fcf_margin_change": -0.7808757799590492
    },
    {
      "date": "2024-06-30T00:00:00",
      "quarter_label": "2024-06 (Q2)",
      "revenue": 50885000,
      "gross_profit": null,
      "operating_income": null,
      "net_income": -2175000,
      "opex": 17721000,
      "cogs": null,
      "rd": null,
      "sga": null,
      "fcf": 1914000,
      "ocf": 1914000,
      "capex": null,
      "gross_margin": null,
      "op_margin": null,
      "fcf_margin": 0.03761422816154073,
      "rev_growth_yoy": -0.39444966738465564,
      "rev_growth_yoy_accel": -0.2539274683500389,
      "fcf_margin_change": -0.2027846449108199
    },
    {
      "date": "2024-09-30T00:00:00",
      "quarter_label": "2024-09 (Q3)",
      "revenue": 49670000,
      "gross_profit": null,
      "operating_income": null,
      "net_income": 31614000,
      "opex": 21780000,
      "cogs": null,
      "rd": null,
      "sga": null,
      "fcf": 97438000,
      "ocf": 97438000,
      "capex": null,
      "gross_margin": null,
      "op_margin": null,
      "fcf_margin": 1.9617072679685927,
      "rev_growth_yoy": -0.20382778187413844,
      "rev_growth_yoy_accel": 0.1906218855105172,
      "fcf_margin_change": 1.924093039807052
    },
    {
      "date": "2024-12-31T00:00:00",
      "quarter_label": "2024-12 (Q4)",
      "revenue": 55947000,
      "gross_profit": null,
      "operating_income": null,
      "net_income": 30519000,
      "opex": 26317000,
      "cogs": null,
      "rd": null,
      "sga": null,
      "fcf": -55089000,
      "ocf": -55089000,
      "capex": null,
      "gross_margin": null,
      "op_margin": null,
      "fcf_margin": -0.9846640570539975,
      "rev_growth_yoy": 0.021676406135865595,
      "rev_growth_yoy_accel": 0.22550418801000405,
      "op_leverage_ratio": 0.6066623803503831,
      "fcf_margin_change": -2.9463713250225902
    },
    {
      "date": "2025-03-31T00:00:00",
      "quarter_label": "2025-03 (Q1)",
      "revenue": 50112000,
      "gross_profit": null,
      "operating_income": null,
      "net_income": 24058000,
      "opex": 30340000,
      "cogs": null,
      "rd": null,
      "sga": null,
      "fcf": 116238000,
      "ocf": 116238000,
      "capex": null,
      "gross_margin": null,
      "op_margin": null,
      "fcf_margin": 2.3195641762452106,
      "rev_growth_yoy": -0.0711743772241993,
      "rev_growth_yoy_accel": -0.09285078336006489,
      "fcf_margin_change": 3.304228233299208
    },
    {
      "date": "2025-06-30T00:00:00",
      "quarter_label": "2025-06 (Q2)",
      "revenue": 49294000,
      "gross_profit": null,
      "operating_income": null,
      "net_income": 23201000,
      "opex": 29560000,
      "cogs": null,
      "rd": null,
      "sga": null,
      "fcf": 11819000,
      "ocf": 11819000,
      "capex": null,
      "gross_margin": null,
      "op_margin": null,
      "fcf_margin": 0.23976548870045036,
      "rev_growth_yoy": -0.03126658150732043,
      "rev_growth_yoy_accel": 0.039907795716878865,
      "fcf_margin_change": -2.07979868754476
    },
    {
      "date": "2025-09-30T00:00:00",
      "quarter_label": "2025-09 (Q3)",
      "revenue": 89549000,
      "gross_profit": null,
      "operating_income": null,
      "net_income": 17314000,
      "opex": 73291000,
      "cogs": null,
      "rd": null,
      "sga": null,
      "fcf": -148126000,
      "ocf": -148126000,
      "capex": null,
      "gross_margin": null,
      "op_margin": null,
      "fcf_margin": -1.6541334911612637,
      "rev_growth_yoy": 0.8028790014093014,
      "rev_growth_yoy_accel": 0.8341455829166218,
      "op_leverage_ratio": 0.5520021781901303,
      "fcf_margin_change": -1.893898979861714
    }
  ],
  "signals": [
    {
      "quarter": "2025-09 (Q3)",
      "signal": "YoY REVENUE GROWTH ACCELERATION",
      "detail": "YoY growth: +80.3% vs prior quarter YoY: -3.1% (accel: +83.4%)",
      "severity": "HIGH"
    },
    {
      "quarter": "2025-03 (Q1)",
      "signal": "FCF TURNED POSITIVE",
      "detail": "FCF margin: -98.5% -> +232.0%",
      "severity": "HIGH"
    },
    {
      "quarter": "2025-03 (Q1)",
      "signal": "YoY REVENUE GROWTH DECELERATION",
      "detail": "YoY growth: -7.1% vs prior quarter YoY: +2.2% (decel: -9.3%)",
      "severity": "WARNING"
    },
    {
      "quarter": "2024-12 (Q4)",
      "signal": "YoY REVENUE GROWTH ACCELERATION",
      "detail": "YoY growth: +2.2% vs prior quarter YoY: -20.4% (accel: +22.6%)",
      "severity": "HIGH"
    },
    {
      "quarter": "2024-09 (Q3)",
      "signal": "FCF MARGIN EXPANSION",
      "detail": "FCF margin: +3.8% -> +196.2% (+192.4%)",
      "severity": "MEDIUM"
    },
    {
      "quarter": "2024-09 (Q3)",
      "signal": "YoY REVENUE GROWTH ACCELERATION",
      "detail": "YoY growth: -20.4% vs prior quarter YoY: -39.4% (accel: +19.1%)",
      "severity": "HIGH"
    },
    {
      "quarter": "2024-06 (Q2)",
      "signal": "YoY REVENUE GROWTH DECELERATION",
      "detail": "YoY growth: -39.4% vs prior quarter YoY: -14.1% (decel: -25.4%)",
      "severity": "WARNING"
    },
    {
      "quarter": "2024-03 (Q1)",
      "signal": "YoY REVENUE GROWTH DECELERATION",
      "detail": "YoY growth: -14.1% vs prior quarter YoY: -3.2% (decel: -10.9%)",
      "severity": "WARNING"
    },
    {
      "quarter": "2023-12 (Q4)",
      "signal": "YoY REVENUE GROWTH DECELERATION",
      "detail": "YoY growth: -3.2% vs prior quarter YoY: +24.1% (decel: -27.2%)",
      "severity": "WARNING"
    },
    {
      "quarter": "2023-09 (Q3)",
      "signal": "FCF MARGIN EXPANSION",
      "detail": "FCF margin: +53.7% -> +101.1% (+47.3%)",
      "severity": "MEDIUM"
    },
    {
      "quarter": "2023-09 (Q3)",
      "signal": "YoY REVENUE GROWTH DECELERATION",
      "detail": "YoY growth: +24.1% vs prior quarter YoY: +111.6% (decel: -87.5%)",
      "severity": "WARNING"
    },
    {
      "quarter": "2023-06 (Q2)",
      "signal": "OPERATING LEVERAGE",
      "detail": "Rev growth +33.9% vs OpEx growth +3.6% (leverage: 9.4x)",
      "severity": "MEDIUM"
    },
    {
      "quarter": "2023-06 (Q2)",
      "signal": "YoY REVENUE GROWTH ACCELERATION",
      "detail": "YoY growth: +111.6% vs prior quarter YoY: +13.9% (accel: +97.6%)",
      "severity": "HIGH"
    },
    {
      "quarter": "2023-03 (Q1)",
      "signal": "FCF MARGIN EXPANSION",
      "detail": "FCF margin: +38.7% -> +53.0% (+14.3%)",
      "severity": "MEDIUM"
    },
    {
      "quarter": "2023-03 (Q1)",
      "signal": "YoY REVENUE GROWTH ACCELERATION",
      "detail": "YoY growth: +13.9% vs prior quarter YoY: +2.1% (accel: +11.8%)",
      "severity": "MEDIUM"
    },
    {
      "quarter": "2022-12 (Q4)",
      "signal": "OPERATING LEVERAGE",
      "detail": "Rev growth +12.5% vs OpEx growth +7.0% (leverage: 1.8x)",
      "severity": "MEDIUM"
    },
    {
      "quarter": "2022-12 (Q4)",
      "signal": "YoY REVENUE GROWTH DECELERATION",
      "detail": "YoY growth: +2.1% vs prior quarter YoY: +36.7% (decel: -34.6%)",
      "severity": "WARNING"
    },
    {
      "quarter": "2022-09 (Q3)",
      "signal": "FCF MARGIN EXPANSION",
      "detail": "FCF margin: +20.8% -> +307.6% (+286.8%)",
      "severity": "MEDIUM"
    },
    {
      "quarter": "2022-09 (Q3)",
      "signal": "YoY REVENUE GROWTH ACCELERATION",
      "detail": "YoY growth: +36.7% vs prior quarter YoY: +7.2% (accel: +29.6%)",
      "severity": "HIGH"
    },
    {
      "quarter": "2022-06 (Q2)",
      "signal": "FCF TURNED POSITIVE",
      "detail": "FCF margin: -58.6% -> +20.8%",
      "severity": "HIGH"
    },
    {
      "quarter": "2022-06 (Q2)",
      "signal": "YoY REVENUE GROWTH DECELERATION",
      "detail": "YoY growth: +7.2% vs prior quarter YoY: +74.4% (decel: -67.3%)",
      "severity": "WARNING"
    },
    {
      "quarter": "2022-03 (Q1)",
      "signal": "YoY REVENUE GROWTH ACCELERATION",
      "detail": "YoY growth: +74.4% vs prior quarter YoY: +66.0% (accel: +8.4%)",
      "severity": "MEDIUM"
    },
    {
      "quarter": "2021-09 (Q3)",
      "signal": "FCF MARGIN EXPANSION",
      "detail": "FCF margin: +134.3% -> +295.9% (+161.7%)",
      "severity": "MEDIUM"
    },
    {
      "quarter": "2021-06 (Q2)",
      "signal": "FCF MARGIN EXPANSION",
      "detail": "FCF margin: +14.1% -> +134.3% (+120.2%)",
      "severity": "MEDIUM"
    },
    {
      "quarter": "2021-03 (Q1)",
      "signal": "FCF TURNED POSITIVE",
      "detail": "FCF margin: -239.9% -> +14.1%",
      "severity": "HIGH"
    }
  ],
  "data_quality": {
    "n_quarters": 20,
    "coverage": {
      "revenue": [
        20,
        20
      ],
      "gross_profit": [
        0,
        20
      ],
      "op_income": [
        0,
        20
      ],
      "fcf": [
        20,
        20
      ]
    },
    "gaps": [],
    "warnings": [
      "gross_profit: no data",
      "op_income: no data"
    ]
  },
  "market_cap": null,
  "source": "SEC EDGAR",
  "last_updated": "2026-02-02T22:06:59.682550"
}