{
  "ticker": "FCFS",
  "name": "FIRSTCASH HOLDINGS, INC.",
  "quarters": [
    {
      "date": "2020-12-31T00:00:00",
      "quarter_label": "2020-12 (Q4)",
      "revenue": 392158000,
      "gross_profit": 225991000,
      "operating_income": null,
      "net_income": 32726000,
      "opex": 182884000,
      "cogs": 166167000,
      "rd": null,
      "sga": null,
      "fcf": 44898000,
      "ocf": 44898000,
      "capex": null,
      "gross_margin": 0.5762753788014014,
      "op_margin": null,
      "fcf_margin": 0.11448956798025285
    },
    {
      "date": "2021-03-31T00:00:00",
      "quarter_label": "2021-03 (Q1)",
      "revenue": 407939000,
      "gross_profit": 233589000,
      "operating_income": null,
      "net_income": 33715000,
      "opex": 187318000,
      "cogs": 174350000,
      "rd": null,
      "sga": null,
      "fcf": 69174000,
      "ocf": 69174000,
      "capex": null,
      "gross_margin": 0.5726076692838881,
      "op_margin": null,
      "fcf_margin": 0.16956946994526143,
      "op_leverage_ratio": 1.6597912240885353,
      "fcf_margin_change": 0.055079901965008574
    },
    {
      "date": "2021-06-30T00:00:00",
      "quarter_label": "2021-06 (Q2)",
      "revenue": 389578000,
      "gross_profit": 224222000,
      "operating_income": null,
      "net_income": 28427000,
      "opex": 185417000,
      "cogs": 165356000,
      "rd": null,
      "sga": null,
      "fcf": 44575000,
      "ocf": 44575000,
      "capex": null,
      "gross_margin": 0.5755509808048709,
      "op_margin": null,
      "fcf_margin": 0.11441867867282034,
      "fcf_margin_change": -0.05515079127244109
    },
    {
      "date": "2021-09-30T00:00:00",
      "quarter_label": "2021-09 (Q3)",
      "revenue": 399674000,
      "gross_profit": 233089000,
      "operating_income": null,
      "net_income": 33396000,
      "opex": 188793000,
      "cogs": 166585000,
      "rd": null,
      "sga": null,
      "fcf": 24101000,
      "ocf": 24101000,
      "capex": null,
      "gross_margin": 0.5831978062120629,
      "op_margin": null,
      "fcf_margin": 0.06030164584136071,
      "op_leverage_ratio": 1.423318290280753,
      "fcf_margin_change": -0.054117032831459626
    },
    {
      "date": "2021-12-31T00:00:00",
      "quarter_label": "2021-12 (Q4)",
      "revenue": 501774000,
      "gross_profit": 228252000,
      "operating_income": null,
      "net_income": 29371000,
      "opex": 191122000,
      "cogs": 273522000,
      "rd": null,
      "sga": null,
      "fcf": 85454000,
      "ocf": 85454000,
      "capex": null,
      "gross_margin": 0.45489005010223726,
      "op_margin": null,
      "fcf_margin": 0.17030376225153157,
      "rev_growth_yoy": 0.27951998939203077,
      "op_leverage_ratio": 20.70790882632892,
      "fcf_margin_change": 0.11000211641017085
    },
    {
      "date": "2022-03-31T00:00:00",
      "quarter_label": "2022-03 (Q1)",
      "revenue": 659839000,
      "gross_profit": 291187000,
      "operating_income": null,
      "net_income": 28005000,
      "opex": 254178000,
      "cogs": 368652000,
      "rd": null,
      "sga": null,
      "fcf": 120145000,
      "ocf": 120145000,
      "capex": null,
      "gross_margin": 0.44130007471519567,
      "op_margin": null,
      "fcf_margin": 0.18208229583277133,
      "rev_growth_yoy": 0.6174942822333731,
      "rev_growth_yoy_accel": 0.33797429284134234,
      "op_leverage_ratio": 0.9547987142405349,
      "fcf_margin_change": 0.011778533581239758
    },
    {
      "date": "2022-06-30T00:00:00",
      "quarter_label": "2022-06 (Q2)",
      "revenue": 647616000,
      "gross_profit": 300972000,
      "operating_income": null,
      "net_income": 86108000,
      "opex": 191349000,
      "cogs": 346644000,
      "rd": null,
      "sga": null,
      "fcf": 106622000,
      "ocf": 106622000,
      "capex": null,
      "gross_margin": 0.46473836347465164,
      "op_margin": null,
      "fcf_margin": 0.16463768653028957,
      "rev_growth_yoy": 0.6623525969125567,
      "rev_growth_yoy_accel": 0.04485831467918355,
      "fcf_margin_change": -0.01744460930248176
    },
    {
      "date": "2022-09-30T00:00:00",
      "quarter_label": "2022-09 (Q3)",
      "revenue": 672143000,
      "gross_profit": 323292000,
      "operating_income": null,
      "net_income": 59316000,
      "opex": 247897000,
      "cogs": 348851000,
      "rd": null,
      "sga": null,
      "fcf": 99031000,
      "ocf": 99031000,
      "capex": null,
      "gross_margin": 0.4809869328401843,
      "op_margin": null,
      "fcf_margin": 0.1473362067298179,
      "rev_growth_yoy": 0.6817281084083529,
      "rev_growth_yoy_accel": 0.019375511495796194,
      "op_leverage_ratio": 0.12815507489920486,
      "fcf_margin_change": -0.01730147980047167
    },
    {
      "date": "2022-12-31T00:00:00",
      "quarter_label": "2022-12 (Q4)",
      "revenue": 749344000,
      "gross_profit": 349135000,
      "operating_income": null,
      "net_income": 80066000,
      "opex": 247529000,
      "cogs": 400209000,
      "rd": null,
      "sga": null,
      "fcf": 143507000,
      "ocf": 143507000,
      "capex": null,
      "gross_margin": 0.465920858777811,
      "op_margin": null,
      "fcf_margin": 0.19151017423239527,
      "rev_growth_yoy": 0.4933894542164401,
      "rev_growth_yoy_accel": -0.18833865419191276,
      "op_leverage_ratio": Infinity,
      "fcf_margin_change": 0.04417396750257738
    },
    {
      "date": "2023-03-31T00:00:00",
      "quarter_label": "2023-03 (Q1)",
      "revenue": 762739000,
      "gross_profit": 348056000,
      "operating_income": null,
      "net_income": 47388000,
      "opex": 284843000,
      "cogs": 414683000,
      "rd": null,
      "sga": null,
      "fcf": 110594000,
      "ocf": 110594000,
      "capex": null,
      "gross_margin": 0.4563238539002201,
      "op_margin": null,
      "fcf_margin": 0.14499586359160865,
      "rev_growth_yoy": 0.15594713255809373,
      "rev_growth_yoy_accel": -0.33744232165834637,
      "op_leverage_ratio": 0.11858117893912107,
      "fcf_margin_change": -0.04651431064078662
    },
    {
      "date": "2023-06-30T00:00:00",
      "quarter_label": "2023-06 (Q2)",
      "revenue": 750622000,
      "gross_profit": 352887000,
      "operating_income": null,
      "net_income": 45180000,
      "opex": 292363000,
      "cogs": 397735000,
      "rd": null,
      "sga": null,
      "fcf": 95075000,
      "ocf": 95075000,
      "capex": null,
      "gross_margin": 0.4701261087471457,
      "op_margin": null,
      "fcf_margin": 0.12666162196151992,
      "rev_growth_yoy": 0.15905413084296868,
      "rev_growth_yoy_accel": 0.0031069982848749567,
      "fcf_margin_change": -0.018334241630088732
    },
    {
      "date": "2023-09-30T00:00:00",
      "quarter_label": "2023-09 (Q3)",
      "revenue": 786301000,
      "gross_profit": 388647000,
      "operating_income": null,
      "net_income": 57144000,
      "opex": 311023000,
      "cogs": 397654000,
      "rd": null,
      "sga": null,
      "fcf": 111368000,
      "ocf": 111368000,
      "capex": null,
      "gross_margin": 0.4942725495707115,
      "op_margin": null,
      "fcf_margin": 0.14163532794693126,
      "rev_growth_yoy": 0.16984183425253258,
      "rev_growth_yoy_accel": 0.010787703409563892,
      "op_leverage_ratio": 0.7447356689934344,
      "fcf_margin_change": 0.01497370598541134
    },
    {
      "date": "2023-12-31T00:00:00",
      "quarter_label": "2023-12 (Q4)",
      "revenue": 852134000,
      "gross_profit": 417649000,
      "operating_income": null,
      "net_income": 69589000,
      "opex": 326161000,
      "cogs": 434485000,
      "rd": null,
      "sga": null,
      "fcf": 99105000,
      "ocf": 99105000,
      "capex": null,
      "gross_margin": 0.4901212720065154,
      "op_margin": null,
      "fcf_margin": 0.11630213088551801,
      "rev_growth_yoy": 0.13717331425887175,
      "rev_growth_yoy_accel": -0.03266851999366083,
      "op_leverage_ratio": 1.7201995252242333,
      "fcf_margin_change": -0.02533319706141325
    },
    {
      "date": "2024-03-31T00:00:00",
      "quarter_label": "2024-03 (Q1)",
      "revenue": 836370000,
      "gross_profit": 395840000,
      "operating_income": null,
      "net_income": 61368000,
      "opex": 313955000,
      "cogs": 440530000,
      "rd": null,
      "sga": null,
      "fcf": 122532000,
      "ocf": 122532000,
      "capex": null,
      "gross_margin": 0.47328335545273026,
      "op_margin": null,
      "fcf_margin": 0.14650453746547581,
      "rev_growth_yoy": 0.09653498772188127,
      "rev_growth_yoy_accel": -0.04063832653699048,
      "fcf_margin_change": 0.030202406579957805
    },
    {
      "date": "2024-06-30T00:00:00",
      "quarter_label": "2024-06 (Q2)",
      "revenue": 831012000,
      "gross_profit": 395397000,
      "operating_income": null,
      "net_income": 49073000,
      "opex": 329219000,
      "cogs": 435615000,
      "rd": null,
      "sga": null,
      "fcf": 106187000,
      "ocf": 106187000,
      "capex": null,
      "gross_margin": 0.4758017934759065,
      "op_margin": null,
      "fcf_margin": 0.12778034492883375,
      "rev_growth_yoy": 0.10709784685234379,
      "rev_growth_yoy_accel": 0.010562859130462524,
      "fcf_margin_change": -0.018724192536642065
    },
    {
      "date": "2024-09-30T00:00:00",
      "quarter_label": "2024-09 (Q3)",
      "revenue": 837321000,
      "gross_profit": 404607000,
      "operating_income": null,
      "net_income": 64827000,
      "opex": 319427000,
      "cogs": 432714000,
      "rd": null,
      "sga": null,
      "fcf": 113090000,
      "ocf": 113090000,
      "capex": null,
      "gross_margin": 0.4832161142500905,
      "op_margin": null,
      "fcf_margin": 0.13506170274004833,
      "rev_growth_yoy": 0.06488609323910309,
      "rev_growth_yoy_accel": -0.0422117536132407,
      "fcf_margin_change": 0.007281357811214584
    },
    {
      "date": "2024-12-31T00:00:00",
      "quarter_label": "2024-12 (Q4)",
      "revenue": 883811000,
      "gross_profit": 433688000,
      "operating_income": null,
      "net_income": 83547000,
      "opex": 324155000,
      "cogs": 450123000,
      "rd": null,
      "sga": null,
      "fcf": 198149000,
      "ocf": 198149000,
      "capex": null,
      "gross_margin": 0.4907021976418035,
      "op_margin": null,
      "fcf_margin": 0.2241983863065746,
      "rev_growth_yoy": 0.037173730892089744,
      "rev_growth_yoy_accel": -0.027712362347013346,
      "op_leverage_ratio": 3.751126563483141,
      "fcf_margin_change": 0.08913668356652626
    },
    {
      "date": "2025-03-31T00:00:00",
      "quarter_label": "2025-03 (Q1)",
      "revenue": 836423000,
      "gross_profit": 424203000,
      "operating_income": null,
      "net_income": 83591000,
      "opex": 312986000,
      "cogs": 412220000,
      "rd": null,
      "sga": null,
      "fcf": 126640000,
      "ocf": 126640000,
      "capex": null,
      "gross_margin": 0.5071632415655715,
      "op_margin": null,
      "fcf_margin": 0.1514066447240212,
      "rev_growth_yoy": 6.336908306132454e-05,
      "rev_growth_yoy_accel": -0.03711036180902842,
      "fcf_margin_change": -0.07279174158255339
    },
    {
      "date": "2025-06-30T00:00:00",
      "quarter_label": "2025-06 (Q2)",
      "revenue": 830622000,
      "gross_profit": 412816000,
      "operating_income": null,
      "net_income": 59805000,
      "opex": 331737000,
      "cogs": 417806000,
      "rd": null,
      "sga": null,
      "fcf": 116854000,
      "ocf": 116854000,
      "capex": null,
      "gross_margin": 0.49699622692391965,
      "op_margin": null,
      "fcf_margin": 0.14068252466224107,
      "rev_growth_yoy": -0.0004693073024216257,
      "rev_growth_yoy_accel": -0.0005326763854829502,
      "fcf_margin_change": -0.01072412006178014
    },
    {
      "date": "2025-09-30T00:00:00",
      "quarter_label": "2025-09 (Q3)",
      "revenue": 935579000,
      "gross_profit": 473707000,
      "operating_income": null,
      "net_income": 82807000,
      "opex": 361228000,
      "cogs": 461872000,
      "rd": null,
      "sga": null,
      "fcf": 135803000,
      "ocf": 135803000,
      "capex": null,
      "gross_margin": 0.5063249602652475,
      "op_margin": null,
      "fcf_margin": 0.1451539634814377,
      "rev_growth_yoy": 0.11734806603441213,
      "rev_growth_yoy_accel": 0.11781737333683376,
      "op_leverage_ratio": 1.4213871756112695,
      "fcf_margin_change": 0.0044714388191966215
    }
  ],
  "signals": [
    {
      "quarter": "2025-09 (Q3)",
      "signal": "YoY REVENUE GROWTH ACCELERATION",
      "detail": "YoY growth: +11.7% vs prior quarter YoY: -0.0% (accel: +11.8%)",
      "severity": "MEDIUM"
    },
    {
      "quarter": "2024-12 (Q4)",
      "signal": "FCF MARGIN EXPANSION",
      "detail": "FCF margin: +13.5% -> +22.4% (+8.9%)",
      "severity": "MEDIUM"
    },
    {
      "quarter": "2024-12 (Q4)",
      "signal": "OPERATING LEVERAGE",
      "detail": "Rev growth +5.6% vs OpEx growth +1.5% (leverage: 3.8x)",
      "severity": "MEDIUM"
    },
    {
      "quarter": "2023-12 (Q4)",
      "signal": "OPERATING LEVERAGE",
      "detail": "Rev growth +8.4% vs OpEx growth +4.9% (leverage: 1.7x)",
      "severity": "MEDIUM"
    },
    {
      "quarter": "2023-03 (Q1)",
      "signal": "YoY REVENUE GROWTH DECELERATION",
      "detail": "YoY growth: +15.6% vs prior quarter YoY: +49.3% (decel: -33.7%)",
      "severity": "WARNING"
    },
    {
      "quarter": "2022-12 (Q4)",
      "signal": "YoY REVENUE GROWTH DECELERATION",
      "detail": "YoY growth: +49.3% vs prior quarter YoY: +68.2% (decel: -18.8%)",
      "severity": "WARNING"
    },
    {
      "quarter": "2022-06 (Q2)",
      "signal": "GROSS MARGIN INFLECTION",
      "detail": "GM: +45.5% -> +44.1% -> +46.5% (reversal +2.3%)",
      "severity": "MEDIUM"
    },
    {
      "quarter": "2022-03 (Q1)",
      "signal": "YoY REVENUE GROWTH ACCELERATION",
      "detail": "YoY growth: +61.7% vs prior quarter YoY: +28.0% (accel: +33.8%)",
      "severity": "HIGH"
    },
    {
      "quarter": "2021-12 (Q4)",
      "signal": "FCF MARGIN EXPANSION",
      "detail": "FCF margin: +6.0% -> +17.0% (+11.0%)",
      "severity": "MEDIUM"
    },
    {
      "quarter": "2021-12 (Q4)",
      "signal": "OPERATING LEVERAGE",
      "detail": "Rev growth +25.5% vs OpEx growth +1.2% (leverage: 20.7x)",
      "severity": "MEDIUM"
    },
    {
      "quarter": "2021-03 (Q1)",
      "signal": "FCF MARGIN EXPANSION",
      "detail": "FCF margin: +11.4% -> +17.0% (+5.5%)",
      "severity": "MEDIUM"
    },
    {
      "quarter": "2021-03 (Q1)",
      "signal": "OPERATING LEVERAGE",
      "detail": "Rev growth +4.0% vs OpEx growth +2.4% (leverage: 1.7x)",
      "severity": "MEDIUM"
    }
  ],
  "data_quality": {
    "n_quarters": 20,
    "coverage": {
      "revenue": [
        20,
        20
      ],
      "gross_profit": [
        20,
        20
      ],
      "op_income": [
        0,
        20
      ],
      "fcf": [
        20,
        20
      ]
    },
    "gaps": [],
    "warnings": [
      "op_income: no data"
    ]
  },
  "market_cap": null,
  "source": "SEC EDGAR",
  "last_updated": "2026-02-02T20:48:32.695222",
  "sector": "Financial Services",
  "industry": "Credit Services"
}