{
  "ticker": "FCNCB",
  "name": "First Citizens BancShares Inc /DE/",
  "quarters": [
    {
      "date": "2017-06-30T00:00:00",
      "quarter_label": "2017-06 (Q2)",
      "revenue": 84770000,
      "gross_profit": null,
      "operating_income": null,
      "net_income": null,
      "opex": null,
      "cogs": null,
      "rd": null,
      "sga": null,
      "fcf": null,
      "ocf": null,
      "capex": null,
      "gross_margin": null,
      "op_margin": null,
      "fcf_margin": null
    },
    {
      "date": "2017-09-30T00:00:00",
      "quarter_label": "2017-09 (Q3)",
      "revenue": 87538000,
      "gross_profit": null,
      "operating_income": null,
      "net_income": null,
      "opex": null,
      "cogs": null,
      "rd": null,
      "sga": null,
      "fcf": null,
      "ocf": null,
      "capex": null,
      "gross_margin": null,
      "op_margin": null,
      "fcf_margin": null
    },
    {
      "date": "2018-06-30T00:00:00",
      "quarter_label": "2018-06 (Q2)",
      "revenue": 90486000,
      "gross_profit": null,
      "operating_income": null,
      "net_income": null,
      "opex": null,
      "cogs": null,
      "rd": null,
      "sga": null,
      "fcf": null,
      "ocf": null,
      "capex": null,
      "gross_margin": null,
      "op_margin": null,
      "fcf_margin": null,
      "rev_growth_yoy": 0.06742951515866462
    },
    {
      "date": "2018-09-30T00:00:00",
      "quarter_label": "2018-09 (Q3)",
      "revenue": 87436000,
      "gross_profit": null,
      "operating_income": null,
      "net_income": null,
      "opex": null,
      "cogs": null,
      "rd": null,
      "sga": null,
      "fcf": null,
      "ocf": null,
      "capex": null,
      "gross_margin": null,
      "op_margin": null,
      "fcf_margin": null,
      "rev_growth_yoy": -0.0011652082524160935,
      "rev_growth_yoy_accel": -0.06859472341108071
    },
    {
      "date": "2024-03-31T00:00:00",
      "quarter_label": "2024-03 (Q1)",
      "revenue": 2444000000,
      "gross_profit": null,
      "operating_income": null,
      "net_income": 731000000,
      "opex": null,
      "cogs": null,
      "rd": null,
      "sga": null,
      "fcf": 367000000,
      "ocf": 461000000,
      "capex": -94000000,
      "gross_margin": null,
      "op_margin": null,
      "fcf_margin": 0.15016366612111293
    },
    {
      "date": "2024-06-30T00:00:00",
      "quarter_label": "2024-06 (Q2)",
      "revenue": 2460000000,
      "gross_profit": null,
      "operating_income": null,
      "net_income": 707000000,
      "opex": null,
      "cogs": null,
      "rd": null,
      "sga": null,
      "fcf": 316000000,
      "ocf": 417000000,
      "capex": -101000000,
      "gross_margin": null,
      "op_margin": null,
      "fcf_margin": 0.12845528455284552,
      "fcf_margin_change": -0.021708381568267404
    },
    {
      "date": "2024-09-30T00:00:00",
      "quarter_label": "2024-09 (Q3)",
      "revenue": 2446000000,
      "gross_profit": null,
      "operating_income": null,
      "net_income": 639000000,
      "opex": null,
      "cogs": null,
      "rd": null,
      "sga": null,
      "fcf": 885000000,
      "ocf": 991000000,
      "capex": -106000000,
      "gross_margin": null,
      "op_margin": null,
      "fcf_margin": 0.3618152085036795,
      "fcf_margin_change": 0.23335992395083396
    },
    {
      "date": "2024-12-31T00:00:00",
      "quarter_label": "2024-12 (Q4)",
      "revenue": 2408000000,
      "gross_profit": null,
      "operating_income": null,
      "net_income": 700000000,
      "opex": null,
      "cogs": null,
      "rd": null,
      "sga": null,
      "fcf": 991000000,
      "ocf": 1119000000,
      "capex": -128000000,
      "gross_margin": null,
      "op_margin": null,
      "fcf_margin": 0.4115448504983389,
      "fcf_margin_change": 0.0497296419946594
    },
    {
      "date": "2025-03-31T00:00:00",
      "quarter_label": "2025-03 (Q1)",
      "revenue": 2298000000,
      "gross_profit": null,
      "operating_income": null,
      "net_income": 483000000,
      "opex": null,
      "cogs": null,
      "rd": null,
      "sga": null,
      "fcf": -5000000,
      "ocf": 98000000,
      "capex": -103000000,
      "gross_margin": null,
      "op_margin": null,
      "fcf_margin": -0.002175805047867711,
      "rev_growth_yoy": -0.05973813420621931,
      "fcf_margin_change": -0.4137206555462066
    },
    {
      "date": "2025-06-30T00:00:00",
      "quarter_label": "2025-06 (Q2)",
      "revenue": 2373000000,
      "gross_profit": null,
      "operating_income": null,
      "net_income": 575000000,
      "opex": null,
      "cogs": null,
      "rd": null,
      "sga": null,
      "fcf": 733000000,
      "ocf": 859000000,
      "capex": -126000000,
      "gross_margin": null,
      "op_margin": null,
      "fcf_margin": 0.30889169827222923,
      "rev_growth_yoy": -0.03536585365853658,
      "rev_growth_yoy_accel": 0.02437228054768273,
      "fcf_margin_change": 0.3110675033200969
    },
    {
      "date": "2025-09-30T00:00:00",
      "quarter_label": "2025-09 (Q3)",
      "revenue": 2433000000,
      "gross_profit": null,
      "operating_income": null,
      "net_income": 568000000,
      "opex": null,
      "cogs": null,
      "rd": null,
      "sga": null,
      "fcf": 678000000,
      "ocf": 916000000,
      "capex": -238000000,
      "gross_margin": null,
      "op_margin": null,
      "fcf_margin": 0.2786683107274969,
      "rev_growth_yoy": -0.005314799672935405,
      "rev_growth_yoy_accel": 0.030051053985601178,
      "fcf_margin_change": -0.030223387544732305
    }
  ],
  "signals": [
    {
      "quarter": "2025-06 (Q2)",
      "signal": "FCF TURNED POSITIVE",
      "detail": "FCF margin: -0.2% -> +30.9%",
      "severity": "HIGH"
    },
    {
      "quarter": "2024-09 (Q3)",
      "signal": "FCF MARGIN EXPANSION",
      "detail": "FCF margin: +12.8% -> +36.2% (+23.3%)",
      "severity": "MEDIUM"
    },
    {
      "quarter": "2018-09 (Q3)",
      "signal": "YoY REVENUE GROWTH DECELERATION",
      "detail": "YoY growth: -0.1% vs prior quarter YoY: +6.7% (decel: -6.9%)",
      "severity": "WARNING"
    }
  ],
  "data_quality": {
    "n_quarters": 11,
    "coverage": {
      "revenue": [
        11,
        11
      ],
      "gross_profit": [
        0,
        11
      ],
      "op_income": [
        0,
        11
      ],
      "fcf": [
        7,
        11
      ]
    },
    "gaps": [
      [
        "2017-09 (Q3)",
        "2018-06 (Q2)",
        273
      ],
      [
        "2018-09 (Q3)",
        "2024-03 (Q1)",
        2009
      ]
    ],
    "warnings": [
      "gross_profit: no data",
      "op_income: no data",
      "fcf: 7/11Q",
      "gap: 2Q missing between 2017-09 (Q3) and 2018-06 (Q2)",
      "gap: 21Q missing between 2018-09 (Q3) and 2024-03 (Q1)"
    ]
  },
  "market_cap": null,
  "source": "SEC EDGAR",
  "last_updated": "2026-02-03T00:53:37.834559"
}