{
  "ticker": "FCPT",
  "name": "Four Corners Property Trust, Inc.",
  "quarters": [
    {
      "date": "2020-12-31T00:00:00",
      "quarter_label": "2020-12 (Q4)",
      "revenue": 44618000,
      "gross_profit": null,
      "operating_income": null,
      "net_income": 20252000,
      "opex": 16759000,
      "cogs": null,
      "rd": null,
      "sga": null,
      "fcf": 26062000,
      "ocf": 26062000,
      "capex": null,
      "gross_margin": null,
      "op_margin": null,
      "fcf_margin": 0.584114034694518
    },
    {
      "date": "2021-03-31T00:00:00",
      "quarter_label": "2021-03 (Q1)",
      "revenue": 46746000,
      "gross_profit": null,
      "operating_income": null,
      "net_income": 20579000,
      "opex": 18860000,
      "cogs": null,
      "rd": null,
      "sga": null,
      "fcf": 31849000,
      "ocf": 31849000,
      "capex": null,
      "gross_margin": null,
      "op_margin": null,
      "fcf_margin": 0.6813203268728876,
      "op_leverage_ratio": 0.3804377224406565,
      "fcf_margin_change": 0.09720629217836962
    },
    {
      "date": "2021-06-30T00:00:00",
      "quarter_label": "2021-06 (Q2)",
      "revenue": 49272000,
      "gross_profit": null,
      "operating_income": null,
      "net_income": 20138000,
      "opex": 20644000,
      "cogs": null,
      "rd": null,
      "sga": null,
      "fcf": 27029000,
      "ocf": 27029000,
      "capex": null,
      "gross_margin": null,
      "op_margin": null,
      "fcf_margin": 0.548567137522325,
      "op_leverage_ratio": 0.571262518037082,
      "fcf_margin_change": -0.13275318935056257
    },
    {
      "date": "2021-09-30T00:00:00",
      "quarter_label": "2021-09 (Q3)",
      "revenue": 50706000,
      "gross_profit": null,
      "operating_income": null,
      "net_income": 21164000,
      "opex": 21092000,
      "cogs": null,
      "rd": null,
      "sga": null,
      "fcf": 35169000,
      "ocf": 35169000,
      "capex": null,
      "gross_margin": null,
      "op_margin": null,
      "fcf_margin": 0.6935865578038102,
      "op_leverage_ratio": 1.3411112222531487,
      "fcf_margin_change": 0.14501942028148518
    },
    {
      "date": "2021-12-31T00:00:00",
      "quarter_label": "2021-12 (Q4)",
      "revenue": 52654000,
      "gross_profit": null,
      "operating_income": null,
      "net_income": 23700000,
      "opex": 21483000,
      "cogs": null,
      "rd": null,
      "sga": null,
      "fcf": 28369000,
      "ocf": 28369000,
      "capex": null,
      "gross_margin": null,
      "op_margin": null,
      "fcf_margin": 0.5387814790899077,
      "rev_growth_yoy": 0.18010668340131786,
      "op_leverage_ratio": 2.0723857898846796,
      "fcf_margin_change": -0.15480507871390248
    },
    {
      "date": "2022-03-31T00:00:00",
      "quarter_label": "2022-03 (Q1)",
      "revenue": 54397000,
      "gross_profit": null,
      "operating_income": null,
      "net_income": 22255000,
      "opex": 23705000,
      "cogs": null,
      "rd": null,
      "sga": null,
      "fcf": 34808000,
      "ocf": 34808000,
      "capex": null,
      "gross_margin": null,
      "op_margin": null,
      "fcf_margin": 0.6398882291302829,
      "rev_growth_yoy": 0.16367175801138065,
      "rev_growth_yoy_accel": -0.01643492538993721,
      "op_leverage_ratio": 0.3200493075098523,
      "fcf_margin_change": 0.10110675004037517
    },
    {
      "date": "2022-06-30T00:00:00",
      "quarter_label": "2022-06 (Q2)",
      "revenue": 55425000,
      "gross_profit": null,
      "operating_income": null,
      "net_income": 28130000,
      "opex": 23865000,
      "cogs": null,
      "rd": null,
      "sga": null,
      "fcf": 30383000,
      "ocf": 30383000,
      "capex": null,
      "gross_margin": null,
      "op_margin": null,
      "fcf_margin": 0.5481822282363554,
      "rev_growth_yoy": 0.12487822698490014,
      "rev_growth_yoy_accel": -0.038793531026480504,
      "op_leverage_ratio": 2.7998717760170595,
      "fcf_margin_change": -0.09170600089392744
    },
    {
      "date": "2022-09-30T00:00:00",
      "quarter_label": "2022-09 (Q3)",
      "revenue": 56008000,
      "gross_profit": null,
      "operating_income": null,
      "net_income": 24518000,
      "opex": 24294000,
      "cogs": null,
      "rd": null,
      "sga": null,
      "fcf": 44096000,
      "ocf": 44096000,
      "capex": null,
      "gross_margin": null,
      "op_margin": null,
      "fcf_margin": 0.7873160977003285,
      "rev_growth_yoy": 0.1045635624975348,
      "rev_growth_yoy_accel": -0.02031466448736534,
      "op_leverage_ratio": 0.5851497172200826,
      "fcf_margin_change": 0.23913386946397308
    },
    {
      "date": "2022-12-31T00:00:00",
      "quarter_label": "2022-12 (Q4)",
      "revenue": 57364000,
      "gross_profit": null,
      "operating_income": null,
      "net_income": 22869000,
      "opex": 25461000,
      "cogs": null,
      "rd": null,
      "sga": null,
      "fcf": 32713000,
      "ocf": 32713000,
      "capex": null,
      "gross_margin": null,
      "op_margin": null,
      "fcf_margin": 0.5702705529600446,
      "rev_growth_yoy": 0.08945189349337182,
      "rev_growth_yoy_accel": -0.015111669004162984,
      "op_leverage_ratio": 0.504008424797192,
      "fcf_margin_change": -0.21704554474028392
    },
    {
      "date": "2023-03-31T00:00:00",
      "quarter_label": "2023-03 (Q1)",
      "revenue": 59952000,
      "gross_profit": null,
      "operating_income": null,
      "net_income": 23124000,
      "opex": 28693000,
      "cogs": null,
      "rd": null,
      "sga": null,
      "fcf": 37931000,
      "ocf": 37931000,
      "capex": null,
      "gross_margin": null,
      "op_margin": null,
      "fcf_margin": 0.6326894849212703,
      "rev_growth_yoy": 0.10211960218394396,
      "rev_growth_yoy_accel": 0.012667708690572141,
      "op_leverage_ratio": 0.3554094324518568,
      "fcf_margin_change": 0.06241893196122572
    },
    {
      "date": "2023-06-30T00:00:00",
      "quarter_label": "2023-06 (Q2)",
      "revenue": 60688000,
      "gross_profit": null,
      "operating_income": null,
      "net_income": 23625000,
      "opex": 27290000,
      "cogs": null,
      "rd": null,
      "sga": null,
      "fcf": 47643000,
      "ocf": 47643000,
      "capex": null,
      "gross_margin": null,
      "op_margin": null,
      "fcf_margin": 0.7850481149485895,
      "rev_growth_yoy": 0.09495714930085701,
      "rev_growth_yoy_accel": -0.0071624528830869505,
      "op_leverage_ratio": Infinity,
      "fcf_margin_change": 0.1523586300273192
    },
    {
      "date": "2023-09-30T00:00:00",
      "quarter_label": "2023-09 (Q3)",
      "revenue": 64839000,
      "gross_profit": null,
      "operating_income": null,
      "net_income": 24161000,
      "opex": 29061000,
      "cogs": null,
      "rd": null,
      "sga": null,
      "fcf": 43125000,
      "ocf": 43125000,
      "capex": null,
      "gross_margin": null,
      "op_margin": null,
      "fcf_margin": 0.6651089621986768,
      "rev_growth_yoy": 0.15767390372803886,
      "rev_growth_yoy_accel": 0.06271675442718185,
      "op_leverage_ratio": 1.0539860977523607,
      "fcf_margin_change": -0.11993915274991274
    },
    {
      "date": "2023-12-31T00:00:00",
      "quarter_label": "2023-12 (Q4)",
      "revenue": 65143000,
      "gross_profit": null,
      "operating_income": null,
      "net_income": 24429000,
      "opex": 28641000,
      "cogs": null,
      "rd": null,
      "sga": null,
      "fcf": 36406000,
      "ocf": 36406000,
      "capex": null,
      "gross_margin": null,
      "op_margin": null,
      "fcf_margin": 0.5588628095113827,
      "rev_growth_yoy": 0.13560769820793528,
      "rev_growth_yoy_accel": -0.022066205520103577,
      "fcf_margin_change": -0.1062461526872941
    },
    {
      "date": "2024-03-31T00:00:00",
      "quarter_label": "2024-03 (Q1)",
      "revenue": 66467000,
      "gross_profit": null,
      "operating_income": null,
      "net_income": 24044000,
      "opex": 30325000,
      "cogs": null,
      "rd": null,
      "sga": null,
      "fcf": 27625000,
      "ocf": 27625000,
      "capex": null,
      "gross_margin": null,
      "op_margin": null,
      "fcf_margin": 0.41561978124482823,
      "rev_growth_yoy": 0.1086702695489725,
      "rev_growth_yoy_accel": -0.026937428658962773,
      "op_leverage_ratio": 0.3456736856241319,
      "fcf_margin_change": -0.14324302826655444
    },
    {
      "date": "2024-06-30T00:00:00",
      "quarter_label": "2024-06 (Q2)",
      "revenue": 66479000,
      "gross_profit": null,
      "operating_income": null,
      "net_income": 24672000,
      "opex": 29517000,
      "cogs": null,
      "rd": null,
      "sga": null,
      "fcf": 39674000,
      "ocf": 39674000,
      "capex": null,
      "gross_margin": null,
      "op_margin": null,
      "fcf_margin": 0.5967899637479505,
      "rev_growth_yoy": 0.09542248879514896,
      "rev_growth_yoy_accel": -0.013247780753823546,
      "fcf_margin_change": 0.18117018250312222
    },
    {
      "date": "2024-09-30T00:00:00",
      "quarter_label": "2024-09 (Q3)",
      "revenue": 66791000,
      "gross_profit": null,
      "operating_income": null,
      "net_income": 25581000,
      "opex": 29096000,
      "cogs": null,
      "rd": null,
      "sga": null,
      "fcf": 43392000,
      "ocf": 43392000,
      "capex": null,
      "gross_margin": null,
      "op_margin": null,
      "fcf_margin": 0.649668368492761,
      "rev_growth_yoy": 0.030105337836795757,
      "rev_growth_yoy_accel": -0.0653171509583532,
      "fcf_margin_change": 0.05287840474481054
    },
    {
      "date": "2024-12-31T00:00:00",
      "quarter_label": "2024-12 (Q4)",
      "revenue": 68336000,
      "gross_profit": null,
      "operating_income": null,
      "net_income": 26176000,
      "opex": 29964000,
      "cogs": null,
      "rd": null,
      "sga": null,
      "fcf": 33414000,
      "ocf": 33414000,
      "capex": null,
      "gross_margin": null,
      "op_margin": null,
      "fcf_margin": 0.48896628424256616,
      "rev_growth_yoy": 0.04901524338762415,
      "rev_growth_yoy_accel": 0.01890990555082839,
      "op_leverage_ratio": 0.7753969722044424,
      "fcf_margin_change": -0.16070208425019483
    },
    {
      "date": "2025-03-31T00:00:00",
      "quarter_label": "2025-03 (Q1)",
      "revenue": 71476000,
      "gross_profit": null,
      "operating_income": null,
      "net_income": 26156000,
      "opex": 32888000,
      "cogs": null,
      "rd": null,
      "sga": null,
      "fcf": 51560000,
      "ocf": 51560000,
      "capex": null,
      "gross_margin": null,
      "op_margin": null,
      "fcf_margin": 0.7213610162851867,
      "rev_growth_yoy": 0.07536070531241067,
      "rev_growth_yoy_accel": 0.02634546192478652,
      "op_leverage_ratio": 0.47087161818275575,
      "fcf_margin_change": 0.2323947320426205
    },
    {
      "date": "2025-06-30T00:00:00",
      "quarter_label": "2025-06 (Q2)",
      "revenue": 72842000,
      "gross_profit": null,
      "operating_income": null,
      "net_income": 27924000,
      "opex": 31807000,
      "cogs": null,
      "rd": null,
      "sga": null,
      "fcf": 43759000,
      "ocf": 43759000,
      "capex": null,
      "gross_margin": null,
      "op_margin": null,
      "fcf_margin": 0.6007385848823481,
      "rev_growth_yoy": 0.0957144361377277,
      "rev_growth_yoy_accel": 0.020353730825317037,
      "op_leverage_ratio": Infinity,
      "fcf_margin_change": -0.12062243140283857
    },
    {
      "date": "2025-09-30T00:00:00",
      "quarter_label": "2025-09 (Q3)",
      "revenue": 74149000,
      "gross_profit": null,
      "operating_income": null,
      "net_income": 28845000,
      "opex": 32475000,
      "cogs": null,
      "rd": null,
      "sga": null,
      "fcf": 48927000,
      "ocf": 48927000,
      "capex": null,
      "gross_margin": null,
      "op_margin": null,
      "fcf_margin": 0.659847064694062,
      "rev_growth_yoy": 0.11016454312706801,
      "rev_growth_yoy_accel": 0.014450106989340308,
      "op_leverage_ratio": 0.8543581613029397,
      "fcf_margin_change": 0.059108479811713854
    }
  ],
  "signals": [
    {
      "quarter": "2025-09 (Q3)",
      "signal": "FCF MARGIN EXPANSION",
      "detail": "FCF margin: +60.1% -> +66.0% (+5.9%)",
      "severity": "MEDIUM"
    },
    {
      "quarter": "2025-03 (Q1)",
      "signal": "FCF MARGIN EXPANSION",
      "detail": "FCF margin: +48.9% -> +72.1% (+23.2%)",
      "severity": "MEDIUM"
    },
    {
      "quarter": "2024-09 (Q3)",
      "signal": "FCF MARGIN EXPANSION",
      "detail": "FCF margin: +59.7% -> +65.0% (+5.3%)",
      "severity": "MEDIUM"
    },
    {
      "quarter": "2024-09 (Q3)",
      "signal": "YoY REVENUE GROWTH DECELERATION",
      "detail": "YoY growth: +3.0% vs prior quarter YoY: +9.5% (decel: -6.5%)",
      "severity": "WARNING"
    },
    {
      "quarter": "2024-06 (Q2)",
      "signal": "FCF MARGIN EXPANSION",
      "detail": "FCF margin: +41.6% -> +59.7% (+18.1%)",
      "severity": "MEDIUM"
    },
    {
      "quarter": "2023-09 (Q3)",
      "signal": "YoY REVENUE GROWTH ACCELERATION",
      "detail": "YoY growth: +15.8% vs prior quarter YoY: +9.5% (accel: +6.3%)",
      "severity": "MEDIUM"
    },
    {
      "quarter": "2023-06 (Q2)",
      "signal": "FCF MARGIN EXPANSION",
      "detail": "FCF margin: +63.3% -> +78.5% (+15.2%)",
      "severity": "MEDIUM"
    },
    {
      "quarter": "2023-03 (Q1)",
      "signal": "FCF MARGIN EXPANSION",
      "detail": "FCF margin: +57.0% -> +63.3% (+6.2%)",
      "severity": "MEDIUM"
    },
    {
      "quarter": "2022-09 (Q3)",
      "signal": "FCF MARGIN EXPANSION",
      "detail": "FCF margin: +54.8% -> +78.7% (+23.9%)",
      "severity": "MEDIUM"
    },
    {
      "quarter": "2022-06 (Q2)",
      "signal": "OPERATING LEVERAGE",
      "detail": "Rev growth +1.9% vs OpEx growth +0.7% (leverage: 2.8x)",
      "severity": "MEDIUM"
    },
    {
      "quarter": "2022-03 (Q1)",
      "signal": "FCF MARGIN EXPANSION",
      "detail": "FCF margin: +53.9% -> +64.0% (+10.1%)",
      "severity": "MEDIUM"
    },
    {
      "quarter": "2021-12 (Q4)",
      "signal": "OPERATING LEVERAGE",
      "detail": "Rev growth +3.8% vs OpEx growth +1.9% (leverage: 2.1x)",
      "severity": "MEDIUM"
    },
    {
      "quarter": "2021-09 (Q3)",
      "signal": "FCF MARGIN EXPANSION",
      "detail": "FCF margin: +54.9% -> +69.4% (+14.5%)",
      "severity": "MEDIUM"
    },
    {
      "quarter": "2021-03 (Q1)",
      "signal": "FCF MARGIN EXPANSION",
      "detail": "FCF margin: +58.4% -> +68.1% (+9.7%)",
      "severity": "MEDIUM"
    }
  ],
  "data_quality": {
    "n_quarters": 20,
    "coverage": {
      "revenue": [
        20,
        20
      ],
      "gross_profit": [
        0,
        20
      ],
      "op_income": [
        0,
        20
      ],
      "fcf": [
        20,
        20
      ]
    },
    "gaps": [],
    "warnings": [
      "gross_profit: no data",
      "op_income: no data"
    ]
  },
  "market_cap": null,
  "source": "SEC EDGAR",
  "last_updated": "2026-02-02T21:28:27.543892",
  "sector": "Real Estate",
  "industry": "REIT - Retail"
}