{
  "ticker": "FDP",
  "name": "FRESH DEL MONTE PRODUCE INC.",
  "quarters": [
    {
      "date": "2021-01-01T00:00:00",
      "quarter_label": "2021-01 (Q1)",
      "revenue": 1002300000,
      "gross_profit": 36400000,
      "operating_income": -900000,
      "net_income": 900000,
      "opex": 37300000,
      "cogs": 965900000,
      "rd": null,
      "sga": 53800000,
      "fcf": 6700000,
      "ocf": 6700000,
      "capex": null,
      "gross_margin": 0.03631647211413749,
      "op_margin": -0.0008979347500748278,
      "fcf_margin": 0.006684625361668163
    },
    {
      "date": "2021-04-02T00:00:00",
      "quarter_label": "2021-04 (Q2)",
      "revenue": 1088300000,
      "gross_profit": 105000000,
      "operating_income": 59700000,
      "net_income": 42700000,
      "opex": 45300000,
      "cogs": 983300000,
      "rd": null,
      "sga": 48900000,
      "fcf": 46800000,
      "ocf": 46800000,
      "capex": null,
      "gross_margin": 0.09648074979325554,
      "op_margin": 0.05485619773959386,
      "fcf_margin": 0.04300284847927961,
      "op_leverage_ratio": 0.4000548737902824,
      "fcf_margin_change": 0.03631822311761145
    },
    {
      "date": "2021-07-02T00:00:00",
      "quarter_label": "2021-07 (Q3)",
      "revenue": 1141600000,
      "gross_profit": 110000000,
      "operating_income": 59300000,
      "net_income": 47200000,
      "opex": 50700000,
      "cogs": 1031600000,
      "rd": null,
      "sga": 51400000,
      "fcf": 92700000,
      "ocf": 92700000,
      "capex": null,
      "gross_margin": 0.09635599159074983,
      "op_margin": 0.051944639103013314,
      "fcf_margin": 0.08120182200420463,
      "op_leverage_ratio": 0.4108497452704013,
      "fcf_margin_change": 0.03819897352492502
    },
    {
      "date": "2021-10-01T00:00:00",
      "quarter_label": "2021-10 (Q4)",
      "revenue": 1004800000,
      "gross_profit": 48900000,
      "operating_income": 1300000,
      "net_income": 1300000,
      "opex": 47600000,
      "cogs": 955900000,
      "rd": null,
      "sga": 48000000,
      "fcf": 12100000,
      "ocf": 12100000,
      "capex": null,
      "gross_margin": 0.04866640127388535,
      "op_margin": 0.0012937898089171974,
      "fcf_margin": 0.0120421974522293,
      "fcf_margin_change": -0.06915962455197533
    },
    {
      "date": "2021-12-31T00:00:00",
      "quarter_label": "2021-12 (Q4)",
      "revenue": 1017300000,
      "gross_profit": 39800000,
      "operating_income": -9200000,
      "net_income": -11200000,
      "opex": 49000000,
      "cogs": 977600000,
      "rd": null,
      "sga": 44600000,
      "fcf": -23100000,
      "ocf": -23100000,
      "capex": null,
      "gross_margin": 0.03912316917330188,
      "op_margin": -0.009043546643074806,
      "fcf_margin": -0.022707166027720438,
      "incr_op_margin_yoy": -0.5533333333333333,
      "rev_growth_yoy": 0.014965579167913799,
      "op_leverage_ratio": 0.42296974522292996,
      "fcf_margin_change": -0.03474936347994974
    },
    {
      "date": "2022-04-01T00:00:00",
      "quarter_label": "2022-04 (Q2)",
      "revenue": 1136900000,
      "gross_profit": 89800000,
      "operating_income": 39800000,
      "net_income": 25800000,
      "opex": 50000000,
      "cogs": 1047100000,
      "rd": null,
      "sga": 45200000,
      "fcf": -300000,
      "ocf": -300000,
      "capex": null,
      "gross_margin": 0.07898671826897705,
      "op_margin": 0.035007476471105636,
      "fcf_margin": -0.0002638754507872284,
      "incr_op_margin_yoy": -0.4094650205761317,
      "rev_growth_yoy": 0.04465680419002113,
      "rev_growth_yoy_accel": 0.02969122502210733,
      "op_leverage_ratio": 5.7607392116386515,
      "fcf_margin_change": 0.02244329057693321
    },
    {
      "date": "2022-07-01T00:00:00",
      "quarter_label": "2022-07 (Q3)",
      "revenue": 1211900000,
      "gross_profit": 80700000,
      "operating_income": 34300000,
      "net_income": 21200000,
      "opex": 46400000,
      "cogs": 1131200000,
      "rd": null,
      "sga": 47300000,
      "fcf": 95400000,
      "ocf": 95400000,
      "capex": null,
      "gross_margin": 0.06658965261160162,
      "op_margin": 0.028302665236405643,
      "fcf_margin": 0.07871936628434689,
      "incr_op_margin_yoy": -0.35561877667140823,
      "rev_growth_yoy": 0.0615802382620883,
      "rev_growth_yoy_accel": 0.016923434072067166,
      "op_leverage_ratio": Infinity,
      "fcf_margin_change": 0.07898324173513412
    },
    {
      "date": "2022-09-30T00:00:00",
      "quarter_label": "2022-09 (Q3)",
      "revenue": 1053500000,
      "gross_profit": 88000000,
      "operating_income": 51000000,
      "net_income": 33300000,
      "opex": 37000000,
      "cogs": 965500000,
      "rd": null,
      "sga": 46800000,
      "fcf": 10600000,
      "ocf": 10600000,
      "capex": null,
      "gross_margin": 0.083531086853346,
      "op_margin": 0.04841006169909824,
      "fcf_margin": 0.010061699098243948,
      "incr_op_margin_yoy": 1.0205338809034907,
      "rev_growth_yoy": 0.04846735668789809,
      "rev_growth_yoy_accel": -0.013112881574190209,
      "fcf_margin_change": -0.06865766718610294
    },
    {
      "date": "2022-12-30T00:00:00",
      "quarter_label": "2022-12 (Q4)",
      "revenue": 1040000000,
      "gross_profit": 81700000,
      "operating_income": 31200000,
      "net_income": 18300000,
      "opex": 50500000,
      "cogs": 958200000,
      "rd": null,
      "sga": 47500000,
      "fcf": -43900000,
      "ocf": -43900000,
      "capex": null,
      "gross_margin": 0.07855769230769231,
      "op_margin": 0.03,
      "fcf_margin": -0.04221153846153846,
      "incr_op_margin_yoy": 1.7797356828193833,
      "rev_growth_yoy": 0.022313968347586748,
      "rev_growth_yoy_accel": -0.02615338834031134,
      "fcf_margin_change": -0.05227323755978241
    },
    {
      "date": "2023-03-31T00:00:00",
      "quarter_label": "2023-03 (Q1)",
      "revenue": 1128500000,
      "gross_profit": 97000000,
      "operating_income": 74500000,
      "net_income": 39000000,
      "opex": 22500000,
      "cogs": 1031500000,
      "rd": null,
      "sga": 47600000,
      "fcf": 15500000,
      "ocf": 15500000,
      "capex": null,
      "gross_margin": 0.08595480726628267,
      "op_margin": 0.06601683650863979,
      "fcf_margin": 0.013735046521931768,
      "incr_op_margin_yoy": -4.130952380952381,
      "rev_growth_yoy": -0.007388512622042396,
      "rev_growth_yoy_accel": -0.029702480969629144,
      "op_leverage_ratio": Infinity,
      "fcf_margin_change": 0.05594658498347023
    },
    {
      "date": "2023-06-30T00:00:00",
      "quarter_label": "2023-06 (Q2)",
      "revenue": 1180500000,
      "gross_profit": 116800000,
      "operating_income": 72100000,
      "net_income": 47700000,
      "opex": 44700000,
      "cogs": 1063700000,
      "rd": null,
      "sga": 46800000,
      "fcf": 117200000,
      "ocf": 117200000,
      "capex": null,
      "gross_margin": 0.09894112664125371,
      "op_margin": 0.06107581533248623,
      "fcf_margin": 0.09927996611605253,
      "incr_op_margin_yoy": -1.2038216560509554,
      "rev_growth_yoy": -0.025909728525455894,
      "rev_growth_yoy_accel": -0.018521215903413497,
      "op_leverage_ratio": 0.04670155312601037,
      "fcf_margin_change": 0.08554491959412076
    },
    {
      "date": "2023-09-29T00:00:00",
      "quarter_label": "2023-09 (Q3)",
      "revenue": 1003100000,
      "gross_profit": 74400000,
      "operating_income": 25400000,
      "net_income": 8400000,
      "opex": 49000000,
      "cogs": 928700000,
      "rd": null,
      "sga": 48100000,
      "fcf": 47400000,
      "ocf": 47400000,
      "capex": null,
      "gross_margin": 0.07417007277439937,
      "op_margin": 0.025321503339647094,
      "fcf_margin": 0.04725351410627056,
      "incr_op_margin_yoy": 0.5079365079365079,
      "rev_growth_yoy": -0.04784053156146179,
      "rev_growth_yoy_accel": -0.0219308030360059,
      "fcf_margin_change": -0.05202645200978197
    },
    {
      "date": "2023-12-29T00:00:00",
      "quarter_label": "2023-12 (Q4)",
      "revenue": 1008600000,
      "gross_profit": 62500000,
      "operating_income": -113400000,
      "net_income": -106500000,
      "opex": 175900000,
      "cogs": 946100000,
      "rd": null,
      "sga": 44100000,
      "fcf": -2200000,
      "ocf": -2200000,
      "capex": null,
      "gross_margin": 0.061967083085465,
      "op_margin": -0.1124330755502677,
      "fcf_margin": -0.002181241324608368,
      "incr_op_margin_yoy": 4.6050955414012735,
      "rev_growth_yoy": -0.030192307692307692,
      "rev_growth_yoy_accel": 0.0176482238691541,
      "fcf_margin_change": -0.04943475543087893
    },
    {
      "date": "2024-03-29T00:00:00",
      "quarter_label": "2024-03 (Q1)",
      "revenue": 1107900000,
      "gross_profit": 82300000,
      "operating_income": 44100000,
      "net_income": 26100000,
      "opex": 38200000,
      "cogs": 1025600000,
      "rd": null,
      "sga": 50700000,
      "fcf": 18700000,
      "ocf": 18700000,
      "capex": null,
      "gross_margin": 0.07428468273309866,
      "op_margin": 0.039805036555645816,
      "fcf_margin": 0.016878779673255708,
      "incr_op_margin_yoy": 1.4757281553398058,
      "rev_growth_yoy": -0.018254319893664155,
      "rev_growth_yoy_accel": 0.011937987798643537,
      "op_leverage_ratio": Infinity,
      "fcf_margin_change": 0.019060020997864077
    },
    {
      "date": "2024-06-28T00:00:00",
      "quarter_label": "2024-06 (Q2)",
      "revenue": 1139700000,
      "gross_profit": 113200000,
      "operating_income": 68200000,
      "net_income": 53600000,
      "opex": 45000000,
      "cogs": 1026500000,
      "rd": null,
      "sga": 49900000,
      "fcf": 125000000,
      "ocf": 125000000,
      "capex": null,
      "gross_margin": 0.09932438360972186,
      "op_margin": 0.059840308853206986,
      "fcf_margin": 0.10967798543476354,
      "incr_op_margin_yoy": 0.09558823529411764,
      "rev_growth_yoy": -0.034561626429479034,
      "rev_growth_yoy_accel": -0.01630730653581488,
      "op_leverage_ratio": 0.1612430512416177,
      "fcf_margin_change": 0.09279920576150782
    },
    {
      "date": "2024-09-27T00:00:00",
      "quarter_label": "2024-09 (Q3)",
      "revenue": 1019500000,
      "gross_profit": 93800000,
      "operating_income": 53900000,
      "net_income": 42100000,
      "opex": 39900000,
      "cogs": 925700000,
      "rd": null,
      "sga": 47900000,
      "fcf": 43500000,
      "ocf": 43500000,
      "capex": null,
      "gross_margin": 0.0920058852378617,
      "op_margin": 0.052869053457577246,
      "fcf_margin": 0.0426679744973026,
      "incr_op_margin_yoy": 1.7378048780487805,
      "rev_growth_yoy": 0.016349317116937493,
      "rev_growth_yoy_accel": 0.05091094354641652,
      "fcf_margin_change": -0.06701001093746094
    },
    {
      "date": "2024-12-27T00:00:00",
      "quarter_label": "2024-12 (Q4)",
      "revenue": 1013200000,
      "gross_profit": 68700000,
      "operating_income": 30300000,
      "net_income": 20400000,
      "opex": 38400000,
      "cogs": 944500000,
      "rd": null,
      "sga": 48300000,
      "fcf": -4700000,
      "ocf": -4700000,
      "capex": null,
      "gross_margin": 0.06780497433872879,
      "op_margin": 0.02990525069088038,
      "fcf_margin": -0.0046387682589814445,
      "incr_op_margin_yoy": 31.23913043478261,
      "rev_growth_yoy": 0.004560777315090224,
      "rev_growth_yoy_accel": -0.01178853980184727,
      "fcf_margin_change": -0.04730674275628404
    },
    {
      "date": "2025-03-28T00:00:00",
      "quarter_label": "2025-03 (Q1)",
      "revenue": 1098400000,
      "gross_profit": 92200000,
      "operating_income": 44900000,
      "net_income": 31100000,
      "opex": 47300000,
      "cogs": 1006200000,
      "rd": null,
      "sga": 48100000,
      "fcf": 46100000,
      "ocf": 46100000,
      "capex": null,
      "gross_margin": 0.08394027676620539,
      "op_margin": 0.040877640203932995,
      "fcf_margin": 0.04197013838310269,
      "incr_op_margin_yoy": -0.08421052631578947,
      "rev_growth_yoy": -0.00857478111742937,
      "rev_growth_yoy_accel": -0.013135558432519595,
      "op_leverage_ratio": 0.3628153319996274,
      "fcf_margin_change": 0.046608906642084134
    },
    {
      "date": "2025-06-27T00:00:00",
      "quarter_label": "2025-06 (Q2)",
      "revenue": 1182500000,
      "gross_profit": 120100000,
      "operating_income": 68300000,
      "net_income": 56800000,
      "opex": 51800000,
      "cogs": 1062400000,
      "rd": null,
      "sga": 51300000,
      "fcf": 113100000,
      "ocf": 113100000,
      "capex": null,
      "gross_margin": 0.10156448202959831,
      "op_margin": 0.057758985200845665,
      "fcf_margin": 0.09564482029598309,
      "incr_op_margin_yoy": 0.002336448598130841,
      "rev_growth_yoy": 0.037553742212863034,
      "rev_growth_yoy_accel": 0.0461285233302924,
      "op_leverage_ratio": 0.804792829974913,
      "fcf_margin_change": 0.0536746819128804
    },
    {
      "date": "2025-09-26T00:00:00",
      "quarter_label": "2025-09 (Q3)",
      "revenue": 1021900000,
      "gross_profit": 80800000,
      "operating_income": -21800000,
      "net_income": -29100000,
      "opex": 102600000,
      "cogs": 941100000,
      "rd": null,
      "sga": 52100000,
      "fcf": 75000000,
      "ocf": 75000000,
      "capex": null,
      "gross_margin": 0.07906840199628144,
      "op_margin": -0.021332811429689794,
      "fcf_margin": 0.07339269987278599,
      "incr_op_margin_yoy": -31.541666666666668,
      "rev_growth_yoy": 0.0023540951446787643,
      "rev_growth_yoy_accel": -0.03519964706818427,
      "fcf_margin_change": -0.022252120423197103
    }
  ],
  "signals": [
    {
      "quarter": "2025-06 (Q2)",
      "signal": "FCF MARGIN EXPANSION",
      "detail": "FCF margin: +4.2% -> +9.6% (+5.4%)",
      "severity": "MEDIUM"
    },
    {
      "quarter": "2025-03 (Q1)",
      "signal": "FCF TURNED POSITIVE",
      "detail": "FCF margin: -0.5% -> +4.2%",
      "severity": "HIGH"
    },
    {
      "quarter": "2024-12 (Q4)",
      "signal": "OP MARGIN TURNED POSITIVE (YoY)",
      "detail": "Op margin: -11.2% (year-ago) -> +3.0%",
      "severity": "HIGH"
    },
    {
      "quarter": "2024-09 (Q3)",
      "signal": "YoY REVENUE GROWTH ACCELERATION",
      "detail": "YoY growth: +1.6% vs prior quarter YoY: -3.5% (accel: +5.1%)",
      "severity": "MEDIUM"
    },
    {
      "quarter": "2024-09 (Q3)",
      "signal": "INCREMENTAL MARGIN (YoY)",
      "detail": "YoY Incr OPM: +173.8% vs year-ago OPM: +2.5%",
      "severity": "HIGH"
    },
    {
      "quarter": "2024-06 (Q2)",
      "signal": "FCF MARGIN EXPANSION",
      "detail": "FCF margin: +1.7% -> +11.0% (+9.3%)",
      "severity": "MEDIUM"
    },
    {
      "quarter": "2024-03 (Q1)",
      "signal": "FCF TURNED POSITIVE",
      "detail": "FCF margin: -0.2% -> +1.7%",
      "severity": "HIGH"
    },
    {
      "quarter": "2024-03 (Q1)",
      "signal": "INCREMENTAL MARGIN (YoY)",
      "detail": "YoY Incr OPM: +147.6% vs year-ago OPM: +6.6%",
      "severity": "HIGH"
    },
    {
      "quarter": "2024-03 (Q1)",
      "signal": "OP MARGIN TURNED POSITIVE (QoQ)",
      "detail": "Op margin: -11.2% -> +4.0%",
      "severity": "HIGH"
    },
    {
      "quarter": "2023-09 (Q3)",
      "signal": "INCREMENTAL MARGIN (YoY)",
      "detail": "YoY Incr OPM: +50.8% vs year-ago OPM: +4.8%",
      "severity": "HIGH"
    },
    {
      "quarter": "2023-06 (Q2)",
      "signal": "FCF MARGIN EXPANSION",
      "detail": "FCF margin: +1.4% -> +9.9% (+8.6%)",
      "severity": "MEDIUM"
    },
    {
      "quarter": "2023-03 (Q1)",
      "signal": "FCF TURNED POSITIVE",
      "detail": "FCF margin: -4.2% -> +1.4%",
      "severity": "HIGH"
    },
    {
      "quarter": "2022-12 (Q4)",
      "signal": "OP MARGIN TURNED POSITIVE (YoY)",
      "detail": "Op margin: -0.9% (year-ago) -> +3.0%",
      "severity": "HIGH"
    },
    {
      "quarter": "2022-09 (Q3)",
      "signal": "INCREMENTAL MARGIN (YoY)",
      "detail": "YoY Incr OPM: +102.1% vs year-ago OPM: +0.1%",
      "severity": "HIGH"
    },
    {
      "quarter": "2022-07 (Q3)",
      "signal": "FCF TURNED POSITIVE",
      "detail": "FCF margin: -0.0% -> +7.9%",
      "severity": "HIGH"
    },
    {
      "quarter": "2022-04 (Q2)",
      "signal": "OPERATING LEVERAGE",
      "detail": "Rev growth +11.8% vs OpEx growth +2.0% (leverage: 5.8x)",
      "severity": "MEDIUM"
    },
    {
      "quarter": "2022-04 (Q2)",
      "signal": "GROSS MARGIN INFLECTION",
      "detail": "GM: +4.9% -> +3.9% -> +7.9% (reversal +4.0%)",
      "severity": "MEDIUM"
    },
    {
      "quarter": "2022-04 (Q2)",
      "signal": "OP MARGIN TURNED POSITIVE (QoQ)",
      "detail": "Op margin: -0.9% -> +3.5%",
      "severity": "HIGH"
    },
    {
      "quarter": "2021-04 (Q2)",
      "signal": "OP MARGIN TURNED POSITIVE (QoQ)",
      "detail": "Op margin: -0.1% -> +5.5%",
      "severity": "HIGH"
    }
  ],
  "data_quality": {
    "n_quarters": 20,
    "coverage": {
      "revenue": [
        20,
        20
      ],
      "gross_profit": [
        20,
        20
      ],
      "op_income": [
        20,
        20
      ],
      "fcf": [
        20,
        20
      ]
    },
    "gaps": [],
    "warnings": []
  },
  "market_cap": null,
  "source": "SEC EDGAR",
  "last_updated": "2026-02-02T21:39:23.561430",
  "sector": "Consumer Defensive",
  "industry": "Farm Products"
}