{
  "ticker": "FDX",
  "name": "FedEx Corporation",
  "quarters": [
    {
      "date": "2021-02-28T00:00:00",
      "quarter_label": "2021-02 (Q1)",
      "revenue": 21510000000,
      "gross_profit": null,
      "operating_income": 1005000000,
      "net_income": 892000000,
      "opex": 20505000000,
      "cogs": null,
      "rd": null,
      "sga": null,
      "fcf": 2162000000,
      "ocf": 2162000000,
      "capex": null,
      "gross_margin": null,
      "op_margin": 0.046722454672245464,
      "fcf_margin": 0.100511390051139
    },
    {
      "date": "2021-05-31T00:00:00",
      "quarter_label": "2021-05 (Q2)",
      "revenue": 22565000000,
      "gross_profit": null,
      "operating_income": 1797000000,
      "net_income": 1868000000,
      "opex": 20768000000,
      "cogs": null,
      "rd": null,
      "sga": null,
      "fcf": 2743000000,
      "ocf": 2743000000,
      "capex": null,
      "gross_margin": null,
      "op_margin": 0.07963660536228673,
      "fcf_margin": 0.12155993795701307,
      "op_leverage_ratio": 3.8239840696607645,
      "fcf_margin_change": 0.02104854790587407
    },
    {
      "date": "2021-08-31T00:00:00",
      "quarter_label": "2021-08 (Q3)",
      "revenue": 22003000000,
      "gross_profit": null,
      "operating_income": 1398000000,
      "net_income": 1112000000,
      "opex": 20605000000,
      "cogs": null,
      "rd": null,
      "sga": null,
      "fcf": 2084000000,
      "ocf": 2084000000,
      "capex": null,
      "gross_margin": null,
      "op_margin": 0.06353679043766759,
      "fcf_margin": 0.09471435713311821,
      "fcf_margin_change": -0.026845580823894863
    },
    {
      "date": "2021-11-30T00:00:00",
      "quarter_label": "2021-11 (Q4)",
      "revenue": 23474000000,
      "gross_profit": null,
      "operating_income": 1597000000,
      "net_income": 1044000000,
      "opex": 21877000000,
      "cogs": null,
      "rd": null,
      "sga": null,
      "fcf": 1998000000,
      "ocf": 1998000000,
      "capex": null,
      "gross_margin": null,
      "op_margin": 0.06803271704864956,
      "fcf_margin": 0.08511544687739626,
      "op_leverage_ratio": 1.082969639360213,
      "fcf_margin_change": -0.009598910255721946
    },
    {
      "date": "2022-02-28T00:00:00",
      "quarter_label": "2022-02 (Q1)",
      "revenue": 23641000000,
      "gross_profit": null,
      "operating_income": 1326000000,
      "net_income": 1112000000,
      "opex": 22315000000,
      "cogs": null,
      "rd": null,
      "sga": null,
      "fcf": 2248000000,
      "ocf": 2248000000,
      "capex": null,
      "gross_margin": null,
      "op_margin": 0.05608899792732964,
      "fcf_margin": 0.09508904022672476,
      "incr_op_margin_yoy": 0.15063350539652745,
      "rev_growth_yoy": 0.09907019990701998,
      "fcf_margin_change": 0.0099735933493285
    },
    {
      "date": "2022-05-31T00:00:00",
      "quarter_label": "2022-05 (Q2)",
      "revenue": 24394000000,
      "gross_profit": null,
      "operating_income": 1924000000,
      "net_income": 558000000,
      "opex": 22470000000,
      "cogs": null,
      "rd": null,
      "sga": null,
      "fcf": 3502000000,
      "ocf": 3502000000,
      "capex": null,
      "gross_margin": null,
      "op_margin": 0.07887185373452488,
      "fcf_margin": 0.1435598917766664,
      "incr_op_margin_yoy": 0.06943685073810825,
      "rev_growth_yoy": 0.08105473077775316,
      "rev_growth_yoy_accel": -0.018015469129266826,
      "op_leverage_ratio": 4.585580545553038,
      "fcf_margin_change": 0.04847085154994163
    },
    {
      "date": "2022-08-31T00:00:00",
      "quarter_label": "2022-08 (Q3)",
      "revenue": 23242000000,
      "gross_profit": null,
      "operating_income": 1191000000,
      "net_income": 875000000,
      "opex": 22051000000,
      "cogs": null,
      "rd": null,
      "sga": null,
      "fcf": 1607000000,
      "ocf": 1607000000,
      "capex": null,
      "gross_margin": null,
      "op_margin": 0.0512434386025299,
      "fcf_margin": 0.06914207038981154,
      "incr_op_margin_yoy": -0.16707021791767554,
      "rev_growth_yoy": 0.056310503113211834,
      "rev_growth_yoy_accel": -0.024744227664541325,
      "fcf_margin_change": -0.07441782138685485
    },
    {
      "date": "2022-11-30T00:00:00",
      "quarter_label": "2022-11 (Q4)",
      "revenue": 22814000000,
      "gross_profit": null,
      "operating_income": 1176000000,
      "net_income": 788000000,
      "opex": 21638000000,
      "cogs": null,
      "rd": null,
      "sga": null,
      "fcf": 1518000000,
      "ocf": 1518000000,
      "capex": null,
      "gross_margin": null,
      "op_margin": 0.05154729552029456,
      "fcf_margin": 0.0665380906460945,
      "incr_op_margin_yoy": 0.6378787878787879,
      "rev_growth_yoy": -0.028116213683223992,
      "rev_growth_yoy_accel": -0.08442671679643582,
      "fcf_margin_change": -0.0026039797437170387
    },
    {
      "date": "2023-02-28T00:00:00",
      "quarter_label": "2023-02 (Q1)",
      "revenue": 22169000000,
      "gross_profit": null,
      "operating_income": 1042000000,
      "net_income": 771000000,
      "opex": 21127000000,
      "cogs": null,
      "rd": null,
      "sga": null,
      "fcf": 2276000000,
      "ocf": 2276000000,
      "capex": null,
      "gross_margin": null,
      "op_margin": 0.04700257115792322,
      "fcf_margin": 0.10266588479408183,
      "incr_op_margin_yoy": 0.19293478260869565,
      "rev_growth_yoy": -0.06226470961465251,
      "rev_growth_yoy_accel": -0.03414849593142852,
      "fcf_margin_change": 0.03612779414798732
    },
    {
      "date": "2023-05-31T00:00:00",
      "quarter_label": "2023-05 (Q2)",
      "revenue": 21930000000,
      "gross_profit": null,
      "operating_income": 1503000000,
      "net_income": 1538000000,
      "opex": 20427000000,
      "cogs": null,
      "rd": null,
      "sga": null,
      "fcf": 3447000000,
      "ocf": 3447000000,
      "capex": null,
      "gross_margin": null,
      "op_margin": 0.06853625170998633,
      "fcf_margin": 0.15718194254445964,
      "incr_op_margin_yoy": 0.1708603896103896,
      "rev_growth_yoy": -0.10100844469951628,
      "rev_growth_yoy_accel": -0.03874373508486377,
      "fcf_margin_change": 0.05451605775037781
    },
    {
      "date": "2023-08-31T00:00:00",
      "quarter_label": "2023-08 (Q3)",
      "revenue": 21681000000,
      "gross_profit": null,
      "operating_income": 1485000000,
      "net_income": 1078000000,
      "opex": 20196000000,
      "cogs": null,
      "rd": null,
      "sga": null,
      "fcf": 2230000000,
      "ocf": 2230000000,
      "capex": null,
      "gross_margin": null,
      "op_margin": 0.0684931506849315,
      "fcf_margin": 0.10285503436188367,
      "incr_op_margin_yoy": -0.18834080717488788,
      "rev_growth_yoy": -0.06716289475948714,
      "rev_growth_yoy_accel": 0.03384554994002914,
      "fcf_margin_change": -0.05432690818257596
    },
    {
      "date": "2023-11-30T00:00:00",
      "quarter_label": "2023-11 (Q4)",
      "revenue": 22165000000,
      "gross_profit": null,
      "operating_income": 1276000000,
      "net_income": 900000000,
      "opex": 20889000000,
      "cogs": null,
      "rd": null,
      "sga": null,
      "fcf": 1774000000,
      "ocf": 1774000000,
      "capex": null,
      "gross_margin": null,
      "op_margin": 0.05756823821339951,
      "fcf_margin": 0.08003609293931875,
      "incr_op_margin_yoy": -0.15408320493066255,
      "rev_growth_yoy": -0.02844744455159113,
      "rev_growth_yoy_accel": 0.03871545020789601,
      "op_leverage_ratio": 0.6505762122200477,
      "fcf_margin_change": -0.022818941422564923
    },
    {
      "date": "2024-02-29T00:00:00",
      "quarter_label": "2024-02 (Q1)",
      "revenue": 21738000000,
      "gross_profit": null,
      "operating_income": 1243000000,
      "net_income": 879000000,
      "opex": 20495000000,
      "cogs": null,
      "rd": null,
      "sga": null,
      "fcf": 1610000000,
      "ocf": 1610000000,
      "capex": null,
      "gross_margin": null,
      "op_margin": 0.05718097341061735,
      "fcf_margin": 0.07406385132026866,
      "incr_op_margin_yoy": -0.46635730858468677,
      "rev_growth_yoy": -0.019441562542288782,
      "rev_growth_yoy_accel": 0.009005882009302347,
      "fcf_margin_change": -0.005972241619050092
    },
    {
      "date": "2024-05-31T00:00:00",
      "quarter_label": "2024-05 (Q2)",
      "revenue": 22109000000,
      "gross_profit": null,
      "operating_income": 1555000000,
      "net_income": 1474000000,
      "opex": 20554000000,
      "cogs": null,
      "rd": null,
      "sga": null,
      "fcf": 2698000000,
      "ocf": 2698000000,
      "capex": null,
      "gross_margin": null,
      "op_margin": 0.07033334841014971,
      "fcf_margin": 0.12203175177529513,
      "incr_op_margin_yoy": 0.2905027932960894,
      "rev_growth_yoy": 0.00816233470132239,
      "rev_growth_yoy_accel": 0.02760389724361117,
      "op_leverage_ratio": 5.92857387906205,
      "fcf_margin_change": 0.04796790045502647
    },
    {
      "date": "2024-08-31T00:00:00",
      "quarter_label": "2024-08 (Q3)",
      "revenue": 21579000000,
      "gross_profit": null,
      "operating_income": 1080000000,
      "net_income": 794000000,
      "opex": 20499000000,
      "cogs": null,
      "rd": null,
      "sga": null,
      "fcf": 1187000000,
      "ocf": 1187000000,
      "capex": null,
      "gross_margin": null,
      "op_margin": 0.050048658417906296,
      "fcf_margin": 0.055007182909309976,
      "incr_op_margin_yoy": 3.9705882352941178,
      "rev_growth_yoy": -0.0047045800470458,
      "rev_growth_yoy_accel": -0.01286691474836819,
      "fcf_margin_change": -0.06702456886598515
    },
    {
      "date": "2024-11-30T00:00:00",
      "quarter_label": "2024-11 (Q4)",
      "revenue": 21967000000,
      "gross_profit": null,
      "operating_income": 1052000000,
      "net_income": 741000000,
      "opex": 20915000000,
      "cogs": null,
      "rd": null,
      "sga": null,
      "fcf": 1318000000,
      "ocf": 1318000000,
      "capex": null,
      "gross_margin": null,
      "op_margin": 0.047890016843446986,
      "fcf_margin": 0.05999908954340602,
      "incr_op_margin_yoy": 1.1313131313131313,
      "rev_growth_yoy": -0.008933002481389578,
      "rev_growth_yoy_accel": -0.004228422434343778,
      "op_leverage_ratio": 0.8860123089756066,
      "fcf_margin_change": 0.004991906634096044
    },
    {
      "date": "2025-02-28T00:00:00",
      "quarter_label": "2025-02 (Q1)",
      "revenue": 22160000000,
      "gross_profit": null,
      "operating_income": 1292000000,
      "net_income": 909000000,
      "opex": 20868000000,
      "cogs": null,
      "rd": null,
      "sga": null,
      "fcf": 2012000000,
      "ocf": 2012000000,
      "capex": null,
      "gross_margin": null,
      "op_margin": 0.05830324909747293,
      "fcf_margin": 0.0907942238267148,
      "incr_op_margin_yoy": 0.11611374407582939,
      "rev_growth_yoy": 0.019413009476492778,
      "rev_growth_yoy_accel": 0.028346011957882354,
      "fcf_margin_change": 0.03079513428330878
    },
    {
      "date": "2025-05-31T00:00:00",
      "quarter_label": "2025-05 (Q2)",
      "revenue": 22220000000,
      "gross_profit": null,
      "operating_income": 1793000000,
      "net_income": 1648000000,
      "opex": 20427000000,
      "cogs": null,
      "rd": null,
      "sga": null,
      "fcf": 2519000000,
      "ocf": 2519000000,
      "capex": null,
      "gross_margin": null,
      "op_margin": 0.0806930693069307,
      "fcf_margin": 0.11336633663366337,
      "incr_op_margin_yoy": 2.144144144144144,
      "rev_growth_yoy": 0.005020579854357954,
      "rev_growth_yoy_accel": -0.014392429622134825,
      "fcf_margin_change": 0.02257211280694857
    },
    {
      "date": "2025-08-31T00:00:00",
      "quarter_label": "2025-08 (Q3)",
      "revenue": 22244000000,
      "gross_profit": null,
      "operating_income": 1186000000,
      "net_income": 824000000,
      "opex": 21058000000,
      "cogs": null,
      "rd": null,
      "sga": null,
      "fcf": 1716000000,
      "ocf": 1716000000,
      "capex": null,
      "gross_margin": null,
      "op_margin": 0.05331774860636576,
      "fcf_margin": 0.0771443984894803,
      "incr_op_margin_yoy": 0.1593984962406015,
      "rev_growth_yoy": 0.030816998007321933,
      "rev_growth_yoy_accel": 0.02579641815296398,
      "fcf_margin_change": -0.03622193814418306
    },
    {
      "date": "2025-11-30T00:00:00",
      "quarter_label": "2025-11 (Q4)",
      "revenue": 23469000000,
      "gross_profit": null,
      "operating_income": 1378000000,
      "net_income": 956000000,
      "opex": 22091000000,
      "cogs": null,
      "rd": null,
      "sga": null,
      "fcf": 1951000000,
      "ocf": 1951000000,
      "capex": null,
      "gross_margin": null,
      "op_margin": 0.058715752695044525,
      "fcf_margin": 0.08313093868507393,
      "incr_op_margin_yoy": 0.2170439414114514,
      "rev_growth_yoy": 0.06837529020803933,
      "rev_growth_yoy_accel": 0.037558292200717394,
      "op_leverage_ratio": 1.1226386814687337,
      "fcf_margin_change": 0.005986540195593623
    }
  ],
  "signals": [
    {
      "quarter": "2025-11 (Q4)",
      "signal": "INCREMENTAL MARGIN (YoY)",
      "detail": "YoY Incr OPM: +21.7% vs year-ago OPM: +4.8%",
      "severity": "MEDIUM"
    },
    {
      "quarter": "2025-08 (Q3)",
      "signal": "INCREMENTAL MARGIN (YoY)",
      "detail": "YoY Incr OPM: +15.9% vs year-ago OPM: +5.0%",
      "severity": "MEDIUM"
    },
    {
      "quarter": "2025-05 (Q2)",
      "signal": "INCREMENTAL MARGIN (YoY)",
      "detail": "YoY Incr OPM: +214.4% vs year-ago OPM: +7.0%",
      "severity": "HIGH"
    },
    {
      "quarter": "2024-11 (Q4)",
      "signal": "INCREMENTAL MARGIN (YoY)",
      "detail": "YoY Incr OPM: +113.1% vs year-ago OPM: +5.8%",
      "severity": "HIGH"
    },
    {
      "quarter": "2024-08 (Q3)",
      "signal": "INCREMENTAL MARGIN (YoY)",
      "detail": "YoY Incr OPM: +397.1% vs year-ago OPM: +6.8%",
      "severity": "HIGH"
    },
    {
      "quarter": "2024-05 (Q2)",
      "signal": "OPERATING LEVERAGE",
      "detail": "Rev growth +1.7% vs OpEx growth +0.3% (leverage: 5.9x)",
      "severity": "MEDIUM"
    },
    {
      "quarter": "2024-05 (Q2)",
      "signal": "INCREMENTAL MARGIN (YoY)",
      "detail": "YoY Incr OPM: +29.1% vs year-ago OPM: +6.9%",
      "severity": "HIGH"
    },
    {
      "quarter": "2023-05 (Q2)",
      "signal": "FCF MARGIN EXPANSION",
      "detail": "FCF margin: +10.3% -> +15.7% (+5.5%)",
      "severity": "MEDIUM"
    },
    {
      "quarter": "2023-02 (Q1)",
      "signal": "INCREMENTAL MARGIN (YoY)",
      "detail": "YoY Incr OPM: +19.3% vs year-ago OPM: +5.6%",
      "severity": "MEDIUM"
    },
    {
      "quarter": "2022-11 (Q4)",
      "signal": "YoY REVENUE GROWTH DECELERATION",
      "detail": "YoY growth: -2.8% vs prior quarter YoY: +5.6% (decel: -8.4%)",
      "severity": "WARNING"
    },
    {
      "quarter": "2022-11 (Q4)",
      "signal": "INCREMENTAL MARGIN (YoY)",
      "detail": "YoY Incr OPM: +63.8% vs year-ago OPM: +6.8%",
      "severity": "HIGH"
    },
    {
      "quarter": "2022-05 (Q2)",
      "signal": "OPERATING LEVERAGE",
      "detail": "Rev growth +3.2% vs OpEx growth +0.7% (leverage: 4.6x)",
      "severity": "MEDIUM"
    },
    {
      "quarter": "2022-02 (Q1)",
      "signal": "INCREMENTAL MARGIN (YoY)",
      "detail": "YoY Incr OPM: +15.1% vs year-ago OPM: +4.7%",
      "severity": "MEDIUM"
    },
    {
      "quarter": "2021-05 (Q2)",
      "signal": "OPERATING LEVERAGE",
      "detail": "Rev growth +4.9% vs OpEx growth +1.3% (leverage: 3.8x)",
      "severity": "MEDIUM"
    }
  ],
  "data_quality": {
    "n_quarters": 20,
    "coverage": {
      "revenue": [
        20,
        20
      ],
      "gross_profit": [
        0,
        20
      ],
      "op_income": [
        20,
        20
      ],
      "fcf": [
        20,
        20
      ]
    },
    "gaps": [],
    "warnings": [
      "gross_profit: no data"
    ]
  },
  "market_cap": null,
  "source": "SEC EDGAR",
  "last_updated": "2026-02-02T19:54:14.390243",
  "sector": "Industrials",
  "industry": "Integrated Freight & Logistics"
}