{
  "ticker": "FE",
  "name": "FIRSTENERGY CORP.",
  "sector": "Utilities",
  "industry": "Utilities - Regulated Electric",
  "quarters": [
    {
      "date": "2021-03-31T00:00:00",
      "quarter_label": "2021-03 (Q1)",
      "revenue": 2726000000,
      "gross_profit": null,
      "operating_income": 559000000,
      "net_income": 335000000,
      "opex": 2167000000,
      "cogs": null,
      "rd": null,
      "sga": null,
      "fcf": 533000000,
      "ocf": 533000000,
      "capex": null,
      "gross_margin": null,
      "op_margin": 0.20506236243580336,
      "fcf_margin": 0.19552457813646368
    },
    {
      "date": "2021-06-30T00:00:00",
      "quarter_label": "2021-06 (Q2)",
      "revenue": 2622000000,
      "gross_profit": null,
      "operating_income": 312000000,
      "net_income": 58000000,
      "opex": 2310000000,
      "cogs": null,
      "rd": null,
      "sga": null,
      "fcf": 814000000,
      "ocf": 814000000,
      "capex": null,
      "gross_margin": null,
      "op_margin": 0.11899313501144165,
      "fcf_margin": 0.3104500381388253,
      "fcf_margin_change": 0.11492546000236165
    },
    {
      "date": "2021-09-30T00:00:00",
      "quarter_label": "2021-09 (Q3)",
      "revenue": 3124000000,
      "gross_profit": null,
      "operating_income": 631000000,
      "net_income": 463000000,
      "opex": 2493000000,
      "cogs": null,
      "rd": null,
      "sga": null,
      "fcf": 757000000,
      "ocf": 757000000,
      "capex": null,
      "gross_margin": null,
      "op_margin": 0.20198463508322664,
      "fcf_margin": 0.24231754161331626,
      "op_leverage_ratio": 2.4167510722636956,
      "fcf_margin_change": -0.06813249652550907
    },
    {
      "date": "2021-12-31T00:00:00",
      "quarter_label": "2021-12 (Q4)",
      "revenue": 2660000000,
      "gross_profit": null,
      "operating_income": 224000000,
      "net_income": 427000000,
      "opex": 2436000000,
      "cogs": null,
      "rd": null,
      "sga": null,
      "fcf": 707000000,
      "ocf": 707000000,
      "capex": null,
      "gross_margin": null,
      "op_margin": 0.08421052631578947,
      "fcf_margin": 0.2657894736842105,
      "fcf_margin_change": 0.023471932070894264
    },
    {
      "date": "2022-03-31T00:00:00",
      "quarter_label": "2022-03 (Q1)",
      "revenue": 2989000000,
      "gross_profit": null,
      "operating_income": 559000000,
      "net_income": 288000000,
      "opex": 2430000000,
      "cogs": null,
      "rd": null,
      "sga": null,
      "fcf": 355000000,
      "ocf": 355000000,
      "capex": null,
      "gross_margin": null,
      "op_margin": 0.1870190699230512,
      "fcf_margin": 0.11876881900301103,
      "incr_op_margin_yoy": 0.0,
      "rev_growth_yoy": 0.09647835656639765,
      "op_leverage_ratio": null,
      "fcf_margin_change": -0.1470206546811995
    },
    {
      "date": "2022-06-30T00:00:00",
      "quarter_label": "2022-06 (Q2)",
      "revenue": 2818000000,
      "gross_profit": null,
      "operating_income": 447000000,
      "net_income": 187000000,
      "opex": 2371000000,
      "cogs": null,
      "rd": null,
      "sga": null,
      "fcf": 928000000,
      "ocf": 928000000,
      "capex": null,
      "gross_margin": null,
      "op_margin": 0.15862313697657912,
      "fcf_margin": 0.3293115684882896,
      "incr_op_margin_yoy": 0.6887755102040817,
      "rev_growth_yoy": 0.07475209763539283,
      "rev_growth_yoy_accel": -0.021726258931004827,
      "fcf_margin_change": 0.21054274948527854
    },
    {
      "date": "2022-09-30T00:00:00",
      "quarter_label": "2022-09 (Q3)",
      "revenue": 3475000000,
      "gross_profit": null,
      "operating_income": 505000000,
      "net_income": 334000000,
      "opex": 2970000000,
      "cogs": null,
      "rd": null,
      "sga": null,
      "fcf": 554000000,
      "ocf": 554000000,
      "capex": null,
      "gross_margin": null,
      "op_margin": 0.14532374100719425,
      "fcf_margin": 0.15942446043165467,
      "incr_op_margin_yoy": -0.358974358974359,
      "rev_growth_yoy": 0.11235595390524968,
      "rev_growth_yoy_accel": 0.03760385626985685,
      "op_leverage_ratio": 0.922845741246056,
      "fcf_margin_change": -0.1698871080566349
    },
    {
      "date": "2022-12-31T00:00:00",
      "quarter_label": "2022-12 (Q4)",
      "revenue": 3177000000,
      "gross_profit": null,
      "operating_income": 399000000,
      "net_income": -403000000,
      "opex": 2778000000,
      "cogs": null,
      "rd": null,
      "sga": null,
      "fcf": 846000000,
      "ocf": 846000000,
      "capex": null,
      "gross_margin": null,
      "op_margin": 0.125590179414542,
      "fcf_margin": 0.26628895184135976,
      "incr_op_margin_yoy": 0.33849129593810445,
      "rev_growth_yoy": 0.1943609022556391,
      "rev_growth_yoy_accel": 0.08200494835038942,
      "fcf_margin_change": 0.10686449140970508
    },
    {
      "date": "2023-03-31T00:00:00",
      "quarter_label": "2023-03 (Q1)",
      "revenue": 3231000000,
      "gross_profit": null,
      "operating_income": 551000000,
      "net_income": 292000000,
      "opex": 2680000000,
      "cogs": null,
      "rd": null,
      "sga": null,
      "fcf": -112000000,
      "ocf": -112000000,
      "capex": null,
      "gross_margin": null,
      "op_margin": 0.1705354379449087,
      "fcf_margin": -0.03466419065304859,
      "incr_op_margin_yoy": -0.03305785123966942,
      "rev_growth_yoy": 0.08096353295416528,
      "rev_growth_yoy_accel": -0.11339736930147382,
      "op_leverage_ratio": null,
      "fcf_margin_change": -0.30095314249440835
    },
    {
      "date": "2023-06-30T00:00:00",
      "quarter_label": "2023-06 (Q2)",
      "revenue": 3006000000,
      "gross_profit": null,
      "operating_income": 481000000,
      "net_income": 235000000,
      "opex": 2525000000,
      "cogs": null,
      "rd": null,
      "sga": null,
      "fcf": -101000000,
      "ocf": -101000000,
      "capex": null,
      "gross_margin": null,
      "op_margin": 0.16001330671989356,
      "fcf_margin": -0.03359946773120426,
      "incr_op_margin_yoy": 0.18085106382978725,
      "rev_growth_yoy": 0.0667139815471966,
      "rev_growth_yoy_accel": -0.01424955140696868,
      "fcf_margin_change": 0.001064722921844334
    },
    {
      "date": "2023-09-30T00:00:00",
      "quarter_label": "2023-09 (Q3)",
      "revenue": 3487000000,
      "gross_profit": null,
      "operating_income": 666000000,
      "net_income": 400000000,
      "opex": 2821000000,
      "cogs": null,
      "rd": null,
      "sga": null,
      "fcf": 642000000,
      "ocf": 642000000,
      "capex": null,
      "gross_margin": null,
      "op_margin": 0.19099512474906796,
      "fcf_margin": 0.18411241755090335,
      "incr_op_margin_yoy": 13.416666666666666,
      "rev_growth_yoy": 0.0034532374100719426,
      "rev_growth_yoy_accel": -0.06326074413712465,
      "op_leverage_ratio": 1.364978376580173,
      "fcf_margin_change": 0.2177118852821076
    },
    {
      "date": "2023-12-31T00:00:00",
      "quarter_label": "2023-12 (Q4)",
      "revenue": 3146000000,
      "gross_profit": null,
      "operating_income": 568000000,
      "net_income": 175000000,
      "opex": 2578000000,
      "cogs": null,
      "rd": null,
      "sga": null,
      "fcf": 958000000,
      "ocf": 958000000,
      "capex": null,
      "gross_margin": null,
      "op_margin": 0.18054672600127145,
      "fcf_margin": 0.3045136681500318,
      "incr_op_margin_yoy": -5.451612903225806,
      "rev_growth_yoy": -0.009757632987094743,
      "rev_growth_yoy_accel": -0.013210870397166686,
      "fcf_margin_change": 0.12040125059912843
    },
    {
      "date": "2024-03-31T00:00:00",
      "quarter_label": "2024-03 (Q1)",
      "revenue": 3287000000,
      "gross_profit": null,
      "operating_income": 612000000,
      "net_income": 253000000,
      "opex": 2675000000,
      "cogs": null,
      "rd": null,
      "sga": null,
      "fcf": -40000000,
      "ocf": -40000000,
      "capex": null,
      "gross_margin": null,
      "op_margin": 0.18618801338606633,
      "fcf_margin": -0.012169151201703681,
      "incr_op_margin_yoy": 1.0892857142857142,
      "rev_growth_yoy": 0.017332095326524296,
      "rev_growth_yoy_accel": 0.02708972831361904,
      "op_leverage_ratio": 1.1911640374620693,
      "fcf_margin_change": -0.3166828193517355
    },
    {
      "date": "2024-06-30T00:00:00",
      "quarter_label": "2024-06 (Q2)",
      "revenue": 3280000000,
      "gross_profit": null,
      "operating_income": 423000000,
      "net_income": 45000000,
      "opex": 2857000000,
      "cogs": null,
      "rd": null,
      "sga": null,
      "fcf": 1112000000,
      "ocf": 1112000000,
      "capex": null,
      "gross_margin": null,
      "op_margin": 0.12896341463414634,
      "fcf_margin": 0.33902439024390246,
      "incr_op_margin_yoy": -0.2116788321167883,
      "rev_growth_yoy": 0.09115103127079174,
      "rev_growth_yoy_accel": 0.07381893594426744,
      "fcf_margin_change": 0.35119354144560616
    },
    {
      "date": "2024-09-30T00:00:00",
      "quarter_label": "2024-09 (Q3)",
      "revenue": 3729000000,
      "gross_profit": null,
      "operating_income": 727000000,
      "net_income": 419000000,
      "opex": 3002000000,
      "cogs": null,
      "rd": null,
      "sga": null,
      "fcf": 775000000,
      "ocf": 775000000,
      "capex": null,
      "gross_margin": null,
      "op_margin": 0.19495843389648698,
      "fcf_margin": 0.20783051756503085,
      "incr_op_margin_yoy": 0.25206611570247933,
      "rev_growth_yoy": 0.0694006309148265,
      "rev_growth_yoy_accel": -0.021750400355965246,
      "op_leverage_ratio": 2.6972098402018503,
      "fcf_margin_change": -0.13119387267887161
    },
    {
      "date": "2024-12-31T00:00:00",
      "quarter_label": "2024-12 (Q4)",
      "revenue": 3176000000,
      "gross_profit": null,
      "operating_income": 613000000,
      "net_income": 261000000,
      "opex": 2563000000,
      "cogs": null,
      "rd": null,
      "sga": null,
      "fcf": 1044000000,
      "ocf": 1044000000,
      "capex": null,
      "gross_margin": null,
      "op_margin": 0.19301007556675062,
      "fcf_margin": 0.32871536523929473,
      "incr_op_margin_yoy": 1.5,
      "rev_growth_yoy": 0.009535918626827717,
      "rev_growth_yoy_accel": -0.05986471228799878,
      "fcf_margin_change": 0.12088484767426388
    },
    {
      "date": "2025-03-31T00:00:00",
      "quarter_label": "2025-03 (Q1)",
      "revenue": 3765000000,
      "gross_profit": null,
      "operating_income": 754000000,
      "net_income": 360000000,
      "opex": 3011000000,
      "cogs": null,
      "rd": null,
      "sga": null,
      "fcf": 637000000,
      "ocf": 637000000,
      "capex": null,
      "gross_margin": null,
      "op_margin": 0.200265604249668,
      "fcf_margin": 0.1691899070385126,
      "incr_op_margin_yoy": 0.29707112970711297,
      "rev_growth_yoy": 0.14542135686035898,
      "rev_growth_yoy_accel": 0.13588543823353127,
      "op_leverage_ratio": 1.0609755926142497,
      "fcf_margin_change": -0.15952545820078212
    },
    {
      "date": "2025-06-30T00:00:00",
      "quarter_label": "2025-06 (Q2)",
      "revenue": 3380000000,
      "gross_profit": null,
      "operating_income": 646000000,
      "net_income": 268000000,
      "opex": 2734000000,
      "cogs": null,
      "rd": null,
      "sga": null,
      "fcf": 1082000000,
      "ocf": 1082000000,
      "capex": null,
      "gross_margin": null,
      "op_margin": 0.19112426035502958,
      "fcf_margin": 0.3201183431952663,
      "incr_op_margin_yoy": 2.23,
      "rev_growth_yoy": 0.03048780487804878,
      "rev_growth_yoy_accel": -0.1149335519823102,
      "fcf_margin_change": 0.15092843615675366
    },
    {
      "date": "2025-09-30T00:00:00",
      "quarter_label": "2025-09 (Q3)",
      "revenue": 4148000000,
      "gross_profit": null,
      "operating_income": 830000000,
      "net_income": 441000000,
      "opex": 3318000000,
      "cogs": null,
      "rd": null,
      "sga": null,
      "fcf": 845000000,
      "ocf": 845000000,
      "capex": null,
      "gross_margin": null,
      "op_margin": 0.20009643201542912,
      "fcf_margin": 0.20371263259402123,
      "incr_op_margin_yoy": 0.2458233890214797,
      "rev_growth_yoy": 0.11236256368999732,
      "rev_growth_yoy_accel": 0.08187475881194854,
      "op_leverage_ratio": 1.0637270000810568,
      "fcf_margin_change": -0.11640571060124505
    },
    {
      "date": "2025-12-31T00:00:00",
      "quarter_label": "2025-12 (Q4)",
      "revenue": 3797000000,
      "gross_profit": null,
      "operating_income": -24000000,
      "net_income": -49000000,
      "opex": 3821000000,
      "cogs": null,
      "rd": null,
      "sga": null,
      "fcf": 1136000000,
      "ocf": 1136000000,
      "capex": null,
      "gross_margin": null,
      "op_margin": -0.006320779562812747,
      "fcf_margin": 0.29918356597313667,
      "incr_op_margin_yoy": -1.0257648953301126,
      "rev_growth_yoy": 0.19552896725440805,
      "rev_growth_yoy_accel": 0.08316640356441073,
      "fcf_margin_change": 0.09547093337911544
    }
  ],
  "signals": [
    {
      "quarter": "2025-12 (Q4)",
      "signal": "FCF MARGIN EXPANSION",
      "detail": "FCF margin: +20.4% -> +29.9% (+9.5%)",
      "severity": "MEDIUM"
    },
    {
      "quarter": "2025-12 (Q4)",
      "signal": "YoY REVENUE GROWTH ACCELERATION",
      "detail": "YoY growth: +19.6% vs prior quarter YoY: +11.2% (accel: +8.3%)",
      "severity": "MEDIUM"
    },
    {
      "quarter": "2025-09 (Q3)",
      "signal": "YoY REVENUE GROWTH ACCELERATION",
      "detail": "YoY growth: +11.2% vs prior quarter YoY: +3.0% (accel: +8.2%)",
      "severity": "MEDIUM"
    },
    {
      "quarter": "2025-06 (Q2)",
      "signal": "FCF MARGIN EXPANSION",
      "detail": "FCF margin: +16.9% -> +32.0% (+15.1%)",
      "severity": "MEDIUM"
    },
    {
      "quarter": "2025-06 (Q2)",
      "signal": "YoY REVENUE GROWTH DECELERATION",
      "detail": "YoY growth: +3.0% vs prior quarter YoY: +14.5% (decel: -11.5%)",
      "severity": "WARNING"
    },
    {
      "quarter": "2025-06 (Q2)",
      "signal": "INCREMENTAL MARGIN (YoY)",
      "detail": "YoY Incr OPM: +223.0% vs year-ago OPM: +12.9%",
      "severity": "HIGH"
    },
    {
      "quarter": "2025-03 (Q1)",
      "signal": "YoY REVENUE GROWTH ACCELERATION",
      "detail": "YoY growth: +14.5% vs prior quarter YoY: +1.0% (accel: +13.6%)",
      "severity": "MEDIUM"
    },
    {
      "quarter": "2025-03 (Q1)",
      "signal": "INCREMENTAL MARGIN (YoY)",
      "detail": "YoY Incr OPM: +29.7% vs year-ago OPM: +18.6%",
      "severity": "MEDIUM"
    },
    {
      "quarter": "2024-12 (Q4)",
      "signal": "FCF MARGIN EXPANSION",
      "detail": "FCF margin: +20.8% -> +32.9% (+12.1%)",
      "severity": "MEDIUM"
    },
    {
      "quarter": "2024-12 (Q4)",
      "signal": "YoY REVENUE GROWTH DECELERATION",
      "detail": "YoY growth: +1.0% vs prior quarter YoY: +6.9% (decel: -6.0%)",
      "severity": "WARNING"
    },
    {
      "quarter": "2024-12 (Q4)",
      "signal": "INCREMENTAL MARGIN (YoY)",
      "detail": "YoY Incr OPM: +150.0% vs year-ago OPM: +18.1%",
      "severity": "HIGH"
    },
    {
      "quarter": "2024-09 (Q3)",
      "signal": "OPERATING LEVERAGE",
      "detail": "Rev growth +13.7% vs OpEx growth +5.1% (leverage: 2.7x)",
      "severity": "MEDIUM"
    },
    {
      "quarter": "2024-06 (Q2)",
      "signal": "FCF TURNED POSITIVE",
      "detail": "FCF margin: -1.2% -> +33.9%",
      "severity": "HIGH"
    },
    {
      "quarter": "2024-06 (Q2)",
      "signal": "YoY REVENUE GROWTH ACCELERATION",
      "detail": "YoY growth: +9.1% vs prior quarter YoY: +1.7% (accel: +7.4%)",
      "severity": "MEDIUM"
    },
    {
      "quarter": "2024-03 (Q1)",
      "signal": "INCREMENTAL MARGIN (YoY)",
      "detail": "YoY Incr OPM: +108.9% vs year-ago OPM: +17.1%",
      "severity": "HIGH"
    },
    {
      "quarter": "2023-12 (Q4)",
      "signal": "FCF MARGIN EXPANSION",
      "detail": "FCF margin: +18.4% -> +30.5% (+12.0%)",
      "severity": "MEDIUM"
    },
    {
      "quarter": "2023-09 (Q3)",
      "signal": "FCF TURNED POSITIVE",
      "detail": "FCF margin: -3.4% -> +18.4%",
      "severity": "HIGH"
    },
    {
      "quarter": "2023-09 (Q3)",
      "signal": "YoY REVENUE GROWTH DECELERATION",
      "detail": "YoY growth: +0.3% vs prior quarter YoY: +6.7% (decel: -6.3%)",
      "severity": "WARNING"
    },
    {
      "quarter": "2023-09 (Q3)",
      "signal": "INCREMENTAL MARGIN (YoY)",
      "detail": "YoY Incr OPM: +1341.7% vs year-ago OPM: +14.5%",
      "severity": "HIGH"
    },
    {
      "quarter": "2023-03 (Q1)",
      "signal": "YoY REVENUE GROWTH DECELERATION",
      "detail": "YoY growth: +8.1% vs prior quarter YoY: +19.4% (decel: -11.3%)",
      "severity": "WARNING"
    },
    {
      "quarter": "2022-12 (Q4)",
      "signal": "FCF MARGIN EXPANSION",
      "detail": "FCF margin: +15.9% -> +26.6% (+10.7%)",
      "severity": "MEDIUM"
    },
    {
      "quarter": "2022-12 (Q4)",
      "signal": "YoY REVENUE GROWTH ACCELERATION",
      "detail": "YoY growth: +19.4% vs prior quarter YoY: +11.2% (accel: +8.2%)",
      "severity": "MEDIUM"
    },
    {
      "quarter": "2022-12 (Q4)",
      "signal": "INCREMENTAL MARGIN (YoY)",
      "detail": "YoY Incr OPM: +33.8% vs year-ago OPM: +8.4%",
      "severity": "HIGH"
    },
    {
      "quarter": "2022-06 (Q2)",
      "signal": "FCF MARGIN EXPANSION",
      "detail": "FCF margin: +11.9% -> +32.9% (+21.1%)",
      "severity": "MEDIUM"
    },
    {
      "quarter": "2022-06 (Q2)",
      "signal": "INCREMENTAL MARGIN (YoY)",
      "detail": "YoY Incr OPM: +68.9% vs year-ago OPM: +11.9%",
      "severity": "HIGH"
    },
    {
      "quarter": "2021-09 (Q3)",
      "signal": "OPERATING LEVERAGE",
      "detail": "Rev growth +19.1% vs OpEx growth +7.9% (leverage: 2.4x)",
      "severity": "MEDIUM"
    },
    {
      "quarter": "2021-06 (Q2)",
      "signal": "FCF MARGIN EXPANSION",
      "detail": "FCF margin: +19.6% -> +31.0% (+11.5%)",
      "severity": "MEDIUM"
    }
  ],
  "data_quality": {
    "n_quarters": 20,
    "coverage": {
      "revenue": [
        20,
        20
      ],
      "gross_profit": [
        0,
        20
      ],
      "op_income": [
        20,
        20
      ],
      "fcf": [
        20,
        20
      ]
    },
    "gaps": [],
    "warnings": [
      "gross_profit: no data"
    ]
  },
  "market_cap": null,
  "source": "SEC EDGAR",
  "last_updated": "2026-02-24T10:28:14.513003"
}