{
  "ticker": "FERG",
  "name": "Ferguson Enterprises Inc.",
  "quarters": [
    {
      "date": "2023-10-31T00:00:00",
      "quarter_label": "2023-10 (Q4)",
      "revenue": 7708000000,
      "gross_profit": 2331000000,
      "operating_income": 739000000,
      "net_income": 519000000,
      "opex": 1592000000,
      "cogs": 5377000000,
      "rd": null,
      "sga": 1512000000,
      "fcf": 466000000,
      "ocf": 557000000,
      "capex": -91000000,
      "gross_margin": 0.3024130773222626,
      "op_margin": 0.09587441619097042,
      "fcf_margin": 0.0604566683964712
    },
    {
      "date": "2024-01-31T00:00:00",
      "quarter_label": "2024-01 (Q1)",
      "revenue": 6673000000,
      "gross_profit": 2029000000,
      "operating_income": 477000000,
      "net_income": 322000000,
      "opex": 1552000000,
      "cogs": 4644000000,
      "rd": null,
      "sga": 1469000000,
      "fcf": 205000000,
      "ocf": 306000000,
      "capex": -101000000,
      "gross_margin": 0.3040611419151806,
      "op_margin": 0.07148209201258804,
      "fcf_margin": 0.03072081522553574,
      "fcf_margin_change": -0.02973585317093546
    },
    {
      "date": "2024-04-30T00:00:00",
      "quarter_label": "2024-04 (Q2)",
      "revenue": 7308000000,
      "gross_profit": 2232000000,
      "operating_income": 625000000,
      "net_income": 443000000,
      "opex": 1607000000,
      "cogs": 5076000000,
      "rd": null,
      "sga": 1510000000,
      "fcf": 573000000,
      "ocf": 644000000,
      "capex": -71000000,
      "gross_margin": 0.3054187192118227,
      "op_margin": 0.08552271483305966,
      "fcf_margin": 0.0784072249589491,
      "op_leverage_ratio": 2.6852308488753867,
      "fcf_margin_change": 0.04768640973341336
    },
    {
      "date": "2024-07-31T00:00:00",
      "quarter_label": "2024-07 (Q3)",
      "revenue": 7946000000,
      "gross_profit": 2461000000,
      "operating_income": 811000000,
      "net_income": 451000000,
      "opex": 1650000000,
      "cogs": 5485000000,
      "rd": null,
      "sga": 1583000000,
      "fcf": 366000000,
      "ocf": 366000000,
      "capex": null,
      "gross_margin": 0.30971558016612133,
      "op_margin": 0.1020639315378807,
      "fcf_margin": 0.04606091115026428,
      "op_leverage_ratio": 3.262643041712809,
      "fcf_margin_change": -0.032346313808684815
    },
    {
      "date": "2024-10-31T00:00:00",
      "quarter_label": "2024-10 (Q4)",
      "revenue": 7772000000,
      "gross_profit": 2340000000,
      "operating_income": 665000000,
      "net_income": 470000000,
      "opex": 1675000000,
      "cogs": 5432000000,
      "rd": null,
      "sga": 1585000000,
      "fcf": 268000000,
      "ocf": 345000000,
      "capex": -77000000,
      "gross_margin": 0.301080802882141,
      "op_margin": 0.08556356150283068,
      "fcf_margin": 0.034482758620689655,
      "incr_op_margin_yoy": -1.15625,
      "rev_growth_yoy": 0.008303061754021795,
      "fcf_margin_change": -0.011578152529574628
    },
    {
      "date": "2025-01-31T00:00:00",
      "quarter_label": "2025-01 (Q1)",
      "revenue": 6872000000,
      "gross_profit": 2042000000,
      "operating_income": 410000000,
      "net_income": 276000000,
      "opex": 1632000000,
      "cogs": 4830000000,
      "rd": null,
      "sga": 1540000000,
      "fcf": 259000000,
      "ocf": 340000000,
      "capex": -81000000,
      "gross_margin": 0.2971478463329453,
      "op_margin": 0.05966239813736903,
      "fcf_margin": 0.03768917345750873,
      "incr_op_margin_yoy": -0.33668341708542715,
      "rev_growth_yoy": 0.029821669414056645,
      "rev_growth_yoy_accel": 0.02151860766003485,
      "fcf_margin_change": 0.003206414836819077
    },
    {
      "date": "2025-04-30T00:00:00",
      "quarter_label": "2025-04 (Q2)",
      "revenue": 7621000000,
      "gross_profit": 2359000000,
      "operating_income": 606000000,
      "net_income": 410000000,
      "opex": 1753000000,
      "cogs": 5262000000,
      "rd": null,
      "sga": 1589000000,
      "fcf": 605000000,
      "ocf": 682000000,
      "capex": -77000000,
      "gross_margin": 0.309539430520929,
      "op_margin": 0.07951712373704238,
      "fcf_margin": 0.07938590736123868,
      "incr_op_margin_yoy": -0.06070287539936102,
      "rev_growth_yoy": 0.04282977558839628,
      "rev_growth_yoy_accel": 0.013008106174339631,
      "op_leverage_ratio": 1.470054551227162,
      "fcf_margin_change": 0.04169673390372995
    },
    {
      "date": "2025-07-31T00:00:00",
      "quarter_label": "2025-07 (Q3)",
      "revenue": 8497000000,
      "gross_profit": 2694000000,
      "operating_income": 925000000,
      "net_income": 700000000,
      "opex": 1769000000,
      "cogs": 5803000000,
      "rd": null,
      "sga": 1665000000,
      "fcf": 541000000,
      "ocf": 541000000,
      "capex": null,
      "gross_margin": 0.31705307755678475,
      "op_margin": 0.10886195127692126,
      "fcf_margin": 0.06366953042250206,
      "incr_op_margin_yoy": 0.20689655172413793,
      "rev_growth_yoy": 0.06934306569343066,
      "rev_growth_yoy_accel": 0.02651329010503438,
      "op_leverage_ratio": 12.593721296417794,
      "fcf_margin_change": -0.01571637693873662
    },
    {
      "date": "2025-10-31T00:00:00",
      "quarter_label": "2025-10 (Q4)",
      "revenue": 8169000000,
      "gross_profit": 2506000000,
      "operating_income": 771000000,
      "net_income": 570000000,
      "opex": 1735000000,
      "cogs": 5663000000,
      "rd": null,
      "sga": 1641000000,
      "fcf": 430000000,
      "ocf": 430000000,
      "capex": null,
      "gross_margin": 0.3067694944301628,
      "op_margin": 0.09438119720896071,
      "fcf_margin": 0.05263802178969274,
      "incr_op_margin_yoy": 0.26700251889168763,
      "rev_growth_yoy": 0.05108080288214102,
      "rev_growth_yoy_accel": -0.018262262811289634,
      "fcf_margin_change": -0.011031508632809321
    }
  ],
  "signals": [
    {
      "quarter": "2025-10 (Q4)",
      "signal": "INCREMENTAL MARGIN (YoY)",
      "detail": "YoY Incr OPM: +26.7% vs year-ago OPM: +8.6%",
      "severity": "MEDIUM"
    },
    {
      "quarter": "2025-07 (Q3)",
      "signal": "OPERATING LEVERAGE",
      "detail": "Rev growth +11.5% vs OpEx growth +0.9% (leverage: 12.6x)",
      "severity": "MEDIUM"
    },
    {
      "quarter": "2025-07 (Q3)",
      "signal": "INCREMENTAL MARGIN (YoY)",
      "detail": "YoY Incr OPM: +20.7% vs year-ago OPM: +10.2%",
      "severity": "MEDIUM"
    },
    {
      "quarter": "2024-07 (Q3)",
      "signal": "OPERATING LEVERAGE",
      "detail": "Rev growth +8.7% vs OpEx growth +2.7% (leverage: 3.3x)",
      "severity": "MEDIUM"
    },
    {
      "quarter": "2024-04 (Q2)",
      "signal": "OPERATING LEVERAGE",
      "detail": "Rev growth +9.5% vs OpEx growth +3.5% (leverage: 2.7x)",
      "severity": "MEDIUM"
    }
  ],
  "data_quality": {
    "n_quarters": 9,
    "coverage": {
      "revenue": [
        9,
        9
      ],
      "gross_profit": [
        9,
        9
      ],
      "op_income": [
        9,
        9
      ],
      "fcf": [
        9,
        9
      ]
    },
    "gaps": [],
    "warnings": []
  },
  "market_cap": null,
  "source": "SEC EDGAR",
  "last_updated": "2026-02-02T19:59:51.274801",
  "sector": "Industrials",
  "industry": "Industrial Distribution"
}