{
  "ticker": "FFWM",
  "name": "FIRST FOUNDATION INC.",
  "quarters": [
    {
      "date": "2020-12-31T00:00:00",
      "quarter_label": "2020-12 (Q4)",
      "revenue": 7602000,
      "gross_profit": null,
      "operating_income": null,
      "net_income": 22366000,
      "opex": null,
      "cogs": null,
      "rd": null,
      "sga": null,
      "fcf": 16465000,
      "ocf": 17050000,
      "capex": -585000,
      "gross_margin": null,
      "op_margin": null,
      "fcf_margin": 2.1658774006840305
    },
    {
      "date": "2021-03-31T00:00:00",
      "quarter_label": "2021-03 (Q1)",
      "revenue": 8349000,
      "gross_profit": null,
      "operating_income": null,
      "net_income": 22355000,
      "opex": null,
      "cogs": null,
      "rd": null,
      "sga": null,
      "fcf": 31991000,
      "ocf": 32619000,
      "capex": -628000,
      "gross_margin": null,
      "op_margin": null,
      "fcf_margin": 3.8317163732183497,
      "fcf_margin_change": 1.6658389725343192
    },
    {
      "date": "2021-06-30T00:00:00",
      "quarter_label": "2021-06 (Q2)",
      "revenue": 8748000,
      "gross_profit": null,
      "operating_income": null,
      "net_income": 26054000,
      "opex": null,
      "cogs": null,
      "rd": null,
      "sga": null,
      "fcf": 6837000,
      "ocf": 8035000,
      "capex": -1198000,
      "gross_margin": null,
      "op_margin": null,
      "fcf_margin": 0.7815500685871056,
      "fcf_margin_change": -3.050166304631244
    },
    {
      "date": "2021-09-30T00:00:00",
      "quarter_label": "2021-09 (Q3)",
      "revenue": 9313000,
      "gross_profit": null,
      "operating_income": null,
      "net_income": 37226000,
      "opex": null,
      "cogs": null,
      "rd": null,
      "sga": null,
      "fcf": 28756000,
      "ocf": 29486000,
      "capex": -730000,
      "gross_margin": null,
      "op_margin": null,
      "fcf_margin": 3.087726833458606,
      "fcf_margin_change": 2.3061767648715006
    },
    {
      "date": "2021-12-31T00:00:00",
      "quarter_label": "2021-12 (Q4)",
      "revenue": 9612000,
      "gross_profit": null,
      "operating_income": null,
      "net_income": 23876000,
      "opex": null,
      "cogs": null,
      "rd": null,
      "sga": null,
      "fcf": 26144000,
      "ocf": 26795000,
      "capex": -651000,
      "gross_margin": null,
      "op_margin": null,
      "fcf_margin": 2.71993341656263,
      "rev_growth_yoy": 0.2644041041831097,
      "fcf_margin_change": -0.3677934168959762
    },
    {
      "date": "2022-03-31T00:00:00",
      "quarter_label": "2022-03 (Q1)",
      "revenue": 10197000,
      "gross_profit": null,
      "operating_income": null,
      "net_income": 30836000,
      "opex": null,
      "cogs": null,
      "rd": null,
      "sga": null,
      "fcf": 39117000,
      "ocf": 40339000,
      "capex": -1222000,
      "gross_margin": null,
      "op_margin": null,
      "fcf_margin": 3.836128273021477,
      "rev_growth_yoy": 0.22134387351778656,
      "rev_growth_yoy_accel": -0.04306023066532316,
      "fcf_margin_change": 1.116194856458847
    },
    {
      "date": "2022-06-30T00:00:00",
      "quarter_label": "2022-06 (Q2)",
      "revenue": 9893000,
      "gross_profit": null,
      "operating_income": null,
      "net_income": 33316000,
      "opex": null,
      "cogs": null,
      "rd": null,
      "sga": null,
      "fcf": 27720000,
      "ocf": 30021000,
      "capex": -2301000,
      "gross_margin": null,
      "op_margin": null,
      "fcf_margin": 2.8019811988274537,
      "rev_growth_yoy": 0.13088705989940558,
      "rev_growth_yoy_accel": -0.09045681361838098,
      "fcf_margin_change": -1.0341470741940233
    },
    {
      "date": "2022-09-30T00:00:00",
      "quarter_label": "2022-09 (Q3)",
      "revenue": 8975000,
      "gross_profit": null,
      "operating_income": null,
      "net_income": 29006000,
      "opex": null,
      "cogs": null,
      "rd": null,
      "sga": null,
      "fcf": 29397000,
      "ocf": 29881000,
      "capex": -484000,
      "gross_margin": null,
      "op_margin": null,
      "fcf_margin": 3.275431754874652,
      "rev_growth_yoy": -0.03629335337699989,
      "rev_growth_yoy_accel": -0.16718041327640548,
      "fcf_margin_change": 0.4734505560471982
    },
    {
      "date": "2022-12-31T00:00:00",
      "quarter_label": "2022-12 (Q4)",
      "revenue": 9722000,
      "gross_profit": null,
      "operating_income": null,
      "net_income": 17354000,
      "opex": null,
      "cogs": null,
      "rd": null,
      "sga": null,
      "fcf": 673000,
      "ocf": 1249000,
      "capex": -576000,
      "gross_margin": null,
      "op_margin": null,
      "fcf_margin": 0.06922443941575808,
      "rev_growth_yoy": 0.011444028297960882,
      "rev_growth_yoy_accel": 0.04773738167496077,
      "fcf_margin_change": -3.2062073154588937
    },
    {
      "date": "2023-03-31T00:00:00",
      "quarter_label": "2023-03 (Q1)",
      "revenue": 8796000,
      "gross_profit": null,
      "operating_income": null,
      "net_income": 8496000,
      "opex": null,
      "cogs": null,
      "rd": null,
      "sga": null,
      "fcf": 7291000,
      "ocf": 9785000,
      "capex": -2494000,
      "gross_margin": null,
      "op_margin": null,
      "fcf_margin": 0.8288994997726239,
      "rev_growth_yoy": -0.137393350985584,
      "rev_growth_yoy_accel": -0.14883737928354487,
      "fcf_margin_change": 0.7596750603568658
    },
    {
      "date": "2023-06-30T00:00:00",
      "quarter_label": "2023-06 (Q2)",
      "revenue": 9016000,
      "gross_profit": null,
      "operating_income": null,
      "net_income": -212288000,
      "opex": 57512000,
      "cogs": null,
      "rd": null,
      "sga": null,
      "fcf": 16434000,
      "ocf": 16543000,
      "capex": -109000,
      "gross_margin": null,
      "op_margin": null,
      "fcf_margin": 1.822759538598048,
      "rev_growth_yoy": -0.08864853937127262,
      "rev_growth_yoy_accel": 0.04874481161431138,
      "fcf_margin_change": 0.9938600388254241
    },
    {
      "date": "2023-09-30T00:00:00",
      "quarter_label": "2023-09 (Q3)",
      "revenue": 8812000,
      "gross_profit": null,
      "operating_income": null,
      "net_income": 2180000,
      "opex": 64206000,
      "cogs": null,
      "rd": null,
      "sga": null,
      "fcf": 12160000,
      "ocf": 15860000,
      "capex": -3700000,
      "gross_margin": null,
      "op_margin": null,
      "fcf_margin": 1.3799364502950522,
      "rev_growth_yoy": -0.018161559888579388,
      "rev_growth_yoy_accel": 0.07048697948269324,
      "fcf_margin_change": -0.44282308830299577
    },
    {
      "date": "2023-12-31T00:00:00",
      "quarter_label": "2023-12 (Q4)",
      "revenue": 8648000,
      "gross_profit": null,
      "operating_income": null,
      "net_income": 2548000,
      "opex": 55892000,
      "cogs": null,
      "rd": null,
      "sga": null,
      "fcf": -36172000,
      "ocf": -34264000,
      "capex": -1908000,
      "gross_margin": null,
      "op_margin": null,
      "fcf_margin": -4.182701202590194,
      "rev_growth_yoy": -0.11047109648220531,
      "rev_growth_yoy_accel": -0.09230953659362592,
      "fcf_margin_change": -5.562637652885247
    },
    {
      "date": "2024-03-31T00:00:00",
      "quarter_label": "2024-03 (Q1)",
      "revenue": 8614000,
      "gross_profit": null,
      "operating_income": null,
      "net_income": 793000,
      "opex": null,
      "cogs": null,
      "rd": null,
      "sga": null,
      "fcf": 5926000,
      "ocf": 7211000,
      "capex": -1285000,
      "gross_margin": null,
      "op_margin": null,
      "fcf_margin": 0.6879498490828884,
      "rev_growth_yoy": -0.020691223283310595,
      "rev_growth_yoy_accel": 0.08977987319889472,
      "fcf_margin_change": 4.870651051673082
    },
    {
      "date": "2024-06-30T00:00:00",
      "quarter_label": "2024-06 (Q2)",
      "revenue": 9183000,
      "gross_profit": null,
      "operating_income": null,
      "net_income": 3085000,
      "opex": null,
      "cogs": null,
      "rd": null,
      "sga": null,
      "fcf": -9373000,
      "ocf": -9122000,
      "capex": -251000,
      "gross_margin": null,
      "op_margin": null,
      "fcf_margin": -1.0206904061853426,
      "rev_growth_yoy": 0.0185226264418811,
      "rev_growth_yoy_accel": 0.03921384972519169,
      "fcf_margin_change": -1.708640255268231
    },
    {
      "date": "2024-09-30T00:00:00",
      "quarter_label": "2024-09 (Q3)",
      "revenue": 9162000,
      "gross_profit": null,
      "operating_income": null,
      "net_income": -82174000,
      "opex": null,
      "cogs": null,
      "rd": null,
      "sga": null,
      "fcf": 13391000,
      "ocf": 14217000,
      "capex": -826000,
      "gross_margin": null,
      "op_margin": null,
      "fcf_margin": 1.4615804409517572,
      "rev_growth_yoy": 0.039718565592374036,
      "rev_growth_yoy_accel": 0.021195939150492935,
      "fcf_margin_change": 2.4822708471371
    },
    {
      "date": "2024-12-31T00:00:00",
      "quarter_label": "2024-12 (Q4)",
      "revenue": 9270000,
      "gross_profit": null,
      "operating_income": null,
      "net_income": -14111000,
      "opex": null,
      "cogs": null,
      "rd": null,
      "sga": null,
      "fcf": -21454000,
      "ocf": -21090000,
      "capex": -364000,
      "gross_margin": null,
      "op_margin": null,
      "fcf_margin": -2.3143473570658037,
      "rev_growth_yoy": 0.07192414431082331,
      "rev_growth_yoy_accel": 0.03220557871844927,
      "fcf_margin_change": -3.7759277980175607
    },
    {
      "date": "2025-03-31T00:00:00",
      "quarter_label": "2025-03 (Q1)",
      "revenue": 8919000,
      "gross_profit": null,
      "operating_income": null,
      "net_income": 6896000,
      "opex": null,
      "cogs": null,
      "rd": null,
      "sga": null,
      "fcf": -2517000,
      "ocf": -552000,
      "capex": -1965000,
      "gross_margin": null,
      "op_margin": null,
      "fcf_margin": -0.2822065253952237,
      "rev_growth_yoy": 0.03540747620153239,
      "rev_growth_yoy_accel": -0.03651666810929092,
      "fcf_margin_change": 2.03214083167058
    },
    {
      "date": "2025-06-30T00:00:00",
      "quarter_label": "2025-06 (Q2)",
      "revenue": 8601000,
      "gross_profit": null,
      "operating_income": null,
      "net_income": -7690000,
      "opex": null,
      "cogs": null,
      "rd": null,
      "sga": null,
      "fcf": -16678000,
      "ocf": -16256000,
      "capex": -422000,
      "gross_margin": null,
      "op_margin": null,
      "fcf_margin": -1.939076851528892,
      "rev_growth_yoy": -0.06337798105194381,
      "rev_growth_yoy_accel": -0.0987854572534762,
      "fcf_margin_change": -1.6568703261336684
    },
    {
      "date": "2025-09-30T00:00:00",
      "quarter_label": "2025-09 (Q3)",
      "revenue": 8638000,
      "gross_profit": null,
      "operating_income": null,
      "net_income": -146323000,
      "opex": null,
      "cogs": null,
      "rd": null,
      "sga": null,
      "fcf": 8555000,
      "ocf": 9175000,
      "capex": -620000,
      "gross_margin": null,
      "op_margin": null,
      "fcf_margin": 0.9903912942810836,
      "rev_growth_yoy": -0.057192752674088625,
      "rev_growth_yoy_accel": 0.006185228377855186,
      "fcf_margin_change": 2.9294681458099756
    }
  ],
  "signals": [
    {
      "quarter": "2025-09 (Q3)",
      "signal": "FCF TURNED POSITIVE",
      "detail": "FCF margin: -193.9% -> +99.0%",
      "severity": "HIGH"
    },
    {
      "quarter": "2025-06 (Q2)",
      "signal": "YoY REVENUE GROWTH DECELERATION",
      "detail": "YoY growth: -6.3% vs prior quarter YoY: +3.5% (decel: -9.9%)",
      "severity": "WARNING"
    },
    {
      "quarter": "2025-03 (Q1)",
      "signal": "FCF MARGIN EXPANSION",
      "detail": "FCF margin: -231.4% -> -28.2% (+203.2%)",
      "severity": "MEDIUM"
    },
    {
      "quarter": "2024-09 (Q3)",
      "signal": "FCF TURNED POSITIVE",
      "detail": "FCF margin: -102.1% -> +146.2%",
      "severity": "HIGH"
    },
    {
      "quarter": "2024-03 (Q1)",
      "signal": "FCF TURNED POSITIVE",
      "detail": "FCF margin: -418.3% -> +68.8%",
      "severity": "HIGH"
    },
    {
      "quarter": "2024-03 (Q1)",
      "signal": "YoY REVENUE GROWTH ACCELERATION",
      "detail": "YoY growth: -2.1% vs prior quarter YoY: -11.0% (accel: +9.0%)",
      "severity": "MEDIUM"
    },
    {
      "quarter": "2023-12 (Q4)",
      "signal": "YoY REVENUE GROWTH DECELERATION",
      "detail": "YoY growth: -11.0% vs prior quarter YoY: -1.8% (decel: -9.2%)",
      "severity": "WARNING"
    },
    {
      "quarter": "2023-09 (Q3)",
      "signal": "YoY REVENUE GROWTH ACCELERATION",
      "detail": "YoY growth: -1.8% vs prior quarter YoY: -8.9% (accel: +7.0%)",
      "severity": "MEDIUM"
    },
    {
      "quarter": "2023-06 (Q2)",
      "signal": "FCF MARGIN EXPANSION",
      "detail": "FCF margin: +82.9% -> +182.3% (+99.4%)",
      "severity": "MEDIUM"
    },
    {
      "quarter": "2023-03 (Q1)",
      "signal": "FCF MARGIN EXPANSION",
      "detail": "FCF margin: +6.9% -> +82.9% (+76.0%)",
      "severity": "MEDIUM"
    },
    {
      "quarter": "2023-03 (Q1)",
      "signal": "YoY REVENUE GROWTH DECELERATION",
      "detail": "YoY growth: -13.7% vs prior quarter YoY: +1.1% (decel: -14.9%)",
      "severity": "WARNING"
    },
    {
      "quarter": "2022-09 (Q3)",
      "signal": "FCF MARGIN EXPANSION",
      "detail": "FCF margin: +280.2% -> +327.5% (+47.3%)",
      "severity": "MEDIUM"
    },
    {
      "quarter": "2022-09 (Q3)",
      "signal": "YoY REVENUE GROWTH DECELERATION",
      "detail": "YoY growth: -3.6% vs prior quarter YoY: +13.1% (decel: -16.7%)",
      "severity": "WARNING"
    },
    {
      "quarter": "2022-06 (Q2)",
      "signal": "YoY REVENUE GROWTH DECELERATION",
      "detail": "YoY growth: +13.1% vs prior quarter YoY: +22.1% (decel: -9.0%)",
      "severity": "WARNING"
    },
    {
      "quarter": "2022-03 (Q1)",
      "signal": "FCF MARGIN EXPANSION",
      "detail": "FCF margin: +272.0% -> +383.6% (+111.6%)",
      "severity": "MEDIUM"
    },
    {
      "quarter": "2021-09 (Q3)",
      "signal": "FCF MARGIN EXPANSION",
      "detail": "FCF margin: +78.2% -> +308.8% (+230.6%)",
      "severity": "MEDIUM"
    },
    {
      "quarter": "2021-03 (Q1)",
      "signal": "FCF MARGIN EXPANSION",
      "detail": "FCF margin: +216.6% -> +383.2% (+166.6%)",
      "severity": "MEDIUM"
    }
  ],
  "data_quality": {
    "n_quarters": 20,
    "coverage": {
      "revenue": [
        20,
        20
      ],
      "gross_profit": [
        0,
        20
      ],
      "op_income": [
        0,
        20
      ],
      "fcf": [
        20,
        20
      ]
    },
    "gaps": [],
    "warnings": [
      "gross_profit: no data",
      "op_income: no data"
    ]
  },
  "market_cap": null,
  "source": "SEC EDGAR",
  "last_updated": "2026-02-02T22:24:09.986113",
  "sector": "Financial Services",
  "industry": "Banks - Regional"
}