{
  "ticker": "FGN",
  "name": "F&G Annuities & Life, Inc.",
  "quarters": [
    {
      "date": "2022-03-31T00:00:00",
      "quarter_label": "2022-03 (Q1)",
      "revenue": 750000000,
      "gross_profit": null,
      "operating_income": null,
      "net_income": 239000000,
      "opex": null,
      "cogs": null,
      "rd": null,
      "sga": null,
      "fcf": 423000000,
      "ocf": 423000000,
      "capex": null,
      "gross_margin": null,
      "op_margin": null,
      "fcf_margin": 0.564
    },
    {
      "date": "2022-06-30T00:00:00",
      "quarter_label": "2022-06 (Q2)",
      "revenue": 70000000,
      "gross_profit": null,
      "operating_income": null,
      "net_income": 385000000,
      "opex": null,
      "cogs": null,
      "rd": null,
      "sga": null,
      "fcf": 305000000,
      "ocf": 305000000,
      "capex": null,
      "gross_margin": null,
      "op_margin": null,
      "fcf_margin": 4.357142857142857,
      "fcf_margin_change": 3.7931428571428567
    },
    {
      "date": "2022-09-30T00:00:00",
      "quarter_label": "2022-09 (Q3)",
      "revenue": 902000000,
      "gross_profit": null,
      "operating_income": null,
      "net_income": 187000000,
      "opex": null,
      "cogs": null,
      "rd": null,
      "sga": null,
      "fcf": 1160000000,
      "ocf": 1160000000,
      "capex": null,
      "gross_margin": null,
      "op_margin": null,
      "fcf_margin": 1.2860310421286032,
      "fcf_margin_change": -3.0711118150142536
    },
    {
      "date": "2022-12-31T00:00:00",
      "quarter_label": "2022-12 (Q4)",
      "revenue": 618000000,
      "gross_profit": null,
      "operating_income": null,
      "net_income": -330000000,
      "opex": null,
      "cogs": null,
      "rd": null,
      "sga": null,
      "fcf": 1283000000,
      "ocf": 1283000000,
      "capex": null,
      "gross_margin": null,
      "op_margin": null,
      "fcf_margin": 2.076051779935275,
      "fcf_margin_change": 0.7900207378066719
    },
    {
      "date": "2023-03-31T00:00:00",
      "quarter_label": "2023-03 (Q1)",
      "revenue": 869000000,
      "gross_profit": null,
      "operating_income": null,
      "net_income": -195000000,
      "opex": null,
      "cogs": null,
      "rd": null,
      "sga": null,
      "fcf": 1437000000,
      "ocf": 1437000000,
      "capex": null,
      "gross_margin": null,
      "op_margin": null,
      "fcf_margin": 1.6536248561565017,
      "rev_growth_yoy": 0.15866666666666668,
      "fcf_margin_change": -0.42242692377877344
    },
    {
      "date": "2023-06-30T00:00:00",
      "quarter_label": "2023-06 (Q2)",
      "revenue": 1168000000,
      "gross_profit": null,
      "operating_income": null,
      "net_income": 130000000,
      "opex": null,
      "cogs": null,
      "rd": null,
      "sga": null,
      "fcf": 1380000000,
      "ocf": 1380000000,
      "capex": null,
      "gross_margin": null,
      "op_margin": null,
      "fcf_margin": 1.1815068493150684,
      "rev_growth_yoy": 15.685714285714285,
      "rev_growth_yoy_accel": 15.527047619047618,
      "fcf_margin_change": -0.47211800684143324
    },
    {
      "date": "2023-09-30T00:00:00",
      "quarter_label": "2023-09 (Q3)",
      "revenue": 851000000,
      "gross_profit": null,
      "operating_income": null,
      "net_income": 306000000,
      "opex": null,
      "cogs": null,
      "rd": null,
      "sga": null,
      "fcf": 795000000,
      "ocf": 795000000,
      "capex": null,
      "gross_margin": null,
      "op_margin": null,
      "fcf_margin": 0.9341950646298472,
      "rev_growth_yoy": -0.0565410199556541,
      "rev_growth_yoy_accel": -15.74225530566994,
      "fcf_margin_change": -0.2473117846852212
    },
    {
      "date": "2023-12-31T00:00:00",
      "quarter_label": "2023-12 (Q4)",
      "revenue": 1612000000,
      "gross_profit": null,
      "operating_income": null,
      "net_income": -299000000,
      "opex": null,
      "cogs": null,
      "rd": null,
      "sga": null,
      "fcf": 2222000000,
      "ocf": 2222000000,
      "capex": null,
      "gross_margin": null,
      "op_margin": null,
      "fcf_margin": 1.3784119106699753,
      "rev_growth_yoy": 1.6084142394822007,
      "rev_growth_yoy_accel": 1.664955259437855,
      "fcf_margin_change": 0.444216846040128
    },
    {
      "date": "2024-03-31T00:00:00",
      "quarter_label": "2024-03 (Q1)",
      "revenue": 1569000000,
      "gross_profit": null,
      "operating_income": null,
      "net_income": 115000000,
      "opex": null,
      "cogs": null,
      "rd": null,
      "sga": null,
      "fcf": 1534000000,
      "ocf": 1534000000,
      "capex": null,
      "gross_margin": null,
      "op_margin": null,
      "fcf_margin": 0.9776927979604844,
      "rev_growth_yoy": 0.8055235903337169,
      "rev_growth_yoy_accel": -0.8028906491484838,
      "fcf_margin_change": -0.4007191127094909
    },
    {
      "date": "2024-06-30T00:00:00",
      "quarter_label": "2024-06 (Q2)",
      "revenue": 1172000000,
      "gross_profit": null,
      "operating_income": null,
      "net_income": 203000000,
      "opex": null,
      "cogs": null,
      "rd": null,
      "sga": null,
      "fcf": 1055000000,
      "ocf": 1055000000,
      "capex": null,
      "gross_margin": null,
      "op_margin": null,
      "fcf_margin": 0.9001706484641638,
      "rev_growth_yoy": 0.003424657534246575,
      "rev_growth_yoy_accel": -0.8020989327994703,
      "fcf_margin_change": -0.07752214949632052
    },
    {
      "date": "2024-09-30T00:00:00",
      "quarter_label": "2024-09 (Q3)",
      "revenue": 1444000000,
      "gross_profit": null,
      "operating_income": null,
      "net_income": -6000000,
      "opex": null,
      "cogs": null,
      "rd": null,
      "sga": null,
      "fcf": 2090000000,
      "ocf": 2090000000,
      "capex": null,
      "gross_margin": null,
      "op_margin": null,
      "fcf_margin": 1.4473684210526316,
      "rev_growth_yoy": 0.6968272620446534,
      "rev_growth_yoy_accel": 0.6934026045104068,
      "fcf_margin_change": 0.5471977725884678
    },
    {
      "date": "2024-12-31T00:00:00",
      "quarter_label": "2024-12 (Q4)",
      "revenue": 1559000000,
      "gross_profit": null,
      "operating_income": null,
      "net_income": 327000000,
      "opex": null,
      "cogs": null,
      "rd": null,
      "sga": null,
      "fcf": 1320000000,
      "ocf": 1320000000,
      "capex": null,
      "gross_margin": null,
      "op_margin": null,
      "fcf_margin": 0.846696600384862,
      "rev_growth_yoy": -0.03287841191066997,
      "rev_growth_yoy_accel": -0.7297056739553234,
      "fcf_margin_change": -0.6006718206677696
    },
    {
      "date": "2025-03-31T00:00:00",
      "quarter_label": "2025-03 (Q1)",
      "revenue": 908000000,
      "gross_profit": null,
      "operating_income": null,
      "net_income": -21000000,
      "opex": null,
      "cogs": null,
      "rd": null,
      "sga": null,
      "fcf": 956000000,
      "ocf": 956000000,
      "capex": null,
      "gross_margin": null,
      "op_margin": null,
      "fcf_margin": 1.052863436123348,
      "rev_growth_yoy": -0.4212874442319949,
      "rev_growth_yoy_accel": -0.3884090323213249,
      "fcf_margin_change": 0.20616683573848593
    },
    {
      "date": "2025-06-30T00:00:00",
      "quarter_label": "2025-06 (Q2)",
      "revenue": 1364000000,
      "gross_profit": null,
      "operating_income": null,
      "net_income": 40000000,
      "opex": null,
      "cogs": null,
      "rd": null,
      "sga": null,
      "fcf": 1620000000,
      "ocf": 1620000000,
      "capex": null,
      "gross_margin": null,
      "op_margin": null,
      "fcf_margin": 1.187683284457478,
      "rev_growth_yoy": 0.16382252559726962,
      "rev_growth_yoy_accel": 0.5851099698292646,
      "fcf_margin_change": 0.13481984833413008
    },
    {
      "date": "2025-09-30T00:00:00",
      "quarter_label": "2025-09 (Q3)",
      "revenue": 1694000000,
      "gross_profit": null,
      "operating_income": null,
      "net_income": 118000000,
      "opex": null,
      "cogs": null,
      "rd": null,
      "sga": null,
      "fcf": 937000000,
      "ocf": 937000000,
      "capex": null,
      "gross_margin": null,
      "op_margin": null,
      "fcf_margin": 0.5531286894923259,
      "rev_growth_yoy": 0.1731301939058172,
      "rev_growth_yoy_accel": 0.009307668308547568,
      "fcf_margin_change": -0.6345545949651522
    }
  ],
  "signals": [
    {
      "quarter": "2025-06 (Q2)",
      "signal": "FCF MARGIN EXPANSION",
      "detail": "FCF margin: +105.3% -> +118.8% (+13.5%)",
      "severity": "MEDIUM"
    },
    {
      "quarter": "2025-06 (Q2)",
      "signal": "YoY REVENUE GROWTH ACCELERATION",
      "detail": "YoY growth: +16.4% vs prior quarter YoY: -42.1% (accel: +58.5%)",
      "severity": "HIGH"
    },
    {
      "quarter": "2025-03 (Q1)",
      "signal": "FCF MARGIN EXPANSION",
      "detail": "FCF margin: +84.7% -> +105.3% (+20.6%)",
      "severity": "MEDIUM"
    },
    {
      "quarter": "2025-03 (Q1)",
      "signal": "YoY REVENUE GROWTH DECELERATION",
      "detail": "YoY growth: -42.1% vs prior quarter YoY: -3.3% (decel: -38.8%)",
      "severity": "WARNING"
    },
    {
      "quarter": "2024-12 (Q4)",
      "signal": "YoY REVENUE GROWTH DECELERATION",
      "detail": "YoY growth: -3.3% vs prior quarter YoY: +69.7% (decel: -73.0%)",
      "severity": "WARNING"
    },
    {
      "quarter": "2024-09 (Q3)",
      "signal": "FCF MARGIN EXPANSION",
      "detail": "FCF margin: +90.0% -> +144.7% (+54.7%)",
      "severity": "MEDIUM"
    },
    {
      "quarter": "2024-09 (Q3)",
      "signal": "YoY REVENUE GROWTH ACCELERATION",
      "detail": "YoY growth: +69.7% vs prior quarter YoY: +0.3% (accel: +69.3%)",
      "severity": "HIGH"
    },
    {
      "quarter": "2024-06 (Q2)",
      "signal": "YoY REVENUE GROWTH DECELERATION",
      "detail": "YoY growth: +0.3% vs prior quarter YoY: +80.6% (decel: -80.2%)",
      "severity": "WARNING"
    },
    {
      "quarter": "2024-03 (Q1)",
      "signal": "YoY REVENUE GROWTH DECELERATION",
      "detail": "YoY growth: +80.6% vs prior quarter YoY: +160.8% (decel: -80.3%)",
      "severity": "WARNING"
    },
    {
      "quarter": "2023-12 (Q4)",
      "signal": "FCF MARGIN EXPANSION",
      "detail": "FCF margin: +93.4% -> +137.8% (+44.4%)",
      "severity": "MEDIUM"
    },
    {
      "quarter": "2023-12 (Q4)",
      "signal": "YoY REVENUE GROWTH ACCELERATION",
      "detail": "YoY growth: +160.8% vs prior quarter YoY: -5.7% (accel: +166.5%)",
      "severity": "HIGH"
    },
    {
      "quarter": "2023-09 (Q3)",
      "signal": "YoY REVENUE GROWTH DECELERATION",
      "detail": "YoY growth: -5.7% vs prior quarter YoY: +1568.6% (decel: -1574.2%)",
      "severity": "WARNING"
    },
    {
      "quarter": "2023-06 (Q2)",
      "signal": "YoY REVENUE GROWTH ACCELERATION",
      "detail": "YoY growth: +1568.6% vs prior quarter YoY: +15.9% (accel: +1552.7%)",
      "severity": "HIGH"
    },
    {
      "quarter": "2022-12 (Q4)",
      "signal": "FCF MARGIN EXPANSION",
      "detail": "FCF margin: +128.6% -> +207.6% (+79.0%)",
      "severity": "MEDIUM"
    },
    {
      "quarter": "2022-06 (Q2)",
      "signal": "FCF MARGIN EXPANSION",
      "detail": "FCF margin: +56.4% -> +435.7% (+379.3%)",
      "severity": "MEDIUM"
    }
  ],
  "data_quality": {
    "n_quarters": 15,
    "coverage": {
      "revenue": [
        15,
        15
      ],
      "gross_profit": [
        0,
        15
      ],
      "op_income": [
        0,
        15
      ],
      "fcf": [
        15,
        15
      ]
    },
    "gaps": [],
    "warnings": [
      "gross_profit: no data",
      "op_income: no data"
    ]
  },
  "market_cap": null,
  "source": "SEC EDGAR",
  "last_updated": "2026-02-03T01:13:23.051664"
}