{
  "ticker": "FGNXP",
  "name": "FG NEXUS INC.",
  "quarters": [
    {
      "date": "2020-12-31T00:00:00",
      "quarter_label": "2020-12 (Q4)",
      "revenue": -17235000,
      "gross_profit": null,
      "operating_income": null,
      "net_income": -1999000,
      "opex": 1756000,
      "cogs": null,
      "rd": null,
      "sga": null,
      "fcf": -1608000,
      "ocf": -1598000,
      "capex": -10000,
      "gross_margin": null,
      "op_margin": null,
      "fcf_margin": 0.09329852045256745
    },
    {
      "date": "2021-03-31T00:00:00",
      "quarter_label": "2021-03 (Q1)",
      "revenue": 185000,
      "gross_profit": null,
      "operating_income": null,
      "net_income": 34000,
      "opex": 2202000,
      "cogs": null,
      "rd": null,
      "sga": null,
      "fcf": -3603000,
      "ocf": -3599000,
      "capex": -4000,
      "gross_margin": null,
      "op_margin": null,
      "fcf_margin": -19.475675675675674,
      "fcf_margin_change": -19.56897419612824
    },
    {
      "date": "2021-06-30T00:00:00",
      "quarter_label": "2021-06 (Q2)",
      "revenue": 962000,
      "gross_profit": null,
      "operating_income": null,
      "net_income": -227000,
      "opex": 2762000,
      "cogs": null,
      "rd": null,
      "sga": null,
      "fcf": -2257000,
      "ocf": -2255000,
      "capex": -2000,
      "gross_margin": null,
      "op_margin": null,
      "fcf_margin": -2.3461538461538463,
      "op_leverage_ratio": 16.515,
      "fcf_margin_change": 17.129521829521828
    },
    {
      "date": "2021-09-30T00:00:00",
      "quarter_label": "2021-09 (Q3)",
      "revenue": 1165000,
      "gross_profit": null,
      "operating_income": null,
      "net_income": -4962000,
      "opex": 4260000,
      "cogs": null,
      "rd": null,
      "sga": null,
      "fcf": -4544000,
      "ocf": -4540000,
      "capex": -4000,
      "gross_margin": null,
      "op_margin": null,
      "fcf_margin": -3.900429184549356,
      "op_leverage_ratio": 0.38907455262595453,
      "fcf_margin_change": -1.55427533839551
    },
    {
      "date": "2021-12-31T00:00:00",
      "quarter_label": "2021-12 (Q4)",
      "revenue": 2497000,
      "gross_profit": null,
      "operating_income": null,
      "net_income": null,
      "opex": 5704000,
      "cogs": null,
      "rd": null,
      "sga": null,
      "fcf": -4016000,
      "ocf": -4012000,
      "capex": -4000,
      "gross_margin": null,
      "op_margin": null,
      "fcf_margin": -1.6083299959951942,
      "op_leverage_ratio": 3.3730338948795078,
      "fcf_margin_change": 2.292099188554162
    },
    {
      "date": "2022-03-31T00:00:00",
      "quarter_label": "2022-03 (Q1)",
      "revenue": 2473000,
      "gross_profit": null,
      "operating_income": null,
      "net_income": -3823000,
      "opex": 3975000,
      "cogs": null,
      "rd": null,
      "sga": null,
      "fcf": -979000,
      "ocf": -978000,
      "capex": -1000,
      "gross_margin": null,
      "op_margin": null,
      "fcf_margin": -0.3958754549130611,
      "rev_growth_yoy": 12.367567567567567,
      "fcf_margin_change": 1.212454541082133
    },
    {
      "date": "2022-06-30T00:00:00",
      "quarter_label": "2022-06 (Q2)",
      "revenue": 735000,
      "gross_profit": null,
      "operating_income": null,
      "net_income": -5478000,
      "opex": 4743000,
      "cogs": null,
      "rd": null,
      "sga": null,
      "fcf": -92000,
      "ocf": -36000,
      "capex": -56000,
      "gross_margin": null,
      "op_margin": null,
      "fcf_margin": -0.1251700680272109,
      "rev_growth_yoy": -0.23596673596673598,
      "rev_growth_yoy_accel": -12.603534303534303,
      "fcf_margin_change": 0.2707053868858502
    },
    {
      "date": "2022-09-30T00:00:00",
      "quarter_label": "2022-09 (Q3)",
      "revenue": 15771000,
      "gross_profit": null,
      "operating_income": null,
      "net_income": 10255000,
      "opex": 5516000,
      "cogs": null,
      "rd": null,
      "sga": null,
      "fcf": -2947000,
      "ocf": -2927000,
      "capex": -20000,
      "gross_margin": null,
      "op_margin": null,
      "fcf_margin": -0.18686196182867287,
      "rev_growth_yoy": 12.537339055793991,
      "rev_growth_yoy_accel": 12.773305791760727,
      "op_leverage_ratio": 125.52164110145998,
      "fcf_margin_change": -0.06169189380146198
    },
    {
      "date": "2022-12-31T00:00:00",
      "quarter_label": "2022-12 (Q4)",
      "revenue": 4906000,
      "gross_profit": null,
      "operating_income": null,
      "net_income": null,
      "opex": 4773000,
      "cogs": null,
      "rd": null,
      "sga": null,
      "fcf": -7085000,
      "ocf": -7081000,
      "capex": -4000,
      "gross_margin": null,
      "op_margin": null,
      "fcf_margin": -1.4441500203832043,
      "rev_growth_yoy": 0.9647577092511013,
      "rev_growth_yoy_accel": -11.57258134654289,
      "fcf_margin_change": -1.2572880585545314
    },
    {
      "date": "2023-03-31T00:00:00",
      "quarter_label": "2023-03 (Q1)",
      "revenue": 10109000,
      "gross_profit": null,
      "operating_income": -4129000,
      "net_income": null,
      "opex": 5177000,
      "cogs": null,
      "rd": null,
      "sga": null,
      "fcf": -528000,
      "ocf": -528000,
      "capex": null,
      "gross_margin": null,
      "op_margin": -0.4084479176971016,
      "fcf_margin": -0.05223068552774755,
      "rev_growth_yoy": 3.087747674888799,
      "rev_growth_yoy_accel": 2.1229899656376974,
      "op_leverage_ratio": 12.529575323003154,
      "fcf_margin_change": 1.3919193348554568
    },
    {
      "date": "2023-06-30T00:00:00",
      "quarter_label": "2023-06 (Q2)",
      "revenue": 7026000,
      "gross_profit": null,
      "operating_income": -6206000,
      "net_income": null,
      "opex": 5109000,
      "cogs": null,
      "rd": null,
      "sga": null,
      "fcf": -2058000,
      "ocf": -2058000,
      "capex": null,
      "gross_margin": null,
      "op_margin": -0.883290634785084,
      "fcf_margin": -0.2929120409906063,
      "rev_growth_yoy": 8.559183673469388,
      "rev_growth_yoy_accel": 5.4714359985805885,
      "fcf_margin_change": -0.24068135546285874
    },
    {
      "date": "2023-09-30T00:00:00",
      "quarter_label": "2023-09 (Q3)",
      "revenue": 6731000,
      "gross_profit": null,
      "operating_income": -4047000,
      "net_income": null,
      "opex": 5549000,
      "cogs": null,
      "rd": null,
      "sga": null,
      "fcf": -840000,
      "ocf": -840000,
      "capex": null,
      "gross_margin": null,
      "op_margin": -0.6012479572128956,
      "fcf_margin": -0.12479572128955578,
      "rev_growth_yoy": -0.5732039819922643,
      "rev_growth_yoy_accel": -9.132387655461653,
      "fcf_margin_change": 0.1681163197010505
    },
    {
      "date": "2023-12-31T00:00:00",
      "quarter_label": "2023-12 (Q4)",
      "revenue": 6097000,
      "gross_profit": null,
      "operating_income": -1299000,
      "net_income": null,
      "opex": 7162000,
      "cogs": null,
      "rd": null,
      "sga": null,
      "fcf": 3582000,
      "ocf": 3582000,
      "capex": null,
      "gross_margin": null,
      "op_margin": -0.2130556011153026,
      "fcf_margin": 0.5875020501886173,
      "rev_growth_yoy": 0.2427639624949042,
      "rev_growth_yoy_accel": 0.8159679444871685,
      "fcf_margin_change": 0.7122977714781731
    },
    {
      "date": "2024-03-31T00:00:00",
      "quarter_label": "2024-03 (Q1)",
      "revenue": 11267000,
      "gross_profit": null,
      "operating_income": -5932000,
      "net_income": null,
      "opex": 14575000,
      "cogs": null,
      "rd": null,
      "sga": 1121000,
      "fcf": -1030000,
      "ocf": -1030000,
      "capex": null,
      "gross_margin": null,
      "op_margin": -0.526493299014822,
      "fcf_margin": -0.09141741368598562,
      "incr_op_margin_yoy": -1.5569948186528497,
      "rev_growth_yoy": 0.11455138985062815,
      "rev_growth_yoy_accel": -0.12821257264427605,
      "op_leverage_ratio": 0.8192466319878632,
      "fcf_margin_change": -0.678919463874603
    },
    {
      "date": "2024-06-30T00:00:00",
      "quarter_label": "2024-06 (Q2)",
      "revenue": 8188000,
      "gross_profit": null,
      "operating_income": -6053000,
      "net_income": null,
      "opex": 13927000,
      "cogs": null,
      "rd": null,
      "sga": 1145000,
      "fcf": -3202000,
      "ocf": -3202000,
      "capex": null,
      "gross_margin": null,
      "op_margin": -0.7392525647288715,
      "fcf_margin": -0.3910600879335613,
      "incr_op_margin_yoy": 0.1316695352839931,
      "rev_growth_yoy": 0.16538571021918588,
      "rev_growth_yoy_accel": 0.05083432036855773,
      "fcf_margin_change": -0.2996426742475757
    },
    {
      "date": "2024-09-30T00:00:00",
      "quarter_label": "2024-09 (Q3)",
      "revenue": 8796000,
      "gross_profit": null,
      "operating_income": -5088000,
      "net_income": null,
      "opex": 15541000,
      "cogs": null,
      "rd": null,
      "sga": null,
      "fcf": 484000,
      "ocf": 484000,
      "capex": null,
      "gross_margin": null,
      "op_margin": -0.5784447476125512,
      "fcf_margin": 0.055025011368804,
      "incr_op_margin_yoy": -0.5041162227602906,
      "rev_growth_yoy": 0.30678948150349133,
      "rev_growth_yoy_accel": 0.14140377128430545,
      "op_leverage_ratio": 0.6407369808266578,
      "fcf_margin_change": 0.4460850993023653
    },
    {
      "date": "2024-12-31T00:00:00",
      "quarter_label": "2024-12 (Q4)",
      "revenue": 7159000,
      "gross_profit": null,
      "operating_income": -7152000,
      "net_income": null,
      "opex": 918000,
      "cogs": null,
      "rd": null,
      "sga": null,
      "fcf": -966000,
      "ocf": -966000,
      "capex": null,
      "gross_margin": null,
      "op_margin": -0.9990222098058388,
      "fcf_margin": -0.134935046794245,
      "incr_op_margin_yoy": -5.511299435028248,
      "rev_growth_yoy": 0.17418402493029359,
      "rev_growth_yoy_accel": -0.13260545657319775,
      "fcf_margin_change": -0.189960058163049
    },
    {
      "date": "2025-03-31T00:00:00",
      "quarter_label": "2025-03 (Q1)",
      "revenue": 6811000,
      "gross_profit": null,
      "operating_income": -8850000,
      "net_income": null,
      "opex": 9242000,
      "cogs": null,
      "rd": null,
      "sga": 1117000,
      "fcf": -2923000,
      "ocf": -2923000,
      "capex": null,
      "gross_margin": null,
      "op_margin": -1.2993686683306416,
      "fcf_margin": -0.42915871384525034,
      "incr_op_margin_yoy": 0.6548473967684022,
      "rev_growth_yoy": -0.39549125765509896,
      "rev_growth_yoy_accel": -0.5696752825853926,
      "fcf_margin_change": -0.29422366705100533
    },
    {
      "date": "2025-06-30T00:00:00",
      "quarter_label": "2025-06 (Q2)",
      "revenue": 9079000,
      "gross_profit": null,
      "operating_income": 5286000,
      "net_income": null,
      "opex": 10033000,
      "cogs": null,
      "rd": null,
      "sga": 1182000,
      "fcf": -1196000,
      "ocf": -1196000,
      "capex": null,
      "gross_margin": null,
      "op_margin": 0.5822227117523956,
      "fcf_margin": -0.13173256966626282,
      "rev_growth_yoy": 0.10881778212017587,
      "rev_growth_yoy_accel": 0.5043090397752749,
      "op_leverage_ratio": 3.8906454031284636,
      "fcf_margin_change": 0.2974261441789875
    },
    {
      "date": "2025-09-30T00:00:00",
      "quarter_label": "2025-09 (Q3)",
      "revenue": 892000,
      "gross_profit": null,
      "operating_income": 4247000,
      "net_income": null,
      "opex": null,
      "cogs": null,
      "rd": null,
      "sga": null,
      "fcf": -632000,
      "ocf": -632000,
      "capex": null,
      "gross_margin": null,
      "op_margin": 4.761210762331839,
      "fcf_margin": -0.7085201793721974,
      "incr_op_margin_yoy": -1.1810475708502024,
      "rev_growth_yoy": -0.8985902683037744,
      "rev_growth_yoy_accel": -1.0074080504239502,
      "fcf_margin_change": -0.5767876097059346
    }
  ],
  "signals": [
    {
      "quarter": "2025-09 (Q3)",
      "signal": "YoY REVENUE GROWTH DECELERATION",
      "detail": "YoY growth: -89.9% vs prior quarter YoY: +10.9% (decel: -100.7%)",
      "severity": "WARNING"
    },
    {
      "quarter": "2025-09 (Q3)",
      "signal": "OP MARGIN TURNED POSITIVE (YoY)",
      "detail": "Op margin: -57.8% (year-ago) -> +476.1%",
      "severity": "HIGH"
    },
    {
      "quarter": "2025-06 (Q2)",
      "signal": "FCF MARGIN EXPANSION",
      "detail": "FCF margin: -42.9% -> -13.2% (+29.7%)",
      "severity": "MEDIUM"
    },
    {
      "quarter": "2025-06 (Q2)",
      "signal": "OPERATING LEVERAGE",
      "detail": "Rev growth +33.3% vs OpEx growth +8.6% (leverage: 3.9x)",
      "severity": "MEDIUM"
    },
    {
      "quarter": "2025-06 (Q2)",
      "signal": "YoY REVENUE GROWTH ACCELERATION",
      "detail": "YoY growth: +10.9% vs prior quarter YoY: -39.5% (accel: +50.4%)",
      "severity": "HIGH"
    },
    {
      "quarter": "2025-06 (Q2)",
      "signal": "OP MARGIN TURNED POSITIVE (YoY)",
      "detail": "Op margin: -73.9% (year-ago) -> +58.2%",
      "severity": "HIGH"
    },
    {
      "quarter": "2025-06 (Q2)",
      "signal": "OP MARGIN TURNED POSITIVE (QoQ)",
      "detail": "Op margin: -129.9% -> +58.2%",
      "severity": "HIGH"
    },
    {
      "quarter": "2025-03 (Q1)",
      "signal": "YoY REVENUE GROWTH DECELERATION",
      "detail": "YoY growth: -39.5% vs prior quarter YoY: +17.4% (decel: -57.0%)",
      "severity": "WARNING"
    },
    {
      "quarter": "2024-12 (Q4)",
      "signal": "YoY REVENUE GROWTH DECELERATION",
      "detail": "YoY growth: +17.4% vs prior quarter YoY: +30.7% (decel: -13.3%)",
      "severity": "WARNING"
    },
    {
      "quarter": "2024-09 (Q3)",
      "signal": "FCF TURNED POSITIVE",
      "detail": "FCF margin: -39.1% -> +5.5%",
      "severity": "HIGH"
    },
    {
      "quarter": "2024-09 (Q3)",
      "signal": "YoY REVENUE GROWTH ACCELERATION",
      "detail": "YoY growth: +30.7% vs prior quarter YoY: +16.5% (accel: +14.1%)",
      "severity": "MEDIUM"
    },
    {
      "quarter": "2024-06 (Q2)",
      "signal": "YoY REVENUE GROWTH ACCELERATION",
      "detail": "YoY growth: +16.5% vs prior quarter YoY: +11.5% (accel: +5.1%)",
      "severity": "MEDIUM"
    },
    {
      "quarter": "2024-03 (Q1)",
      "signal": "YoY REVENUE GROWTH DECELERATION",
      "detail": "YoY growth: +11.5% vs prior quarter YoY: +24.3% (decel: -12.8%)",
      "severity": "WARNING"
    },
    {
      "quarter": "2023-12 (Q4)",
      "signal": "FCF TURNED POSITIVE",
      "detail": "FCF margin: -12.5% -> +58.8%",
      "severity": "HIGH"
    },
    {
      "quarter": "2023-12 (Q4)",
      "signal": "YoY REVENUE GROWTH ACCELERATION",
      "detail": "YoY growth: +24.3% vs prior quarter YoY: -57.3% (accel: +81.6%)",
      "severity": "HIGH"
    },
    {
      "quarter": "2023-09 (Q3)",
      "signal": "FCF MARGIN EXPANSION",
      "detail": "FCF margin: -29.3% -> -12.5% (+16.8%)",
      "severity": "MEDIUM"
    },
    {
      "quarter": "2023-09 (Q3)",
      "signal": "YoY REVENUE GROWTH DECELERATION",
      "detail": "YoY growth: -57.3% vs prior quarter YoY: +855.9% (decel: -913.2%)",
      "severity": "WARNING"
    },
    {
      "quarter": "2023-06 (Q2)",
      "signal": "YoY REVENUE GROWTH ACCELERATION",
      "detail": "YoY growth: +855.9% vs prior quarter YoY: +308.8% (accel: +547.1%)",
      "severity": "HIGH"
    },
    {
      "quarter": "2023-03 (Q1)",
      "signal": "FCF MARGIN EXPANSION",
      "detail": "FCF margin: -144.4% -> -5.2% (+139.2%)",
      "severity": "MEDIUM"
    },
    {
      "quarter": "2023-03 (Q1)",
      "signal": "OPERATING LEVERAGE",
      "detail": "Rev growth +106.1% vs OpEx growth +8.5% (leverage: 12.5x)",
      "severity": "MEDIUM"
    },
    {
      "quarter": "2023-03 (Q1)",
      "signal": "YoY REVENUE GROWTH ACCELERATION",
      "detail": "YoY growth: +308.8% vs prior quarter YoY: +96.5% (accel: +212.3%)",
      "severity": "HIGH"
    },
    {
      "quarter": "2022-12 (Q4)",
      "signal": "YoY REVENUE GROWTH DECELERATION",
      "detail": "YoY growth: +96.5% vs prior quarter YoY: +1253.7% (decel: -1157.3%)",
      "severity": "WARNING"
    },
    {
      "quarter": "2022-09 (Q3)",
      "signal": "OPERATING LEVERAGE",
      "detail": "Rev growth +2045.7% vs OpEx growth +16.3% (leverage: 125.5x)",
      "severity": "MEDIUM"
    },
    {
      "quarter": "2022-09 (Q3)",
      "signal": "YoY REVENUE GROWTH ACCELERATION",
      "detail": "YoY growth: +1253.7% vs prior quarter YoY: -23.6% (accel: +1277.3%)",
      "severity": "HIGH"
    },
    {
      "quarter": "2022-06 (Q2)",
      "signal": "FCF MARGIN EXPANSION",
      "detail": "FCF margin: -39.6% -> -12.5% (+27.1%)",
      "severity": "MEDIUM"
    },
    {
      "quarter": "2022-06 (Q2)",
      "signal": "YoY REVENUE GROWTH DECELERATION",
      "detail": "YoY growth: -23.6% vs prior quarter YoY: +1236.8% (decel: -1260.4%)",
      "severity": "WARNING"
    },
    {
      "quarter": "2022-03 (Q1)",
      "signal": "FCF MARGIN EXPANSION",
      "detail": "FCF margin: -160.8% -> -39.6% (+121.2%)",
      "severity": "MEDIUM"
    },
    {
      "quarter": "2021-12 (Q4)",
      "signal": "FCF MARGIN EXPANSION",
      "detail": "FCF margin: -390.0% -> -160.8% (+229.2%)",
      "severity": "MEDIUM"
    },
    {
      "quarter": "2021-12 (Q4)",
      "signal": "OPERATING LEVERAGE",
      "detail": "Rev growth +114.3% vs OpEx growth +33.9% (leverage: 3.4x)",
      "severity": "MEDIUM"
    },
    {
      "quarter": "2021-06 (Q2)",
      "signal": "FCF MARGIN EXPANSION",
      "detail": "FCF margin: -1947.6% -> -234.6% (+1713.0%)",
      "severity": "MEDIUM"
    },
    {
      "quarter": "2021-06 (Q2)",
      "signal": "OPERATING LEVERAGE",
      "detail": "Rev growth +420.0% vs OpEx growth +25.4% (leverage: 16.5x)",
      "severity": "MEDIUM"
    }
  ],
  "data_quality": {
    "n_quarters": 20,
    "coverage": {
      "revenue": [
        20,
        20
      ],
      "gross_profit": [
        0,
        20
      ],
      "op_income": [
        11,
        20
      ],
      "fcf": [
        20,
        20
      ]
    },
    "gaps": [],
    "warnings": [
      "gross_profit: no data",
      "op_income: 11/20Q"
    ]
  },
  "market_cap": null,
  "source": "SEC EDGAR",
  "last_updated": "2026-02-03T01:08:47.229197",
  "sector": "Financial Services",
  "industry": "Asset Management"
}