{
  "ticker": "FGPRB",
  "name": "Ferrellgas Partners, L.P.",
  "quarters": [
    {
      "date": "2021-01-31T00:00:00",
      "quarter_label": "2021-01 (Q1)",
      "revenue": 553560000,
      "gross_profit": null,
      "operating_income": 114604000,
      "net_income": 63267000,
      "opex": null,
      "cogs": null,
      "rd": null,
      "sga": null,
      "fcf": 40063000,
      "ocf": 55942000,
      "capex": -15879000,
      "gross_margin": null,
      "op_margin": 0.20703085483055134,
      "fcf_margin": 0.07237336512753811
    },
    {
      "date": "2021-04-30T00:00:00",
      "quarter_label": "2021-04 (Q2)",
      "revenue": 564730000,
      "gross_profit": null,
      "operating_income": 93323000,
      "net_income": -66794000,
      "opex": null,
      "cogs": null,
      "rd": null,
      "sga": null,
      "fcf": 43368000,
      "ocf": 58505000,
      "capex": -15137000,
      "gross_margin": null,
      "op_margin": 0.16525242151116462,
      "fcf_margin": 0.07679422024684363,
      "fcf_margin_change": 0.004420855119305511
    },
    {
      "date": "2021-07-31T00:00:00",
      "quarter_label": "2021-07 (Q3)",
      "revenue": 335126000,
      "gross_profit": null,
      "operating_income": 596000,
      "net_income": -18822000,
      "opex": null,
      "cogs": null,
      "rd": null,
      "sga": null,
      "fcf": 94500000,
      "ocf": 103472000,
      "capex": -8972000,
      "gross_margin": null,
      "op_margin": 0.0017784355734857934,
      "fcf_margin": 0.2819834927758515,
      "fcf_margin_change": 0.20518927252900787
    },
    {
      "date": "2021-10-31T00:00:00",
      "quarter_label": "2021-10 (Q4)",
      "revenue": 394506000,
      "gross_profit": null,
      "operating_income": 12367000,
      "net_income": -8606000,
      "opex": null,
      "cogs": null,
      "rd": null,
      "sga": null,
      "fcf": -35701000,
      "ocf": -15261000,
      "capex": -20440000,
      "gross_margin": null,
      "op_margin": 0.03134806568214425,
      "fcf_margin": -0.09049545507546146,
      "fcf_margin_change": -0.37247894785131297
    },
    {
      "date": "2022-01-31T00:00:00",
      "quarter_label": "2022-01 (Q1)",
      "revenue": 684938000,
      "gross_profit": null,
      "operating_income": 134929000,
      "net_income": 108405000,
      "opex": null,
      "cogs": null,
      "rd": null,
      "sga": null,
      "fcf": 46623000,
      "ocf": 66782000,
      "capex": -20159000,
      "gross_margin": null,
      "op_margin": 0.19699447249240076,
      "fcf_margin": 0.06806893470649898,
      "incr_op_margin_yoy": 0.154706267411591,
      "rev_growth_yoy": 0.23733289977599537,
      "fcf_margin_change": 0.15856438978196044
    },
    {
      "date": "2022-04-30T00:00:00",
      "quarter_label": "2022-04 (Q2)",
      "revenue": 647543000,
      "gross_profit": null,
      "operating_income": 92237000,
      "net_income": 67586000,
      "opex": null,
      "cogs": null,
      "rd": null,
      "sga": null,
      "fcf": 47638000,
      "ocf": 76650000,
      "capex": -29012000,
      "gross_margin": null,
      "op_margin": 0.14244150581505785,
      "fcf_margin": 0.07356731522076526,
      "incr_op_margin_yoy": -0.013113883085988915,
      "rev_growth_yoy": 0.14664175800825174,
      "rev_growth_yoy_accel": -0.09069114176774362,
      "fcf_margin_change": 0.0054983805142662795
    },
    {
      "date": "2022-07-31T00:00:00",
      "quarter_label": "2022-07 (Q3)",
      "revenue": 387553000,
      "gross_profit": null,
      "operating_income": 5568000,
      "net_income": -19392000,
      "opex": null,
      "cogs": null,
      "rd": null,
      "sga": null,
      "fcf": 6656000,
      "ocf": 32294000,
      "capex": -25638000,
      "gross_margin": null,
      "op_margin": 0.014367067214032662,
      "fcf_margin": 0.017174425175395365,
      "incr_op_margin_yoy": 0.09483662998073512,
      "rev_growth_yoy": 0.1564396674683552,
      "rev_growth_yoy_accel": 0.009797909460103449,
      "fcf_margin_change": -0.056392890045369896
    },
    {
      "date": "2022-10-31T00:00:00",
      "quarter_label": "2022-10 (Q4)",
      "revenue": 413289000,
      "gross_profit": null,
      "operating_income": 19801000,
      "net_income": -4545000,
      "opex": null,
      "cogs": null,
      "rd": null,
      "sga": null,
      "fcf": -89033000,
      "ocf": -66786000,
      "capex": -22247000,
      "gross_margin": null,
      "op_margin": 0.04791078397924939,
      "fcf_margin": -0.21542552547974902,
      "incr_op_margin_yoy": 0.39578342117872545,
      "rev_growth_yoy": 0.047611443171966965,
      "rev_growth_yoy_accel": -0.10882822429638822,
      "fcf_margin_change": -0.23259995065514438
    },
    {
      "date": "2023-01-31T00:00:00",
      "quarter_label": "2023-01 (Q1)",
      "revenue": 683943000,
      "gross_profit": null,
      "operating_income": 122071000,
      "net_income": 98100000,
      "opex": null,
      "cogs": null,
      "rd": null,
      "sga": null,
      "fcf": 104822000,
      "ocf": 123957000,
      "capex": -19135000,
      "gross_margin": null,
      "op_margin": 0.1784812477063147,
      "fcf_margin": 0.15326130978751154,
      "rev_growth_yoy": -0.0014526862285345534,
      "rev_growth_yoy_accel": -0.04906412940050152,
      "fcf_margin_change": 0.36868683526726054
    },
    {
      "date": "2023-04-30T00:00:00",
      "quarter_label": "2023-04 (Q2)",
      "revenue": 587347000,
      "gross_profit": null,
      "operating_income": 96819000,
      "net_income": 72427000,
      "opex": null,
      "cogs": null,
      "rd": null,
      "sga": null,
      "fcf": 57128000,
      "ocf": 85992000,
      "capex": -28864000,
      "gross_margin": null,
      "op_margin": 0.1648412267364948,
      "fcf_margin": 0.09726447908987362,
      "incr_op_margin_yoy": -0.07611801448601235,
      "rev_growth_yoy": -0.0929606219200887,
      "rev_growth_yoy_accel": -0.09150793569155416,
      "fcf_margin_change": -0.05599683069763792
    },
    {
      "date": "2023-07-31T00:00:00",
      "quarter_label": "2023-07 (Q3)",
      "revenue": 341886000,
      "gross_profit": null,
      "operating_income": -5002000,
      "net_income": -29101000,
      "opex": null,
      "cogs": null,
      "rd": null,
      "sga": null,
      "fcf": 50426000,
      "ocf": 69095000,
      "capex": -18669000,
      "gross_margin": null,
      "op_margin": -0.01463060786343986,
      "fcf_margin": 0.14749360898077138,
      "incr_op_margin_yoy": 0.23145816453894497,
      "rev_growth_yoy": -0.11783420590216048,
      "rev_growth_yoy_accel": -0.024873583982071776,
      "fcf_margin_change": 0.050229129890897756
    },
    {
      "date": "2023-10-31T00:00:00",
      "quarter_label": "2023-10 (Q4)",
      "revenue": 371013000,
      "gross_profit": null,
      "operating_income": 5086000,
      "net_income": -17556000,
      "opex": null,
      "cogs": null,
      "rd": null,
      "sga": null,
      "fcf": -42401000,
      "ocf": -18854000,
      "capex": -23547000,
      "gross_margin": null,
      "op_margin": 0.013708414529949085,
      "fcf_margin": -0.11428440512866125,
      "incr_op_margin_yoy": 0.3480698268521147,
      "rev_growth_yoy": -0.10229161676212045,
      "rev_growth_yoy_accel": 0.01554258914004003,
      "fcf_margin_change": -0.26177801410943263
    },
    {
      "date": "2024-01-31T00:00:00",
      "quarter_label": "2024-01 (Q1)",
      "revenue": 609877000,
      "gross_profit": null,
      "operating_income": 120420000,
      "net_income": 95789000,
      "opex": null,
      "cogs": null,
      "rd": null,
      "sga": null,
      "fcf": 95574000,
      "ocf": 119401000,
      "capex": -23827000,
      "gross_margin": null,
      "op_margin": 0.19744964968346077,
      "fcf_margin": 0.15671028748419763,
      "incr_op_margin_yoy": 0.022290929711338534,
      "rev_growth_yoy": -0.10829265011850403,
      "rev_growth_yoy_accel": -0.006001033356383578,
      "fcf_margin_change": 0.2709946926128589
    },
    {
      "date": "2024-04-30T00:00:00",
      "quarter_label": "2024-04 (Q2)",
      "revenue": 515774000,
      "gross_profit": null,
      "operating_income": 76739000,
      "net_income": 52766000,
      "opex": null,
      "cogs": null,
      "rd": null,
      "sga": null,
      "fcf": 53278000,
      "ocf": 75394000,
      "capex": -22116000,
      "gross_margin": null,
      "op_margin": 0.14878415740227308,
      "fcf_margin": 0.10329718054806951,
      "incr_op_margin_yoy": 0.28055272239531664,
      "rev_growth_yoy": -0.1218581179439071,
      "rev_growth_yoy_accel": -0.013565467825403063,
      "fcf_margin_change": -0.05341310693612812
    },
    {
      "date": "2024-07-31T00:00:00",
      "quarter_label": "2024-07 (Q3)",
      "revenue": 340452000,
      "gross_profit": null,
      "operating_income": 2850000,
      "net_income": -20783000,
      "opex": null,
      "cogs": null,
      "rd": null,
      "sga": null,
      "fcf": 68263000,
      "ocf": 69629000,
      "capex": -1366000,
      "gross_margin": null,
      "op_margin": 0.008371224137323323,
      "fcf_margin": 0.20050697308284282,
      "incr_op_margin_yoy": -5.475592747559275,
      "rev_growth_yoy": -0.004194380583001351,
      "rev_growth_yoy_accel": 0.11766373736090574,
      "fcf_margin_change": 0.09720979253477331
    },
    {
      "date": "2024-10-31T00:00:00",
      "quarter_label": "2024-10 (Q4)",
      "revenue": 364085000,
      "gross_profit": null,
      "operating_income": -122926000,
      "net_income": -146668000,
      "opex": null,
      "cogs": null,
      "rd": null,
      "sga": null,
      "fcf": -56281000,
      "ocf": -34277000,
      "capex": -22004000,
      "gross_margin": null,
      "op_margin": -0.33762994905035915,
      "fcf_margin": -0.15458203441504045,
      "incr_op_margin_yoy": 18.477482678983833,
      "rev_growth_yoy": -0.01867320013045365,
      "rev_growth_yoy_accel": -0.014478819547452297,
      "fcf_margin_change": -0.3550890074978833
    },
    {
      "date": "2025-01-31T00:00:00",
      "quarter_label": "2025-01 (Q1)",
      "revenue": 669776000,
      "gross_profit": null,
      "operating_income": 127643000,
      "net_income": 98843000,
      "opex": null,
      "cogs": null,
      "rd": null,
      "sga": null,
      "fcf": 13198000,
      "ocf": 32918000,
      "capex": -19720000,
      "gross_margin": null,
      "op_margin": 0.1905756551444065,
      "fcf_margin": 0.019705095434891667,
      "incr_op_margin_yoy": 0.12058632030584818,
      "rev_growth_yoy": 0.09821488595241336,
      "rev_growth_yoy_accel": 0.11688808608286701,
      "fcf_margin_change": 0.1742871298499321
    },
    {
      "date": "2025-04-30T00:00:00",
      "quarter_label": "2025-04 (Q2)",
      "revenue": 560847000,
      "gross_profit": null,
      "operating_income": 87290000,
      "net_income": 59105000,
      "opex": null,
      "cogs": null,
      "rd": null,
      "sga": null,
      "fcf": 91489000,
      "ocf": 117956000,
      "capex": -26467000,
      "gross_margin": null,
      "op_margin": 0.1556395951123925,
      "fcf_margin": 0.1631264854764312,
      "incr_op_margin_yoy": 0.23408692565393915,
      "rev_growth_yoy": 0.08738905024293586,
      "rev_growth_yoy_accel": -0.010825835709477497,
      "fcf_margin_change": 0.14342139004153953
    },
    {
      "date": "2025-07-31T00:00:00",
      "quarter_label": "2025-07 (Q3)",
      "revenue": 343629000,
      "gross_profit": null,
      "operating_income": -1888000,
      "net_income": -26846000,
      "opex": null,
      "cogs": null,
      "rd": null,
      "sga": null,
      "fcf": 7939000,
      "ocf": 19752000,
      "capex": -11813000,
      "gross_margin": null,
      "op_margin": -0.0054942976291290895,
      "fcf_margin": 0.023103405125877035,
      "incr_op_margin_yoy": -1.4913440352533838,
      "rev_growth_yoy": 0.009331711959395157,
      "rev_growth_yoy_accel": -0.07805733828354071,
      "fcf_margin_change": -0.14002308035055416
    },
    {
      "date": "2025-10-31T00:00:00",
      "quarter_label": "2025-10 (Q4)",
      "revenue": 355189000,
      "gross_profit": null,
      "operating_income": 1873000,
      "net_income": -26927000,
      "opex": null,
      "cogs": null,
      "rd": null,
      "sga": null,
      "fcf": -30173000,
      "ocf": -8498000,
      "capex": -21675000,
      "gross_margin": null,
      "op_margin": 0.005273248890027562,
      "fcf_margin": -0.08494913975376489,
      "incr_op_margin_yoy": -14.028664568345324,
      "rev_growth_yoy": -0.024433854731724734,
      "rev_growth_yoy_accel": -0.033765566691119894,
      "fcf_margin_change": -0.10805254487964193
    }
  ],
  "signals": [
    {
      "quarter": "2025-10 (Q4)",
      "signal": "OP MARGIN TURNED POSITIVE (YoY)",
      "detail": "Op margin: -33.8% (year-ago) -> +0.5%",
      "severity": "HIGH"
    },
    {
      "quarter": "2025-10 (Q4)",
      "signal": "OP MARGIN TURNED POSITIVE (QoQ)",
      "detail": "Op margin: -0.5% -> +0.5%",
      "severity": "HIGH"
    },
    {
      "quarter": "2025-07 (Q3)",
      "signal": "YoY REVENUE GROWTH DECELERATION",
      "detail": "YoY growth: +0.9% vs prior quarter YoY: +8.7% (decel: -7.8%)",
      "severity": "WARNING"
    },
    {
      "quarter": "2025-04 (Q2)",
      "signal": "FCF MARGIN EXPANSION",
      "detail": "FCF margin: +2.0% -> +16.3% (+14.3%)",
      "severity": "MEDIUM"
    },
    {
      "quarter": "2025-01 (Q1)",
      "signal": "FCF TURNED POSITIVE",
      "detail": "FCF margin: -15.5% -> +2.0%",
      "severity": "HIGH"
    },
    {
      "quarter": "2025-01 (Q1)",
      "signal": "YoY REVENUE GROWTH ACCELERATION",
      "detail": "YoY growth: +9.8% vs prior quarter YoY: -1.9% (accel: +11.7%)",
      "severity": "MEDIUM"
    },
    {
      "quarter": "2025-01 (Q1)",
      "signal": "OP MARGIN TURNED POSITIVE (QoQ)",
      "detail": "Op margin: -33.8% -> +19.1%",
      "severity": "HIGH"
    },
    {
      "quarter": "2024-07 (Q3)",
      "signal": "FCF MARGIN EXPANSION",
      "detail": "FCF margin: +10.3% -> +20.1% (+9.7%)",
      "severity": "MEDIUM"
    },
    {
      "quarter": "2024-07 (Q3)",
      "signal": "YoY REVENUE GROWTH ACCELERATION",
      "detail": "YoY growth: -0.4% vs prior quarter YoY: -12.2% (accel: +11.8%)",
      "severity": "MEDIUM"
    },
    {
      "quarter": "2024-07 (Q3)",
      "signal": "OP MARGIN TURNED POSITIVE (YoY)",
      "detail": "Op margin: -1.5% (year-ago) -> +0.8%",
      "severity": "HIGH"
    },
    {
      "quarter": "2024-04 (Q2)",
      "signal": "INCREMENTAL MARGIN (YoY)",
      "detail": "YoY Incr OPM: +28.1% vs year-ago OPM: +16.5%",
      "severity": "MEDIUM"
    },
    {
      "quarter": "2024-01 (Q1)",
      "signal": "FCF TURNED POSITIVE",
      "detail": "FCF margin: -11.4% -> +15.7%",
      "severity": "HIGH"
    },
    {
      "quarter": "2023-10 (Q4)",
      "signal": "INCREMENTAL MARGIN (YoY)",
      "detail": "YoY Incr OPM: +34.8% vs year-ago OPM: +4.8%",
      "severity": "HIGH"
    },
    {
      "quarter": "2023-10 (Q4)",
      "signal": "OP MARGIN TURNED POSITIVE (QoQ)",
      "detail": "Op margin: -1.5% -> +1.4%",
      "severity": "HIGH"
    },
    {
      "quarter": "2023-07 (Q3)",
      "signal": "FCF MARGIN EXPANSION",
      "detail": "FCF margin: +9.7% -> +14.7% (+5.0%)",
      "severity": "MEDIUM"
    },
    {
      "quarter": "2023-04 (Q2)",
      "signal": "YoY REVENUE GROWTH DECELERATION",
      "detail": "YoY growth: -9.3% vs prior quarter YoY: -0.1% (decel: -9.2%)",
      "severity": "WARNING"
    },
    {
      "quarter": "2023-01 (Q1)",
      "signal": "FCF TURNED POSITIVE",
      "detail": "FCF margin: -21.5% -> +15.3%",
      "severity": "HIGH"
    },
    {
      "quarter": "2022-10 (Q4)",
      "signal": "YoY REVENUE GROWTH DECELERATION",
      "detail": "YoY growth: +4.8% vs prior quarter YoY: +15.6% (decel: -10.9%)",
      "severity": "WARNING"
    },
    {
      "quarter": "2022-10 (Q4)",
      "signal": "INCREMENTAL MARGIN (YoY)",
      "detail": "YoY Incr OPM: +39.6% vs year-ago OPM: +3.1%",
      "severity": "HIGH"
    },
    {
      "quarter": "2022-04 (Q2)",
      "signal": "YoY REVENUE GROWTH DECELERATION",
      "detail": "YoY growth: +14.7% vs prior quarter YoY: +23.7% (decel: -9.1%)",
      "severity": "WARNING"
    },
    {
      "quarter": "2022-01 (Q1)",
      "signal": "FCF TURNED POSITIVE",
      "detail": "FCF margin: -9.0% -> +6.8%",
      "severity": "HIGH"
    },
    {
      "quarter": "2021-07 (Q3)",
      "signal": "FCF MARGIN EXPANSION",
      "detail": "FCF margin: +7.7% -> +28.2% (+20.5%)",
      "severity": "MEDIUM"
    }
  ],
  "data_quality": {
    "n_quarters": 20,
    "coverage": {
      "revenue": [
        20,
        20
      ],
      "gross_profit": [
        0,
        20
      ],
      "op_income": [
        20,
        20
      ],
      "fcf": [
        20,
        20
      ]
    },
    "gaps": [],
    "warnings": [
      "gross_profit: no data"
    ]
  },
  "market_cap": null,
  "source": "SEC EDGAR",
  "last_updated": "2026-02-03T00:56:40.923253",
  "sector": "Energy",
  "industry": "Oil & Gas Refining & Marketing"
}