{
  "ticker": "FHB",
  "name": "FIRST HAWAIIAN,\u00a0INC.",
  "quarters": [
    {
      "date": "2020-12-31T00:00:00",
      "quarter_label": "2020-12 (Q4)",
      "revenue": 188825000,
      "gross_profit": null,
      "operating_income": null,
      "net_income": 61739000,
      "opex": null,
      "cogs": null,
      "rd": null,
      "sga": null,
      "fcf": 108569000,
      "ocf": 108569000,
      "capex": null,
      "gross_margin": null,
      "op_margin": null,
      "fcf_margin": 0.5749715344896068
    },
    {
      "date": "2021-03-31T00:00:00",
      "quarter_label": "2021-03 (Q1)",
      "revenue": 173026000,
      "gross_profit": null,
      "operating_income": null,
      "net_income": 57693000,
      "opex": null,
      "cogs": null,
      "rd": null,
      "sga": null,
      "fcf": 154200000,
      "ocf": 154200000,
      "capex": null,
      "gross_margin": null,
      "op_margin": null,
      "fcf_margin": 0.89119554286639,
      "fcf_margin_change": 0.3162240083767832
    },
    {
      "date": "2021-06-30T00:00:00",
      "quarter_label": "2021-06 (Q2)",
      "revenue": 180852000,
      "gross_profit": null,
      "operating_income": null,
      "net_income": 86741000,
      "opex": null,
      "cogs": null,
      "rd": null,
      "sga": null,
      "fcf": 93996000,
      "ocf": 93996000,
      "capex": null,
      "gross_margin": null,
      "op_margin": null,
      "fcf_margin": 0.5197398978169996,
      "fcf_margin_change": -0.37145564504939044
    },
    {
      "date": "2021-09-30T00:00:00",
      "quarter_label": "2021-09 (Q3)",
      "revenue": 182697000,
      "gross_profit": null,
      "operating_income": null,
      "net_income": 64279000,
      "opex": null,
      "cogs": null,
      "rd": null,
      "sga": null,
      "fcf": 48457000,
      "ocf": 48457000,
      "capex": null,
      "gross_margin": null,
      "op_margin": null,
      "fcf_margin": 0.26523150352769886,
      "fcf_margin_change": -0.2545083942893007
    },
    {
      "date": "2021-12-31T00:00:00",
      "quarter_label": "2021-12 (Q4)",
      "revenue": 178900000,
      "gross_profit": null,
      "operating_income": null,
      "net_income": 57022000,
      "opex": null,
      "cogs": null,
      "rd": null,
      "sga": null,
      "fcf": 120472000,
      "ocf": 120472000,
      "capex": null,
      "gross_margin": null,
      "op_margin": null,
      "fcf_margin": 0.6734041363890442,
      "rev_growth_yoy": -0.05256189593538991,
      "fcf_margin_change": 0.4081726328613453
    },
    {
      "date": "2022-03-31T00:00:00",
      "quarter_label": "2022-03 (Q1)",
      "revenue": 175252000,
      "gross_profit": null,
      "operating_income": null,
      "net_income": 57719000,
      "opex": null,
      "cogs": null,
      "rd": null,
      "sga": null,
      "fcf": 66262000,
      "ocf": 66262000,
      "capex": null,
      "gross_margin": null,
      "op_margin": null,
      "fcf_margin": 0.37809554241891674,
      "rev_growth_yoy": 0.01286511853709847,
      "rev_growth_yoy_accel": 0.06542701447248837,
      "fcf_margin_change": -0.29530859397012743
    },
    {
      "date": "2022-06-30T00:00:00",
      "quarter_label": "2022-06 (Q2)",
      "revenue": 189284000,
      "gross_profit": null,
      "operating_income": null,
      "net_income": 59360000,
      "opex": null,
      "cogs": null,
      "rd": null,
      "sga": null,
      "fcf": 99482000,
      "ocf": 99482000,
      "capex": null,
      "gross_margin": null,
      "op_margin": null,
      "fcf_margin": 0.5255700428985017,
      "rev_growth_yoy": 0.046623758653484615,
      "rev_growth_yoy_accel": 0.03375864011638614,
      "fcf_margin_change": 0.147474500479585
    },
    {
      "date": "2022-09-30T00:00:00",
      "quarter_label": "2022-09 (Q3)",
      "revenue": 208593000,
      "gross_profit": null,
      "operating_income": null,
      "net_income": 69018000,
      "opex": null,
      "cogs": null,
      "rd": null,
      "sga": null,
      "fcf": 155847000,
      "ocf": 155847000,
      "capex": null,
      "gross_margin": null,
      "op_margin": null,
      "fcf_margin": 0.7471343717190894,
      "rev_growth_yoy": 0.14174288576167096,
      "rev_growth_yoy_accel": 0.09511912710818635,
      "fcf_margin_change": 0.22156432882058763
    },
    {
      "date": "2022-12-31T00:00:00",
      "quarter_label": "2022-12 (Q4)",
      "revenue": 219945000,
      "gross_profit": null,
      "operating_income": null,
      "net_income": 79588000,
      "opex": null,
      "cogs": null,
      "rd": null,
      "sga": null,
      "fcf": 109023000,
      "ocf": 109023000,
      "capex": null,
      "gross_margin": null,
      "op_margin": null,
      "fcf_margin": 0.4956830116620064,
      "rev_growth_yoy": 0.22942984907769703,
      "rev_growth_yoy_accel": 0.08768696331602607,
      "fcf_margin_change": -0.25145136005708296
    },
    {
      "date": "2023-03-31T00:00:00",
      "quarter_label": "2023-03 (Q1)",
      "revenue": 216270000,
      "gross_profit": null,
      "operating_income": null,
      "net_income": 66818000,
      "opex": null,
      "cogs": null,
      "rd": null,
      "sga": null,
      "fcf": 82633000,
      "ocf": 82633000,
      "capex": null,
      "gross_margin": null,
      "op_margin": null,
      "fcf_margin": 0.38208258195773803,
      "rev_growth_yoy": 0.23405153721498184,
      "rev_growth_yoy_accel": 0.004621688137284807,
      "fcf_margin_change": -0.11360042970426837
    },
    {
      "date": "2023-06-30T00:00:00",
      "quarter_label": "2023-06 (Q2)",
      "revenue": 207287000,
      "gross_profit": null,
      "operating_income": null,
      "net_income": 62442000,
      "opex": null,
      "cogs": null,
      "rd": null,
      "sga": null,
      "fcf": 104977000,
      "ocf": 104977000,
      "capex": null,
      "gross_margin": null,
      "op_margin": null,
      "fcf_margin": 0.5064331096499057,
      "rev_growth_yoy": 0.09511105006234019,
      "rev_growth_yoy_accel": -0.13894048715264165,
      "fcf_margin_change": 0.1243505276921677
    },
    {
      "date": "2023-09-30T00:00:00",
      "quarter_label": "2023-09 (Q3)",
      "revenue": 203245000,
      "gross_profit": null,
      "operating_income": null,
      "net_income": 58221000,
      "opex": null,
      "cogs": null,
      "rd": null,
      "sga": null,
      "fcf": 26210000,
      "ocf": 26210000,
      "capex": null,
      "gross_margin": null,
      "op_margin": null,
      "fcf_margin": 0.12895766193510294,
      "rev_growth_yoy": -0.025638444243095405,
      "rev_growth_yoy_accel": -0.12074949430543559,
      "fcf_margin_change": -0.3774754477148028
    },
    {
      "date": "2023-12-31T00:00:00",
      "quarter_label": "2023-12 (Q4)",
      "revenue": 210140000,
      "gross_profit": null,
      "operating_income": null,
      "net_income": 47502000,
      "opex": null,
      "cogs": null,
      "rd": null,
      "sga": null,
      "fcf": 41206000,
      "ocf": 41206000,
      "capex": null,
      "gross_margin": null,
      "op_margin": null,
      "fcf_margin": 0.1960883220710003,
      "rev_growth_yoy": -0.04457932664984428,
      "rev_growth_yoy_accel": -0.018940882406748873,
      "fcf_margin_change": 0.06713066013589736
    },
    {
      "date": "2024-03-31T00:00:00",
      "quarter_label": "2024-03 (Q1)",
      "revenue": 205798000,
      "gross_profit": null,
      "operating_income": null,
      "net_income": 54220000,
      "opex": null,
      "cogs": null,
      "rd": null,
      "sga": null,
      "fcf": 66640000,
      "ocf": 66640000,
      "capex": null,
      "gross_margin": null,
      "op_margin": null,
      "fcf_margin": 0.3238126706770717,
      "rev_growth_yoy": -0.048420955287372267,
      "rev_growth_yoy_accel": -0.0038416286375279884,
      "fcf_margin_change": 0.1277243486060714
    },
    {
      "date": "2024-06-30T00:00:00",
      "quarter_label": "2024-06 (Q2)",
      "revenue": 204619000,
      "gross_profit": null,
      "operating_income": null,
      "net_income": 61921000,
      "opex": null,
      "cogs": null,
      "rd": null,
      "sga": null,
      "fcf": 78173000,
      "ocf": 78173000,
      "capex": null,
      "gross_margin": null,
      "op_margin": null,
      "fcf_margin": 0.3820417458789262,
      "rev_growth_yoy": -0.012871043529020151,
      "rev_growth_yoy_accel": 0.035549911758352114,
      "fcf_margin_change": 0.0582290752018545
    },
    {
      "date": "2024-09-30T00:00:00",
      "quarter_label": "2024-09 (Q3)",
      "revenue": 209995000,
      "gross_profit": null,
      "operating_income": null,
      "net_income": 61492000,
      "opex": null,
      "cogs": null,
      "rd": null,
      "sga": null,
      "fcf": 58875000,
      "ocf": 58875000,
      "capex": null,
      "gross_margin": null,
      "op_margin": null,
      "fcf_margin": 0.2803638181861473,
      "rev_growth_yoy": 0.03321114910575906,
      "rev_growth_yoy_accel": 0.04608219263477921,
      "fcf_margin_change": -0.10167792769277889
    },
    {
      "date": "2024-12-31T00:00:00",
      "quarter_label": "2024-12 (Q4)",
      "revenue": 188129000,
      "gross_profit": null,
      "operating_income": null,
      "net_income": 52496000,
      "opex": null,
      "cogs": null,
      "rd": null,
      "sga": null,
      "fcf": 113825000,
      "ocf": 113825000,
      "capex": null,
      "gross_margin": null,
      "op_margin": null,
      "fcf_margin": 0.6050369693136093,
      "rev_growth_yoy": -0.10474445607690111,
      "rev_growth_yoy_accel": -0.13795560518266017,
      "fcf_margin_change": 0.324673151127462
    },
    {
      "date": "2025-03-31T00:00:00",
      "quarter_label": "2025-03 (Q1)",
      "revenue": 211003000,
      "gross_profit": null,
      "operating_income": null,
      "net_income": 59248000,
      "opex": null,
      "cogs": null,
      "rd": null,
      "sga": null,
      "fcf": 36717000,
      "ocf": 36717000,
      "capex": null,
      "gross_margin": null,
      "op_margin": null,
      "fcf_margin": 0.17401174390885438,
      "rev_growth_yoy": 0.025291790979504174,
      "rev_growth_yoy_accel": 0.1300362470564053,
      "fcf_margin_change": -0.4310252254047549
    },
    {
      "date": "2025-06-30T00:00:00",
      "quarter_label": "2025-06 (Q2)",
      "revenue": 217541000,
      "gross_profit": null,
      "operating_income": null,
      "net_income": 73247000,
      "opex": null,
      "cogs": null,
      "rd": null,
      "sga": null,
      "fcf": 136373000,
      "ocf": 136373000,
      "capex": null,
      "gross_margin": null,
      "op_margin": null,
      "fcf_margin": 0.6268841275897417,
      "rev_growth_yoy": 0.06315151574389476,
      "rev_growth_yoy_accel": 0.03785972476439058,
      "fcf_margin_change": 0.4528723836808873
    },
    {
      "date": "2025-09-30T00:00:00",
      "quarter_label": "2025-09 (Q3)",
      "revenue": 226391000,
      "gross_profit": null,
      "operating_income": null,
      "net_income": 73840000,
      "opex": null,
      "cogs": null,
      "rd": null,
      "sga": null,
      "fcf": 57085000,
      "ocf": 57085000,
      "capex": null,
      "gross_margin": null,
      "op_margin": null,
      "fcf_margin": 0.2521522498685902,
      "rev_growth_yoy": 0.0780780494773685,
      "rev_growth_yoy_accel": 0.014926533733473746,
      "fcf_margin_change": -0.37473187772115146
    }
  ],
  "signals": [
    {
      "quarter": "2025-06 (Q2)",
      "signal": "FCF MARGIN EXPANSION",
      "detail": "FCF margin: +17.4% -> +62.7% (+45.3%)",
      "severity": "MEDIUM"
    },
    {
      "quarter": "2025-03 (Q1)",
      "signal": "YoY REVENUE GROWTH ACCELERATION",
      "detail": "YoY growth: +2.5% vs prior quarter YoY: -10.5% (accel: +13.0%)",
      "severity": "MEDIUM"
    },
    {
      "quarter": "2024-12 (Q4)",
      "signal": "FCF MARGIN EXPANSION",
      "detail": "FCF margin: +28.0% -> +60.5% (+32.5%)",
      "severity": "MEDIUM"
    },
    {
      "quarter": "2024-12 (Q4)",
      "signal": "YoY REVENUE GROWTH DECELERATION",
      "detail": "YoY growth: -10.5% vs prior quarter YoY: +3.3% (decel: -13.8%)",
      "severity": "WARNING"
    },
    {
      "quarter": "2024-06 (Q2)",
      "signal": "FCF MARGIN EXPANSION",
      "detail": "FCF margin: +32.4% -> +38.2% (+5.8%)",
      "severity": "MEDIUM"
    },
    {
      "quarter": "2024-03 (Q1)",
      "signal": "FCF MARGIN EXPANSION",
      "detail": "FCF margin: +19.6% -> +32.4% (+12.8%)",
      "severity": "MEDIUM"
    },
    {
      "quarter": "2023-12 (Q4)",
      "signal": "FCF MARGIN EXPANSION",
      "detail": "FCF margin: +12.9% -> +19.6% (+6.7%)",
      "severity": "MEDIUM"
    },
    {
      "quarter": "2023-09 (Q3)",
      "signal": "YoY REVENUE GROWTH DECELERATION",
      "detail": "YoY growth: -2.6% vs prior quarter YoY: +9.5% (decel: -12.1%)",
      "severity": "WARNING"
    },
    {
      "quarter": "2023-06 (Q2)",
      "signal": "FCF MARGIN EXPANSION",
      "detail": "FCF margin: +38.2% -> +50.6% (+12.4%)",
      "severity": "MEDIUM"
    },
    {
      "quarter": "2023-06 (Q2)",
      "signal": "YoY REVENUE GROWTH DECELERATION",
      "detail": "YoY growth: +9.5% vs prior quarter YoY: +23.4% (decel: -13.9%)",
      "severity": "WARNING"
    },
    {
      "quarter": "2022-12 (Q4)",
      "signal": "YoY REVENUE GROWTH ACCELERATION",
      "detail": "YoY growth: +22.9% vs prior quarter YoY: +14.2% (accel: +8.8%)",
      "severity": "MEDIUM"
    },
    {
      "quarter": "2022-09 (Q3)",
      "signal": "FCF MARGIN EXPANSION",
      "detail": "FCF margin: +52.6% -> +74.7% (+22.2%)",
      "severity": "MEDIUM"
    },
    {
      "quarter": "2022-09 (Q3)",
      "signal": "YoY REVENUE GROWTH ACCELERATION",
      "detail": "YoY growth: +14.2% vs prior quarter YoY: +4.7% (accel: +9.5%)",
      "severity": "MEDIUM"
    },
    {
      "quarter": "2022-06 (Q2)",
      "signal": "FCF MARGIN EXPANSION",
      "detail": "FCF margin: +37.8% -> +52.6% (+14.7%)",
      "severity": "MEDIUM"
    },
    {
      "quarter": "2022-03 (Q1)",
      "signal": "YoY REVENUE GROWTH ACCELERATION",
      "detail": "YoY growth: +1.3% vs prior quarter YoY: -5.3% (accel: +6.5%)",
      "severity": "MEDIUM"
    },
    {
      "quarter": "2021-12 (Q4)",
      "signal": "FCF MARGIN EXPANSION",
      "detail": "FCF margin: +26.5% -> +67.3% (+40.8%)",
      "severity": "MEDIUM"
    },
    {
      "quarter": "2021-03 (Q1)",
      "signal": "FCF MARGIN EXPANSION",
      "detail": "FCF margin: +57.5% -> +89.1% (+31.6%)",
      "severity": "MEDIUM"
    }
  ],
  "data_quality": {
    "n_quarters": 20,
    "coverage": {
      "revenue": [
        20,
        20
      ],
      "gross_profit": [
        0,
        20
      ],
      "op_income": [
        0,
        20
      ],
      "fcf": [
        20,
        20
      ]
    },
    "gaps": [],
    "warnings": [
      "gross_profit: no data",
      "op_income: no data"
    ]
  },
  "market_cap": null,
  "source": "SEC EDGAR",
  "last_updated": "2026-02-02T21:18:40.451719",
  "sector": "Financial Services",
  "industry": "Banks - Regional"
}