{
  "ticker": "FHI",
  "name": "FEDERATED HERMES, INC.",
  "quarters": [
    {
      "date": "2020-12-31T00:00:00",
      "quarter_label": "2020-12 (Q4)",
      "revenue": 363918000,
      "gross_profit": null,
      "operating_income": 114775000,
      "net_income": 95168000,
      "opex": 249143000,
      "cogs": null,
      "rd": null,
      "sga": null,
      "fcf": 124842000,
      "ocf": 129783000,
      "capex": -4941000,
      "gross_margin": null,
      "op_margin": 0.31538698278183547,
      "fcf_margin": 0.34304980792376305
    },
    {
      "date": "2021-03-31T00:00:00",
      "quarter_label": "2021-03 (Q1)",
      "revenue": 341173000,
      "gross_profit": null,
      "operating_income": 97478000,
      "net_income": 74484000,
      "opex": 243695000,
      "cogs": null,
      "rd": null,
      "sga": null,
      "fcf": -32172000,
      "ocf": -30013000,
      "capex": -2159000,
      "gross_margin": null,
      "op_margin": 0.2857142857142857,
      "fcf_margin": -0.09429820061962699,
      "fcf_margin_change": -0.43734800854339007
    },
    {
      "date": "2021-06-30T00:00:00",
      "quarter_label": "2021-06 (Q2)",
      "revenue": 311040000,
      "gross_profit": null,
      "operating_income": 81809000,
      "net_income": 55884000,
      "opex": 229231000,
      "cogs": null,
      "rd": null,
      "sga": null,
      "fcf": 83868000,
      "ocf": 84964000,
      "capex": -1096000,
      "gross_margin": null,
      "op_margin": 0.2630176183127572,
      "fcf_margin": 0.2696373456790123,
      "fcf_margin_change": 0.36393554629863933
    },
    {
      "date": "2021-09-30T00:00:00",
      "quarter_label": "2021-09 (Q3)",
      "revenue": 326589000,
      "gross_profit": null,
      "operating_income": 98402000,
      "net_income": 71362000,
      "opex": 228187000,
      "cogs": null,
      "rd": null,
      "sga": null,
      "fcf": 41507000,
      "ocf": 46005000,
      "capex": -4498000,
      "gross_margin": null,
      "op_margin": 0.30130224839170944,
      "fcf_margin": 0.1270924617791781,
      "op_leverage_ratio": Infinity,
      "fcf_margin_change": -0.14254488389983422
    },
    {
      "date": "2021-12-31T00:00:00",
      "quarter_label": "2021-12 (Q4)",
      "revenue": 321645000,
      "gross_profit": null,
      "operating_income": 88583000,
      "net_income": 68563000,
      "opex": 233062000,
      "cogs": null,
      "rd": null,
      "sga": null,
      "fcf": 66759000,
      "ocf": 69427000,
      "capex": -2668000,
      "gross_margin": null,
      "op_margin": 0.2754061154378274,
      "fcf_margin": 0.2075549130252297,
      "incr_op_margin_yoy": 0.6195917015589146,
      "rev_growth_yoy": -0.11616078347320001,
      "fcf_margin_change": 0.08046245124605159
    },
    {
      "date": "2022-03-31T00:00:00",
      "quarter_label": "2022-03 (Q1)",
      "revenue": 324764000,
      "gross_profit": null,
      "operating_income": 83949000,
      "net_income": 55863000,
      "opex": 240815000,
      "cogs": null,
      "rd": null,
      "sga": null,
      "fcf": -21100000,
      "ocf": -19247000,
      "capex": -1853000,
      "gross_margin": null,
      "op_margin": 0.2584923205774039,
      "fcf_margin": -0.06497025532386595,
      "incr_op_margin_yoy": 0.8244865622524225,
      "rev_growth_yoy": -0.04809583407831217,
      "rev_growth_yoy_accel": 0.06806494939488783,
      "fcf_margin_change": -0.2725251683490956
    },
    {
      "date": "2022-06-30T00:00:00",
      "quarter_label": "2022-06 (Q2)",
      "revenue": 366008000,
      "gross_profit": null,
      "operating_income": 92318000,
      "net_income": 57657000,
      "opex": 273690000,
      "cogs": null,
      "rd": null,
      "sga": null,
      "fcf": 97727000,
      "ocf": 98763000,
      "capex": -1036000,
      "gross_margin": null,
      "op_margin": 0.2522294594653669,
      "fcf_margin": 0.2670078249655745,
      "incr_op_margin_yoy": 0.19118396157764517,
      "rev_growth_yoy": 0.1767232510288066,
      "rev_growth_yoy_accel": 0.22481908510711876,
      "op_leverage_ratio": 0.9302735431210815,
      "fcf_margin_change": 0.3319780802894405
    },
    {
      "date": "2022-09-30T00:00:00",
      "quarter_label": "2022-09 (Q3)",
      "revenue": 381143000,
      "gross_profit": null,
      "operating_income": 96780000,
      "net_income": 69479000,
      "opex": 284363000,
      "cogs": null,
      "rd": null,
      "sga": null,
      "fcf": 110814000,
      "ocf": 112019000,
      "capex": -1205000,
      "gross_margin": null,
      "op_margin": 0.2539204445575545,
      "fcf_margin": 0.2907412703368552,
      "incr_op_margin_yoy": -0.029732008651977858,
      "rev_growth_yoy": 0.16704175584603279,
      "rev_growth_yoy_accel": -0.009681495182773808,
      "op_leverage_ratio": 1.0603866889339149,
      "fcf_margin_change": 0.023733445371280693
    },
    {
      "date": "2022-12-31T00:00:00",
      "quarter_label": "2022-12 (Q4)",
      "revenue": 373899000,
      "gross_profit": null,
      "operating_income": 63749000,
      "net_income": 56497000,
      "opex": 310150000,
      "cogs": null,
      "rd": null,
      "sga": null,
      "fcf": 132135000,
      "ocf": 132413000,
      "capex": -278000,
      "gross_margin": null,
      "op_margin": 0.17049791521239693,
      "fcf_margin": 0.3533975752810251,
      "incr_op_margin_yoy": -0.47525548283385005,
      "rev_growth_yoy": 0.16245861120179078,
      "rev_growth_yoy_accel": -0.004583144644242004,
      "fcf_margin_change": 0.0626563049441699
    },
    {
      "date": "2023-03-31T00:00:00",
      "quarter_label": "2023-03 (Q1)",
      "revenue": 382189000,
      "gross_profit": null,
      "operating_income": 85166000,
      "net_income": 69601000,
      "opex": 297023000,
      "cogs": null,
      "rd": null,
      "sga": null,
      "fcf": 4681000,
      "ocf": 5420000,
      "capex": -739000,
      "gross_margin": null,
      "op_margin": 0.22283739197098817,
      "fcf_margin": 0.012247866893081695,
      "incr_op_margin_yoy": 0.021192860252503266,
      "rev_growth_yoy": 0.1768207067285783,
      "rev_growth_yoy_accel": 0.014362095526787522,
      "op_leverage_ratio": Infinity,
      "fcf_margin_change": -0.3411497083879434
    },
    {
      "date": "2023-06-30T00:00:00",
      "quarter_label": "2023-06 (Q2)",
      "revenue": 433232000,
      "gross_profit": null,
      "operating_income": 98389000,
      "net_income": 72175000,
      "opex": 334843000,
      "cogs": null,
      "rd": null,
      "sga": null,
      "fcf": 68161000,
      "ocf": 71144000,
      "capex": -2983000,
      "gross_margin": null,
      "op_margin": 0.22710464600952837,
      "fcf_margin": 0.15733140672895815,
      "incr_op_margin_yoy": 0.09031000833035821,
      "rev_growth_yoy": 0.18366811654390067,
      "rev_growth_yoy_accel": 0.006847409815322364,
      "op_leverage_ratio": 1.048881835050895,
      "fcf_margin_change": 0.14508353983587646
    },
    {
      "date": "2023-09-30T00:00:00",
      "quarter_label": "2023-09 (Q3)",
      "revenue": 402656000,
      "gross_profit": null,
      "operating_income": 101424000,
      "net_income": 75026000,
      "opex": 301232000,
      "cogs": null,
      "rd": null,
      "sga": null,
      "fcf": 103554000,
      "ocf": 105635000,
      "capex": -2081000,
      "gross_margin": null,
      "op_margin": 0.25188746721767463,
      "fcf_margin": 0.25717734244615753,
      "incr_op_margin_yoy": 0.2158694742713708,
      "rev_growth_yoy": 0.05644338214266036,
      "rev_growth_yoy_accel": -0.1272247344012403,
      "fcf_margin_change": 0.09984593571719938
    },
    {
      "date": "2023-12-31T00:00:00",
      "quarter_label": "2023-12 (Q4)",
      "revenue": 391497000,
      "gross_profit": null,
      "operating_income": 102570000,
      "net_income": 82178000,
      "opex": 288927000,
      "cogs": null,
      "rd": null,
      "sga": null,
      "fcf": 127520000,
      "ocf": 129632000,
      "capex": -2112000,
      "gross_margin": null,
      "op_margin": 0.2619943447842512,
      "fcf_margin": 0.32572407962257693,
      "incr_op_margin_yoy": 2.205989316967837,
      "rev_growth_yoy": 0.047066186323044455,
      "rev_growth_yoy_accel": -0.009377195819615908,
      "fcf_margin_change": 0.0685467371764194
    },
    {
      "date": "2024-03-31T00:00:00",
      "quarter_label": "2024-03 (Q1)",
      "revenue": 396371000,
      "gross_profit": null,
      "operating_income": 98581000,
      "net_income": 75033000,
      "opex": 297790000,
      "cogs": null,
      "rd": null,
      "sga": null,
      "fcf": 13462000,
      "ocf": 14031000,
      "capex": -569000,
      "gross_margin": null,
      "op_margin": 0.2487089116004955,
      "fcf_margin": 0.03396313050147463,
      "incr_op_margin_yoy": 0.9459173600338457,
      "rev_growth_yoy": 0.03710729508175274,
      "rev_growth_yoy_accel": -0.009958891241291713,
      "op_leverage_ratio": 0.40584898606809877,
      "fcf_margin_change": -0.2917609491211023
    },
    {
      "date": "2024-06-30T00:00:00",
      "quarter_label": "2024-06 (Q2)",
      "revenue": 402583000,
      "gross_profit": null,
      "operating_income": 40717000,
      "net_income": 21027000,
      "opex": 361866000,
      "cogs": null,
      "rd": null,
      "sga": null,
      "fcf": 82696000,
      "ocf": 88674000,
      "capex": -5978000,
      "gross_margin": null,
      "op_margin": 0.10113939237374653,
      "fcf_margin": 0.20541354205219794,
      "incr_op_margin_yoy": 1.8816927142810531,
      "rev_growth_yoy": -0.07074500498578129,
      "rev_growth_yoy_accel": -0.10785230006753403,
      "op_leverage_ratio": 0.07283569887536243,
      "fcf_margin_change": 0.17145041155072333
    },
    {
      "date": "2024-09-30T00:00:00",
      "quarter_label": "2024-09 (Q3)",
      "revenue": 408456000,
      "gross_profit": null,
      "operating_income": 111742000,
      "net_income": 87538000,
      "opex": 296714000,
      "cogs": null,
      "rd": null,
      "sga": null,
      "fcf": 120177000,
      "ocf": 117149000,
      "capex": 3028000,
      "gross_margin": null,
      "op_margin": 0.2735716943807901,
      "fcf_margin": 0.29422263352723427,
      "incr_op_margin_yoy": 1.7789655172413794,
      "rev_growth_yoy": 0.014404355082253835,
      "rev_growth_yoy_accel": 0.08514936006803513,
      "op_leverage_ratio": Infinity,
      "fcf_margin_change": 0.08880909147503632
    },
    {
      "date": "2024-12-31T00:00:00",
      "quarter_label": "2024-12 (Q4)",
      "revenue": 424683000,
      "gross_profit": null,
      "operating_income": 110427000,
      "net_income": 84716000,
      "opex": 314256000,
      "cogs": null,
      "rd": null,
      "sga": null,
      "fcf": 126195000,
      "ocf": 126700000,
      "capex": -505000,
      "gross_margin": null,
      "op_margin": 0.26002218125048565,
      "fcf_margin": 0.2971510514901703,
      "incr_op_margin_yoy": 0.23675646356897487,
      "rev_growth_yoy": 0.08476693307994697,
      "rev_growth_yoy_accel": 0.07036257799769313,
      "op_leverage_ratio": 0.6719730997196968,
      "fcf_margin_change": 0.002928417962936025
    },
    {
      "date": "2025-03-31T00:00:00",
      "quarter_label": "2025-03 (Q1)",
      "revenue": 423540000,
      "gross_profit": null,
      "operating_income": 131772000,
      "net_income": 101134000,
      "opex": 291768000,
      "cogs": null,
      "rd": null,
      "sga": null,
      "fcf": 13327000,
      "ocf": 14299000,
      "capex": -972000,
      "gross_margin": null,
      "op_margin": 0.3111205553194503,
      "fcf_margin": 0.03146574113424942,
      "incr_op_margin_yoy": 1.2216496742611065,
      "rev_growth_yoy": 0.06854436878580926,
      "rev_growth_yoy_accel": -0.01622256429413771,
      "fcf_margin_change": -0.26568531035592086
    },
    {
      "date": "2025-06-30T00:00:00",
      "quarter_label": "2025-06 (Q2)",
      "revenue": 424844000,
      "gross_profit": null,
      "operating_income": 117084000,
      "net_income": 91000000,
      "opex": 307760000,
      "cogs": null,
      "rd": null,
      "sga": null,
      "fcf": 18001000,
      "ocf": 18787000,
      "capex": -786000,
      "gross_margin": null,
      "op_margin": 0.2755929235201627,
      "fcf_margin": 0.042370846710792665,
      "incr_op_margin_yoy": 3.430528727370738,
      "rev_growth_yoy": 0.05529542976230988,
      "rev_growth_yoy_accel": -0.013248939023499377,
      "fcf_margin_change": 0.010905105576543242
    },
    {
      "date": "2025-09-30T00:00:00",
      "quarter_label": "2025-09 (Q3)",
      "revenue": 469446000,
      "gross_profit": null,
      "operating_income": 129452000,
      "net_income": 104126000,
      "opex": 339994000,
      "cogs": null,
      "rd": null,
      "sga": null,
      "fcf": 101629000,
      "ocf": 103059000,
      "capex": -1430000,
      "gross_margin": null,
      "op_margin": 0.2757548259011686,
      "fcf_margin": 0.21648709329720564,
      "incr_op_margin_yoy": 0.29037547138875225,
      "rev_growth_yoy": 0.14931840883718198,
      "rev_growth_yoy_accel": 0.09402297907487209,
      "op_leverage_ratio": 1.002357896170308,
      "fcf_margin_change": 0.17411624658641298
    }
  ],
  "signals": [
    {
      "quarter": "2025-09 (Q3)",
      "signal": "FCF MARGIN EXPANSION",
      "detail": "FCF margin: +4.2% -> +21.6% (+17.4%)",
      "severity": "MEDIUM"
    },
    {
      "quarter": "2025-09 (Q3)",
      "signal": "YoY REVENUE GROWTH ACCELERATION",
      "detail": "YoY growth: +14.9% vs prior quarter YoY: +5.5% (accel: +9.4%)",
      "severity": "MEDIUM"
    },
    {
      "quarter": "2025-06 (Q2)",
      "signal": "INCREMENTAL MARGIN (YoY)",
      "detail": "YoY Incr OPM: +343.1% vs year-ago OPM: +10.1%",
      "severity": "HIGH"
    },
    {
      "quarter": "2025-03 (Q1)",
      "signal": "INCREMENTAL MARGIN (YoY)",
      "detail": "YoY Incr OPM: +122.2% vs year-ago OPM: +24.9%",
      "severity": "HIGH"
    },
    {
      "quarter": "2024-12 (Q4)",
      "signal": "YoY REVENUE GROWTH ACCELERATION",
      "detail": "YoY growth: +8.5% vs prior quarter YoY: +1.4% (accel: +7.0%)",
      "severity": "MEDIUM"
    },
    {
      "quarter": "2024-09 (Q3)",
      "signal": "FCF MARGIN EXPANSION",
      "detail": "FCF margin: +20.5% -> +29.4% (+8.9%)",
      "severity": "MEDIUM"
    },
    {
      "quarter": "2024-09 (Q3)",
      "signal": "YoY REVENUE GROWTH ACCELERATION",
      "detail": "YoY growth: +1.4% vs prior quarter YoY: -7.1% (accel: +8.5%)",
      "severity": "MEDIUM"
    },
    {
      "quarter": "2024-09 (Q3)",
      "signal": "INCREMENTAL MARGIN (YoY)",
      "detail": "YoY Incr OPM: +177.9% vs year-ago OPM: +25.2%",
      "severity": "HIGH"
    },
    {
      "quarter": "2024-06 (Q2)",
      "signal": "FCF MARGIN EXPANSION",
      "detail": "FCF margin: +3.4% -> +20.5% (+17.1%)",
      "severity": "MEDIUM"
    },
    {
      "quarter": "2024-06 (Q2)",
      "signal": "YoY REVENUE GROWTH DECELERATION",
      "detail": "YoY growth: -7.1% vs prior quarter YoY: +3.7% (decel: -10.8%)",
      "severity": "WARNING"
    },
    {
      "quarter": "2024-06 (Q2)",
      "signal": "INCREMENTAL MARGIN (YoY)",
      "detail": "YoY Incr OPM: +188.2% vs year-ago OPM: +22.7%",
      "severity": "HIGH"
    },
    {
      "quarter": "2024-03 (Q1)",
      "signal": "INCREMENTAL MARGIN (YoY)",
      "detail": "YoY Incr OPM: +94.6% vs year-ago OPM: +22.3%",
      "severity": "HIGH"
    },
    {
      "quarter": "2023-12 (Q4)",
      "signal": "FCF MARGIN EXPANSION",
      "detail": "FCF margin: +25.7% -> +32.6% (+6.9%)",
      "severity": "MEDIUM"
    },
    {
      "quarter": "2023-12 (Q4)",
      "signal": "INCREMENTAL MARGIN (YoY)",
      "detail": "YoY Incr OPM: +220.6% vs year-ago OPM: +17.0%",
      "severity": "HIGH"
    },
    {
      "quarter": "2023-09 (Q3)",
      "signal": "FCF MARGIN EXPANSION",
      "detail": "FCF margin: +15.7% -> +25.7% (+10.0%)",
      "severity": "MEDIUM"
    },
    {
      "quarter": "2023-09 (Q3)",
      "signal": "YoY REVENUE GROWTH DECELERATION",
      "detail": "YoY growth: +5.6% vs prior quarter YoY: +18.4% (decel: -12.7%)",
      "severity": "WARNING"
    },
    {
      "quarter": "2023-06 (Q2)",
      "signal": "FCF MARGIN EXPANSION",
      "detail": "FCF margin: +1.2% -> +15.7% (+14.5%)",
      "severity": "MEDIUM"
    },
    {
      "quarter": "2022-12 (Q4)",
      "signal": "FCF MARGIN EXPANSION",
      "detail": "FCF margin: +29.1% -> +35.3% (+6.3%)",
      "severity": "MEDIUM"
    },
    {
      "quarter": "2022-06 (Q2)",
      "signal": "FCF TURNED POSITIVE",
      "detail": "FCF margin: -6.5% -> +26.7%",
      "severity": "HIGH"
    },
    {
      "quarter": "2022-06 (Q2)",
      "signal": "YoY REVENUE GROWTH ACCELERATION",
      "detail": "YoY growth: +17.7% vs prior quarter YoY: -4.8% (accel: +22.5%)",
      "severity": "HIGH"
    },
    {
      "quarter": "2022-03 (Q1)",
      "signal": "YoY REVENUE GROWTH ACCELERATION",
      "detail": "YoY growth: -4.8% vs prior quarter YoY: -11.6% (accel: +6.8%)",
      "severity": "MEDIUM"
    },
    {
      "quarter": "2022-03 (Q1)",
      "signal": "INCREMENTAL MARGIN (YoY)",
      "detail": "YoY Incr OPM: +82.4% vs year-ago OPM: +28.6%",
      "severity": "HIGH"
    },
    {
      "quarter": "2021-12 (Q4)",
      "signal": "FCF MARGIN EXPANSION",
      "detail": "FCF margin: +12.7% -> +20.8% (+8.0%)",
      "severity": "MEDIUM"
    },
    {
      "quarter": "2021-12 (Q4)",
      "signal": "INCREMENTAL MARGIN (YoY)",
      "detail": "YoY Incr OPM: +62.0% vs year-ago OPM: +31.5%",
      "severity": "HIGH"
    },
    {
      "quarter": "2021-06 (Q2)",
      "signal": "FCF TURNED POSITIVE",
      "detail": "FCF margin: -9.4% -> +27.0%",
      "severity": "HIGH"
    }
  ],
  "data_quality": {
    "n_quarters": 20,
    "coverage": {
      "revenue": [
        20,
        20
      ],
      "gross_profit": [
        0,
        20
      ],
      "op_income": [
        20,
        20
      ],
      "fcf": [
        20,
        20
      ]
    },
    "gaps": [],
    "warnings": [
      "gross_profit: no data"
    ]
  },
  "market_cap": null,
  "source": "SEC EDGAR",
  "last_updated": "2026-02-02T21:12:19.275745",
  "sector": "Financial Services",
  "industry": "Asset Management"
}