{
  "ticker": "FHN-PC",
  "name": "FIRST HORIZON CORP",
  "quarters": [
    {
      "date": "2017-03-31T00:00:00",
      "quarter_label": "2017-03 (Q1)",
      "revenue": 307647000,
      "gross_profit": null,
      "operating_income": null,
      "net_income": null,
      "opex": null,
      "cogs": null,
      "rd": null,
      "sga": null,
      "fcf": null,
      "ocf": null,
      "capex": null,
      "gross_margin": null,
      "op_margin": null,
      "fcf_margin": null
    },
    {
      "date": "2017-06-30T00:00:00",
      "quarter_label": "2017-06 (Q2)",
      "revenue": 330374000,
      "gross_profit": null,
      "operating_income": null,
      "net_income": null,
      "opex": null,
      "cogs": null,
      "rd": null,
      "sga": null,
      "fcf": null,
      "ocf": null,
      "capex": null,
      "gross_margin": null,
      "op_margin": null,
      "fcf_margin": null
    },
    {
      "date": "2017-09-30T00:00:00",
      "quarter_label": "2017-09 (Q3)",
      "revenue": 322234000,
      "gross_profit": null,
      "operating_income": null,
      "net_income": null,
      "opex": null,
      "cogs": null,
      "rd": null,
      "sga": null,
      "fcf": null,
      "ocf": null,
      "capex": null,
      "gross_margin": null,
      "op_margin": null,
      "fcf_margin": null
    },
    {
      "date": "2017-12-31T00:00:00",
      "quarter_label": "2017-12 (Q4)",
      "revenue": 372278000,
      "gross_profit": null,
      "operating_income": null,
      "net_income": null,
      "opex": null,
      "cogs": null,
      "rd": null,
      "sga": null,
      "fcf": null,
      "ocf": null,
      "capex": null,
      "gross_margin": null,
      "op_margin": null,
      "fcf_margin": null
    },
    {
      "date": "2018-03-31T00:00:00",
      "quarter_label": "2018-03 (Q1)",
      "revenue": 438190000,
      "gross_profit": null,
      "operating_income": null,
      "net_income": null,
      "opex": null,
      "cogs": null,
      "rd": null,
      "sga": null,
      "fcf": null,
      "ocf": null,
      "capex": null,
      "gross_margin": null,
      "op_margin": null,
      "fcf_margin": null,
      "rev_growth_yoy": 0.42432723218493923
    },
    {
      "date": "2018-06-30T00:00:00",
      "quarter_label": "2018-06 (Q2)",
      "revenue": 438457000,
      "gross_profit": null,
      "operating_income": null,
      "net_income": null,
      "opex": null,
      "cogs": null,
      "rd": null,
      "sga": null,
      "fcf": null,
      "ocf": null,
      "capex": null,
      "gross_margin": null,
      "op_margin": null,
      "fcf_margin": null,
      "rev_growth_yoy": 0.32715346849328336,
      "rev_growth_yoy_accel": -0.09717376369165587
    },
    {
      "date": "2018-09-30T00:00:00",
      "quarter_label": "2018-09 (Q3)",
      "revenue": 652672000,
      "gross_profit": null,
      "operating_income": null,
      "net_income": null,
      "opex": null,
      "cogs": null,
      "rd": null,
      "sga": null,
      "fcf": null,
      "ocf": null,
      "capex": null,
      "gross_margin": null,
      "op_margin": null,
      "fcf_margin": null,
      "rev_growth_yoy": 1.0254597590570826,
      "rev_growth_yoy_accel": 0.6983062905637993
    },
    {
      "date": "2018-12-31T00:00:00",
      "quarter_label": "2018-12 (Q4)",
      "revenue": 406786000,
      "gross_profit": null,
      "operating_income": null,
      "net_income": null,
      "opex": null,
      "cogs": null,
      "rd": null,
      "sga": null,
      "fcf": null,
      "ocf": null,
      "capex": null,
      "gross_margin": null,
      "op_margin": null,
      "fcf_margin": null,
      "rev_growth_yoy": 0.09269416941103154,
      "rev_growth_yoy_accel": -0.9327655896460512
    },
    {
      "date": "2019-03-31T00:00:00",
      "quarter_label": "2019-03 (Q1)",
      "revenue": 426553000,
      "gross_profit": null,
      "operating_income": null,
      "net_income": null,
      "opex": null,
      "cogs": null,
      "rd": null,
      "sga": null,
      "fcf": null,
      "ocf": null,
      "capex": null,
      "gross_margin": null,
      "op_margin": null,
      "fcf_margin": null,
      "rev_growth_yoy": -0.02655697300257879,
      "rev_growth_yoy_accel": -0.11925114241361032
    },
    {
      "date": "2019-06-30T00:00:00",
      "quarter_label": "2019-06 (Q2)",
      "revenue": 448603000,
      "gross_profit": null,
      "operating_income": null,
      "net_income": null,
      "opex": null,
      "cogs": null,
      "rd": null,
      "sga": null,
      "fcf": null,
      "ocf": null,
      "capex": null,
      "gross_margin": null,
      "op_margin": null,
      "fcf_margin": null,
      "rev_growth_yoy": 0.023140239521777507,
      "rev_growth_yoy_accel": 0.0496972125243563
    },
    {
      "date": "2019-09-30T00:00:00",
      "quarter_label": "2019-09 (Q3)",
      "revenue": 457411000,
      "gross_profit": null,
      "operating_income": null,
      "net_income": null,
      "opex": null,
      "cogs": null,
      "rd": null,
      "sga": null,
      "fcf": null,
      "ocf": null,
      "capex": null,
      "gross_margin": null,
      "op_margin": null,
      "fcf_margin": null,
      "rev_growth_yoy": -0.2991717125907041,
      "rev_growth_yoy_accel": -0.3223119521124816
    },
    {
      "date": "2019-12-31T00:00:00",
      "quarter_label": "2019-12 (Q4)",
      "revenue": 484700000,
      "gross_profit": null,
      "operating_income": null,
      "net_income": null,
      "opex": null,
      "cogs": null,
      "rd": null,
      "sga": null,
      "fcf": null,
      "ocf": null,
      "capex": null,
      "gross_margin": null,
      "op_margin": null,
      "fcf_margin": null,
      "rev_growth_yoy": 0.19153559857025562,
      "rev_growth_yoy_accel": 0.49070731116095967
    },
    {
      "date": "2023-06-30T00:00:00",
      "quarter_label": "2023-06 (Q2)",
      "revenue": 9000000,
      "gross_profit": null,
      "operating_income": null,
      "net_income": 325000000,
      "opex": null,
      "cogs": null,
      "rd": null,
      "sga": null,
      "fcf": 305000000,
      "ocf": 305000000,
      "capex": null,
      "gross_margin": null,
      "op_margin": null,
      "fcf_margin": 33.888888888888886
    },
    {
      "date": "2024-03-31T00:00:00",
      "quarter_label": "2024-03 (Q1)",
      "revenue": 819000000,
      "gross_profit": null,
      "operating_income": null,
      "net_income": 192000000,
      "opex": null,
      "cogs": null,
      "rd": null,
      "sga": null,
      "fcf": 828000000,
      "ocf": 838000000,
      "capex": -10000000,
      "gross_margin": null,
      "op_margin": null,
      "fcf_margin": 1.010989010989011,
      "fcf_margin_change": -32.87789987789988
    },
    {
      "date": "2024-06-30T00:00:00",
      "quarter_label": "2024-06 (Q2)",
      "revenue": 815000000,
      "gross_profit": null,
      "operating_income": null,
      "net_income": 199000000,
      "opex": null,
      "cogs": null,
      "rd": null,
      "sga": null,
      "fcf": -161000000,
      "ocf": -150000000,
      "capex": -11000000,
      "gross_margin": null,
      "op_margin": null,
      "fcf_margin": -0.19754601226993865,
      "rev_growth_yoy": 89.55555555555556,
      "fcf_margin_change": -1.2085350232589496
    },
    {
      "date": "2024-09-30T00:00:00",
      "quarter_label": "2024-09 (Q3)",
      "revenue": 827000000,
      "gross_profit": null,
      "operating_income": null,
      "net_income": 218000000,
      "opex": null,
      "cogs": null,
      "rd": null,
      "sga": null,
      "fcf": 383000000,
      "ocf": 389000000,
      "capex": -6000000,
      "gross_margin": null,
      "op_margin": null,
      "fcf_margin": 0.46311970979443773,
      "fcf_margin_change": 0.6606657220643763
    },
    {
      "date": "2024-12-31T00:00:00",
      "quarter_label": "2024-12 (Q4)",
      "revenue": 728000000,
      "gross_profit": null,
      "operating_income": null,
      "net_income": 166000000,
      "opex": null,
      "cogs": null,
      "rd": null,
      "sga": null,
      "fcf": 174000000,
      "ocf": 191000000,
      "capex": -17000000,
      "gross_margin": null,
      "op_margin": null,
      "fcf_margin": 0.23901098901098902,
      "fcf_margin_change": -0.2241087207834487
    },
    {
      "date": "2025-03-31T00:00:00",
      "quarter_label": "2025-03 (Q1)",
      "revenue": 812000000,
      "gross_profit": null,
      "operating_income": null,
      "net_income": 218000000,
      "opex": null,
      "cogs": null,
      "rd": null,
      "sga": null,
      "fcf": 340000000,
      "ocf": 349000000,
      "capex": -9000000,
      "gross_margin": null,
      "op_margin": null,
      "fcf_margin": 0.4187192118226601,
      "rev_growth_yoy": -0.008547008547008548,
      "fcf_margin_change": 0.17970822281167106
    },
    {
      "date": "2025-06-30T00:00:00",
      "quarter_label": "2025-06 (Q2)",
      "revenue": 830000000,
      "gross_profit": null,
      "operating_income": null,
      "net_income": 241000000,
      "opex": null,
      "cogs": null,
      "rd": null,
      "sga": null,
      "fcf": 74000000,
      "ocf": 83000000,
      "capex": -9000000,
      "gross_margin": null,
      "op_margin": null,
      "fcf_margin": 0.0891566265060241,
      "rev_growth_yoy": 0.018404907975460124,
      "rev_growth_yoy_accel": 0.026951916522468672,
      "fcf_margin_change": -0.32956258531663596
    },
    {
      "date": "2025-09-30T00:00:00",
      "quarter_label": "2025-09 (Q3)",
      "revenue": 889000000,
      "gross_profit": null,
      "operating_income": null,
      "net_income": 262000000,
      "opex": null,
      "cogs": null,
      "rd": null,
      "sga": null,
      "fcf": -208000000,
      "ocf": -200000000,
      "capex": -8000000,
      "gross_margin": null,
      "op_margin": null,
      "fcf_margin": -0.23397075365579303,
      "rev_growth_yoy": 0.07496977025392987,
      "rev_growth_yoy_accel": 0.05656486227846974,
      "fcf_margin_change": -0.32312738016181713
    }
  ],
  "signals": [
    {
      "quarter": "2025-09 (Q3)",
      "signal": "YoY REVENUE GROWTH ACCELERATION",
      "detail": "YoY growth: +7.5% vs prior quarter YoY: +1.8% (accel: +5.7%)",
      "severity": "MEDIUM"
    },
    {
      "quarter": "2025-03 (Q1)",
      "signal": "FCF MARGIN EXPANSION",
      "detail": "FCF margin: +23.9% -> +41.9% (+18.0%)",
      "severity": "MEDIUM"
    },
    {
      "quarter": "2024-09 (Q3)",
      "signal": "FCF TURNED POSITIVE",
      "detail": "FCF margin: -19.8% -> +46.3%",
      "severity": "HIGH"
    },
    {
      "quarter": "2019-12 (Q4)",
      "signal": "YoY REVENUE GROWTH ACCELERATION",
      "detail": "YoY growth: +19.2% vs prior quarter YoY: -29.9% (accel: +49.1%)",
      "severity": "HIGH"
    },
    {
      "quarter": "2019-09 (Q3)",
      "signal": "YoY REVENUE GROWTH DECELERATION",
      "detail": "YoY growth: -29.9% vs prior quarter YoY: +2.3% (decel: -32.2%)",
      "severity": "WARNING"
    },
    {
      "quarter": "2019-03 (Q1)",
      "signal": "YoY REVENUE GROWTH DECELERATION",
      "detail": "YoY growth: -2.7% vs prior quarter YoY: +9.3% (decel: -11.9%)",
      "severity": "WARNING"
    },
    {
      "quarter": "2018-12 (Q4)",
      "signal": "YoY REVENUE GROWTH DECELERATION",
      "detail": "YoY growth: +9.3% vs prior quarter YoY: +102.5% (decel: -93.3%)",
      "severity": "WARNING"
    },
    {
      "quarter": "2018-09 (Q3)",
      "signal": "YoY REVENUE GROWTH ACCELERATION",
      "detail": "YoY growth: +102.5% vs prior quarter YoY: +32.7% (accel: +69.8%)",
      "severity": "HIGH"
    },
    {
      "quarter": "2018-06 (Q2)",
      "signal": "YoY REVENUE GROWTH DECELERATION",
      "detail": "YoY growth: +32.7% vs prior quarter YoY: +42.4% (decel: -9.7%)",
      "severity": "WARNING"
    }
  ],
  "data_quality": {
    "n_quarters": 20,
    "coverage": {
      "revenue": [
        20,
        20
      ],
      "gross_profit": [
        0,
        20
      ],
      "op_income": [
        0,
        20
      ],
      "fcf": [
        8,
        20
      ]
    },
    "gaps": [
      [
        "2019-12 (Q4)",
        "2023-06 (Q2)",
        1277
      ],
      [
        "2023-06 (Q2)",
        "2024-03 (Q1)",
        275
      ]
    ],
    "warnings": [
      "gross_profit: no data",
      "op_income: no data",
      "fcf: 8/20Q",
      "gap: 13Q missing between 2019-12 (Q4) and 2023-06 (Q2)",
      "gap: 2Q missing between 2023-06 (Q2) and 2024-03 (Q1)"
    ]
  },
  "market_cap": null,
  "source": "SEC EDGAR",
  "last_updated": "2026-02-03T01:07:15.614338"
}