{
  "ticker": "FHTX",
  "name": "Foghorn Therapeutics Inc.",
  "quarters": [
    {
      "date": "2020-12-31T00:00:00",
      "quarter_label": "2020-12 (Q4)",
      "revenue": 251000,
      "gross_profit": null,
      "operating_income": -20779000,
      "net_income": -20758000,
      "opex": 21030000,
      "cogs": null,
      "rd": 16471000,
      "sga": null,
      "fcf": -18144000,
      "ocf": -10655000,
      "capex": -7489000,
      "gross_margin": null,
      "op_margin": -82.78486055776892,
      "fcf_margin": -72.28685258964144
    },
    {
      "date": "2021-03-31T00:00:00",
      "quarter_label": "2021-03 (Q1)",
      "revenue": 286000,
      "gross_profit": null,
      "operating_income": -23130000,
      "net_income": -22986000,
      "opex": 23416000,
      "cogs": null,
      "rd": 18726000,
      "sga": null,
      "fcf": -24941000,
      "ocf": -23147000,
      "capex": -1794000,
      "gross_margin": null,
      "op_margin": -80.87412587412588,
      "fcf_margin": -87.2062937062937,
      "op_leverage_ratio": 1.2290319025657637,
      "fcf_margin_change": -14.919441116652266
    },
    {
      "date": "2021-06-30T00:00:00",
      "quarter_label": "2021-06 (Q2)",
      "revenue": 279000,
      "gross_profit": null,
      "operating_income": -23261000,
      "net_income": -23111000,
      "opex": 23540000,
      "cogs": null,
      "rd": 18642000,
      "sga": null,
      "fcf": -19692000,
      "ocf": -18483000,
      "capex": -1209000,
      "gross_margin": null,
      "op_margin": -83.37275985663082,
      "fcf_margin": -70.58064516129032,
      "fcf_margin_change": 16.625648545003386
    },
    {
      "date": "2021-09-30T00:00:00",
      "quarter_label": "2021-09 (Q3)",
      "revenue": 41000,
      "gross_profit": null,
      "operating_income": -26261000,
      "net_income": -26080000,
      "opex": 26302000,
      "cogs": null,
      "rd": 20494000,
      "sga": null,
      "fcf": -20732000,
      "ocf": -20502000,
      "capex": -230000,
      "gross_margin": null,
      "op_margin": -640.5121951219512,
      "fcf_margin": -505.6585365853659,
      "fcf_margin_change": -435.0778914240756
    },
    {
      "date": "2021-12-31T00:00:00",
      "quarter_label": "2021-12 (Q4)",
      "revenue": 713000,
      "gross_profit": null,
      "operating_income": -28082000,
      "net_income": -29143000,
      "opex": 28795000,
      "cogs": null,
      "rd": 22463000,
      "sga": null,
      "fcf": 11802000,
      "ocf": 11882000,
      "capex": -80000,
      "gross_margin": null,
      "op_margin": -39.38569424964937,
      "fcf_margin": 16.552594670406734,
      "rev_growth_yoy": 1.840637450199203,
      "op_leverage_ratio": 172.92266150098322,
      "fcf_margin_change": 522.2111312557727
    },
    {
      "date": "2022-03-31T00:00:00",
      "quarter_label": "2022-03 (Q1)",
      "revenue": 3920000,
      "gross_profit": null,
      "operating_income": -27804000,
      "net_income": -26914000,
      "opex": 31724000,
      "cogs": null,
      "rd": 24508000,
      "sga": null,
      "fcf": 271287000,
      "ocf": 271534000,
      "capex": -247000,
      "gross_margin": null,
      "op_margin": -7.0928571428571425,
      "fcf_margin": 69.20586734693877,
      "incr_op_margin_yoy": -1.2861860209135938,
      "rev_growth_yoy": 12.706293706293707,
      "rev_growth_yoy_accel": 10.865656256094503,
      "op_leverage_ratio": 44.21881920745153,
      "fcf_margin_change": 52.65327267653204
    },
    {
      "date": "2022-06-30T00:00:00",
      "quarter_label": "2022-06 (Q2)",
      "revenue": 4490000,
      "gross_profit": null,
      "operating_income": -29188000,
      "net_income": -27313000,
      "opex": 33678000,
      "cogs": null,
      "rd": 25974000,
      "sga": null,
      "fcf": -29376000,
      "ocf": -29012000,
      "capex": -364000,
      "gross_margin": null,
      "op_margin": -6.500668151447662,
      "fcf_margin": -6.542538975501113,
      "incr_op_margin_yoy": -1.4075041557824746,
      "rev_growth_yoy": 15.093189964157705,
      "rev_growth_yoy_accel": 2.3868962578639987,
      "op_leverage_ratio": 2.3607618072817664,
      "fcf_margin_change": -75.74840632243989
    },
    {
      "date": "2022-09-30T00:00:00",
      "quarter_label": "2022-09 (Q3)",
      "revenue": 6634000,
      "gross_profit": null,
      "operating_income": -28259000,
      "net_income": -25769000,
      "opex": 34893000,
      "cogs": null,
      "rd": 26928000,
      "sga": null,
      "fcf": -20316000,
      "ocf": -19986000,
      "capex": -330000,
      "gross_margin": null,
      "op_margin": -4.259722640940609,
      "fcf_margin": -3.0624057883629785,
      "incr_op_margin_yoy": -0.3030486880024268,
      "rev_growth_yoy": 160.8048780487805,
      "rev_growth_yoy_accel": 145.71168808462278,
      "op_leverage_ratio": 13.23574692732822,
      "fcf_margin_change": 3.4801331871381347
    },
    {
      "date": "2022-12-31T00:00:00",
      "quarter_label": "2022-12 (Q4)",
      "revenue": 4184000,
      "gross_profit": null,
      "operating_income": -31886000,
      "net_income": -28886000,
      "opex": 36070000,
      "cogs": null,
      "rd": 28208000,
      "sga": null,
      "fcf": -29193000,
      "ocf": -28924000,
      "capex": -269000,
      "gross_margin": null,
      "op_margin": -7.62093690248566,
      "fcf_margin": -6.977294455066922,
      "incr_op_margin_yoy": -1.0959377700950734,
      "rev_growth_yoy": 4.868162692847124,
      "rev_growth_yoy_accel": -155.93671535593336,
      "fcf_margin_change": -3.914888666703943
    },
    {
      "date": "2023-03-31T00:00:00",
      "quarter_label": "2023-03 (Q1)",
      "revenue": 5309000,
      "gross_profit": null,
      "operating_income": -33317000,
      "net_income": -30488000,
      "opex": 38626000,
      "cogs": null,
      "rd": 29985000,
      "sga": null,
      "fcf": -31816000,
      "ocf": -31180000,
      "capex": -636000,
      "gross_margin": null,
      "op_margin": -6.27556978715389,
      "fcf_margin": -5.992842343190808,
      "incr_op_margin_yoy": -3.9690424766018717,
      "rev_growth_yoy": 0.35433673469387755,
      "rev_growth_yoy_accel": -4.513825958153247,
      "op_leverage_ratio": 3.7944264535588292,
      "fcf_margin_change": 0.9844521118761138
    },
    {
      "date": "2023-06-30T00:00:00",
      "quarter_label": "2023-06 (Q2)",
      "revenue": 5599000,
      "gross_profit": null,
      "operating_income": -32050000,
      "net_income": -29487000,
      "opex": 37649000,
      "cogs": null,
      "rd": 29248000,
      "sga": null,
      "fcf": -32644000,
      "ocf": -32175000,
      "capex": -469000,
      "gross_margin": null,
      "op_margin": -5.724236470798357,
      "fcf_margin": -5.8303268440793,
      "incr_op_margin_yoy": -2.5807033363390444,
      "rev_growth_yoy": 0.2469933184855234,
      "rev_growth_yoy_accel": -0.10734341620835416,
      "op_leverage_ratio": Infinity,
      "fcf_margin_change": 0.16251549911150764
    },
    {
      "date": "2023-09-30T00:00:00",
      "quarter_label": "2023-09 (Q3)",
      "revenue": 17478000,
      "gross_profit": null,
      "operating_income": -17081000,
      "net_income": -14345000,
      "opex": 34559000,
      "cogs": null,
      "rd": 26251000,
      "sga": null,
      "fcf": -27292000,
      "ocf": -27210000,
      "capex": -82000,
      "gross_margin": null,
      "op_margin": -0.9772857306327956,
      "fcf_margin": -1.561505893122783,
      "incr_op_margin_yoy": 1.030800442641092,
      "rev_growth_yoy": 1.6346095869761832,
      "rev_growth_yoy_accel": 1.3876162684906599,
      "op_leverage_ratio": Infinity,
      "fcf_margin_change": 4.268820950956517
    },
    {
      "date": "2023-12-31T00:00:00",
      "quarter_label": "2023-12 (Q4)",
      "revenue": 5769000,
      "gross_profit": null,
      "operating_income": -25458000,
      "net_income": -24106000,
      "opex": 31227000,
      "cogs": null,
      "rd": 24205000,
      "sga": null,
      "fcf": -27578000,
      "ocf": -27541000,
      "capex": -37000,
      "gross_margin": null,
      "op_margin": -4.412896515860634,
      "fcf_margin": -4.780377881781938,
      "incr_op_margin_yoy": 4.055520504731861,
      "rev_growth_yoy": 0.3788240917782027,
      "rev_growth_yoy_accel": -1.2557854951979806,
      "fcf_margin_change": -3.2188719886591546
    },
    {
      "date": "2024-03-31T00:00:00",
      "quarter_label": "2024-03 (Q1)",
      "revenue": 5050000,
      "gross_profit": null,
      "operating_income": -28194000,
      "net_income": -25016000,
      "opex": 33244000,
      "cogs": null,
      "rd": 25534000,
      "sga": null,
      "fcf": -29446000,
      "ocf": -29345000,
      "capex": -101000,
      "gross_margin": null,
      "op_margin": -5.582970297029703,
      "fcf_margin": -5.830891089108911,
      "rev_growth_yoy": -0.048785081936334525,
      "rev_growth_yoy_accel": -0.4276091737145372,
      "fcf_margin_change": -1.050513207326973
    },
    {
      "date": "2024-06-30T00:00:00",
      "quarter_label": "2024-06 (Q2)",
      "revenue": 6888000,
      "gross_profit": null,
      "operating_income": -26632000,
      "net_income": -22979000,
      "opex": 33520000,
      "cogs": null,
      "rd": 23797000,
      "sga": null,
      "fcf": -25554000,
      "ocf": -25537000,
      "capex": -17000,
      "gross_margin": null,
      "op_margin": -3.8664343786295006,
      "fcf_margin": -3.7099303135888504,
      "incr_op_margin_yoy": 4.203258339798293,
      "rev_growth_yoy": 0.2302196820860868,
      "rev_growth_yoy_accel": 0.27900476402242136,
      "op_leverage_ratio": 43.83876596355288,
      "fcf_margin_change": 2.1209607755200603
    },
    {
      "date": "2024-09-30T00:00:00",
      "quarter_label": "2024-09 (Q3)",
      "revenue": 7808000,
      "gross_profit": null,
      "operating_income": -23852000,
      "net_income": -19122000,
      "opex": 31660000,
      "cogs": null,
      "rd": 24689000,
      "sga": null,
      "fcf": -21314000,
      "ocf": -21005000,
      "capex": -309000,
      "gross_margin": null,
      "op_margin": -3.0548155737704916,
      "fcf_margin": -2.729764344262295,
      "incr_op_margin_yoy": 0.7002068252326784,
      "rev_growth_yoy": -0.553266964183545,
      "rev_growth_yoy_accel": -0.7834866462696318,
      "op_leverage_ratio": Infinity,
      "fcf_margin_change": 0.9801659693265554
    },
    {
      "date": "2024-12-31T00:00:00",
      "quarter_label": "2024-12 (Q4)",
      "revenue": 2856000,
      "gross_profit": null,
      "operating_income": -24005000,
      "net_income": -19503000,
      "opex": 26861000,
      "cogs": null,
      "rd": 20508000,
      "sga": null,
      "fcf": -24998000,
      "ocf": -24519000,
      "capex": -479000,
      "gross_margin": null,
      "op_margin": -8.405112044817928,
      "fcf_margin": -8.75280112044818,
      "incr_op_margin_yoy": -0.49879848952969447,
      "rev_growth_yoy": -0.5049401976079043,
      "rev_growth_yoy_accel": 0.04832676657564072,
      "fcf_margin_change": -6.023036776185885
    },
    {
      "date": "2025-03-31T00:00:00",
      "quarter_label": "2025-03 (Q1)",
      "revenue": 5952000,
      "gross_profit": null,
      "operating_income": -22913000,
      "net_income": -18834000,
      "opex": 28865000,
      "cogs": null,
      "rd": 21626000,
      "sga": null,
      "fcf": -23996000,
      "ocf": -23968000,
      "capex": -28000,
      "gross_margin": null,
      "op_margin": -3.849630376344086,
      "fcf_margin": -4.031586021505376,
      "rev_growth_yoy": 0.1786138613861386,
      "rev_growth_yoy_accel": 0.683554058994043,
      "op_leverage_ratio": 14.530053338700748,
      "fcf_margin_change": 4.721215098942803
    },
    {
      "date": "2025-06-30T00:00:00",
      "quarter_label": "2025-06 (Q2)",
      "revenue": 7557000,
      "gross_profit": null,
      "operating_income": -21097000,
      "net_income": -17936000,
      "opex": 28654000,
      "cogs": null,
      "rd": 21792000,
      "sga": null,
      "fcf": -21022000,
      "ocf": -21000000,
      "capex": -22000,
      "gross_margin": null,
      "op_margin": -2.7917162895328835,
      "fcf_margin": -2.7817917162895327,
      "rev_growth_yoy": 0.09712543554006968,
      "rev_growth_yoy_accel": -0.08148842584606893,
      "op_leverage_ratio": Infinity,
      "fcf_margin_change": 1.2497943052158433
    },
    {
      "date": "2025-09-30T00:00:00",
      "quarter_label": "2025-09 (Q3)",
      "revenue": 8153000,
      "gross_profit": null,
      "operating_income": -18501000,
      "net_income": -15849000,
      "opex": 26654000,
      "cogs": null,
      "rd": 20002000,
      "sga": null,
      "fcf": -18860000,
      "ocf": -18860000,
      "capex": null,
      "gross_margin": null,
      "op_margin": -2.2692260517600884,
      "fcf_margin": -2.313258923095793,
      "rev_growth_yoy": 0.04418545081967213,
      "rev_growth_yoy_accel": -0.05293998472039755,
      "op_leverage_ratio": Infinity,
      "fcf_margin_change": 0.46853279319373975
    }
  ],
  "signals": [
    {
      "quarter": "2025-09 (Q3)",
      "signal": "FCF MARGIN EXPANSION",
      "detail": "FCF margin: -278.2% -> -231.3% (+46.9%)",
      "severity": "MEDIUM"
    },
    {
      "quarter": "2025-09 (Q3)",
      "signal": "YoY REVENUE GROWTH DECELERATION",
      "detail": "YoY growth: +4.4% vs prior quarter YoY: +9.7% (decel: -5.3%)",
      "severity": "WARNING"
    },
    {
      "quarter": "2025-06 (Q2)",
      "signal": "FCF MARGIN EXPANSION",
      "detail": "FCF margin: -403.2% -> -278.2% (+125.0%)",
      "severity": "MEDIUM"
    },
    {
      "quarter": "2025-06 (Q2)",
      "signal": "YoY REVENUE GROWTH DECELERATION",
      "detail": "YoY growth: +9.7% vs prior quarter YoY: +17.9% (decel: -8.1%)",
      "severity": "WARNING"
    },
    {
      "quarter": "2025-03 (Q1)",
      "signal": "FCF MARGIN EXPANSION",
      "detail": "FCF margin: -875.3% -> -403.2% (+472.1%)",
      "severity": "MEDIUM"
    },
    {
      "quarter": "2025-03 (Q1)",
      "signal": "OPERATING LEVERAGE",
      "detail": "Rev growth +108.4% vs OpEx growth +7.5% (leverage: 14.5x)",
      "severity": "MEDIUM"
    },
    {
      "quarter": "2025-03 (Q1)",
      "signal": "YoY REVENUE GROWTH ACCELERATION",
      "detail": "YoY growth: +17.9% vs prior quarter YoY: -50.5% (accel: +68.4%)",
      "severity": "HIGH"
    },
    {
      "quarter": "2024-09 (Q3)",
      "signal": "FCF MARGIN EXPANSION",
      "detail": "FCF margin: -371.0% -> -273.0% (+98.0%)",
      "severity": "MEDIUM"
    },
    {
      "quarter": "2024-09 (Q3)",
      "signal": "YoY REVENUE GROWTH DECELERATION",
      "detail": "YoY growth: -55.3% vs prior quarter YoY: +23.0% (decel: -78.3%)",
      "severity": "WARNING"
    },
    {
      "quarter": "2024-06 (Q2)",
      "signal": "FCF MARGIN EXPANSION",
      "detail": "FCF margin: -583.1% -> -371.0% (+212.1%)",
      "severity": "MEDIUM"
    },
    {
      "quarter": "2024-06 (Q2)",
      "signal": "OPERATING LEVERAGE",
      "detail": "Rev growth +36.4% vs OpEx growth +0.8% (leverage: 43.8x)",
      "severity": "MEDIUM"
    },
    {
      "quarter": "2024-06 (Q2)",
      "signal": "YoY REVENUE GROWTH ACCELERATION",
      "detail": "YoY growth: +23.0% vs prior quarter YoY: -4.9% (accel: +27.9%)",
      "severity": "HIGH"
    },
    {
      "quarter": "2024-03 (Q1)",
      "signal": "YoY REVENUE GROWTH DECELERATION",
      "detail": "YoY growth: -4.9% vs prior quarter YoY: +37.9% (decel: -42.8%)",
      "severity": "WARNING"
    },
    {
      "quarter": "2023-12 (Q4)",
      "signal": "YoY REVENUE GROWTH DECELERATION",
      "detail": "YoY growth: +37.9% vs prior quarter YoY: +163.5% (decel: -125.6%)",
      "severity": "WARNING"
    },
    {
      "quarter": "2023-09 (Q3)",
      "signal": "FCF MARGIN EXPANSION",
      "detail": "FCF margin: -583.0% -> -156.2% (+426.9%)",
      "severity": "MEDIUM"
    },
    {
      "quarter": "2023-09 (Q3)",
      "signal": "YoY REVENUE GROWTH ACCELERATION",
      "detail": "YoY growth: +163.5% vs prior quarter YoY: +24.7% (accel: +138.8%)",
      "severity": "HIGH"
    },
    {
      "quarter": "2023-06 (Q2)",
      "signal": "FCF MARGIN EXPANSION",
      "detail": "FCF margin: -599.3% -> -583.0% (+16.3%)",
      "severity": "MEDIUM"
    },
    {
      "quarter": "2023-06 (Q2)",
      "signal": "YoY REVENUE GROWTH DECELERATION",
      "detail": "YoY growth: +24.7% vs prior quarter YoY: +35.4% (decel: -10.7%)",
      "severity": "WARNING"
    },
    {
      "quarter": "2023-03 (Q1)",
      "signal": "FCF MARGIN EXPANSION",
      "detail": "FCF margin: -697.7% -> -599.3% (+98.4%)",
      "severity": "MEDIUM"
    },
    {
      "quarter": "2023-03 (Q1)",
      "signal": "OPERATING LEVERAGE",
      "detail": "Rev growth +26.9% vs OpEx growth +7.1% (leverage: 3.8x)",
      "severity": "MEDIUM"
    },
    {
      "quarter": "2023-03 (Q1)",
      "signal": "YoY REVENUE GROWTH DECELERATION",
      "detail": "YoY growth: +35.4% vs prior quarter YoY: +486.8% (decel: -451.4%)",
      "severity": "WARNING"
    },
    {
      "quarter": "2022-12 (Q4)",
      "signal": "YoY REVENUE GROWTH DECELERATION",
      "detail": "YoY growth: +486.8% vs prior quarter YoY: +16080.5% (decel: -15593.7%)",
      "severity": "WARNING"
    },
    {
      "quarter": "2022-09 (Q3)",
      "signal": "FCF MARGIN EXPANSION",
      "detail": "FCF margin: -654.3% -> -306.2% (+348.0%)",
      "severity": "MEDIUM"
    },
    {
      "quarter": "2022-09 (Q3)",
      "signal": "OPERATING LEVERAGE",
      "detail": "Rev growth +47.8% vs OpEx growth +3.6% (leverage: 13.2x)",
      "severity": "MEDIUM"
    },
    {
      "quarter": "2022-09 (Q3)",
      "signal": "YoY REVENUE GROWTH ACCELERATION",
      "detail": "YoY growth: +16080.5% vs prior quarter YoY: +1509.3% (accel: +14571.2%)",
      "severity": "HIGH"
    },
    {
      "quarter": "2022-06 (Q2)",
      "signal": "OPERATING LEVERAGE",
      "detail": "Rev growth +14.5% vs OpEx growth +6.2% (leverage: 2.4x)",
      "severity": "MEDIUM"
    },
    {
      "quarter": "2022-06 (Q2)",
      "signal": "YoY REVENUE GROWTH ACCELERATION",
      "detail": "YoY growth: +1509.3% vs prior quarter YoY: +1270.6% (accel: +238.7%)",
      "severity": "HIGH"
    },
    {
      "quarter": "2022-03 (Q1)",
      "signal": "FCF MARGIN EXPANSION",
      "detail": "FCF margin: +1655.3% -> +6920.6% (+5265.3%)",
      "severity": "MEDIUM"
    },
    {
      "quarter": "2022-03 (Q1)",
      "signal": "OPERATING LEVERAGE",
      "detail": "Rev growth +449.8% vs OpEx growth +10.2% (leverage: 44.2x)",
      "severity": "MEDIUM"
    },
    {
      "quarter": "2022-03 (Q1)",
      "signal": "YoY REVENUE GROWTH ACCELERATION",
      "detail": "YoY growth: +1270.6% vs prior quarter YoY: +184.1% (accel: +1086.6%)",
      "severity": "HIGH"
    },
    {
      "quarter": "2021-12 (Q4)",
      "signal": "FCF TURNED POSITIVE",
      "detail": "FCF margin: -50565.9% -> +1655.3%",
      "severity": "HIGH"
    },
    {
      "quarter": "2021-12 (Q4)",
      "signal": "OPERATING LEVERAGE",
      "detail": "Rev growth +1639.0% vs OpEx growth +9.5% (leverage: 172.9x)",
      "severity": "MEDIUM"
    },
    {
      "quarter": "2021-06 (Q2)",
      "signal": "FCF MARGIN EXPANSION",
      "detail": "FCF margin: -8720.6% -> -7058.1% (+1662.6%)",
      "severity": "MEDIUM"
    }
  ],
  "data_quality": {
    "n_quarters": 20,
    "coverage": {
      "revenue": [
        20,
        20
      ],
      "gross_profit": [
        0,
        20
      ],
      "op_income": [
        20,
        20
      ],
      "fcf": [
        20,
        20
      ]
    },
    "gaps": [],
    "warnings": [
      "gross_profit: no data"
    ]
  },
  "market_cap": null,
  "source": "SEC EDGAR",
  "last_updated": "2026-02-02T22:40:57.551150"
}