{
  "ticker": "FIGS",
  "name": "FIGS, Inc.",
  "quarters": [
    {
      "date": "2020-12-31T00:00:00",
      "quarter_label": "2020-12 (Q4)",
      "revenue": 90193000,
      "gross_profit": 64059000,
      "operating_income": 12771000,
      "net_income": 12126000,
      "opex": 51288000,
      "cogs": 26134000,
      "rd": null,
      "sga": null,
      "fcf": -1242000,
      "ocf": -1242000,
      "capex": null,
      "gross_margin": 0.7102435887485725,
      "op_margin": 0.1415963544842726,
      "fcf_margin": -0.013770469992127991
    },
    {
      "date": "2021-03-31T00:00:00",
      "quarter_label": "2021-03 (Q1)",
      "revenue": 87079000,
      "gross_profit": 62360000,
      "operating_income": 16060000,
      "net_income": 11440000,
      "opex": 46300000,
      "cogs": 24719000,
      "rd": null,
      "sga": null,
      "fcf": 16109000,
      "ocf": 16109000,
      "capex": null,
      "gross_margin": 0.716131329023071,
      "op_margin": 0.1844302300210154,
      "fcf_margin": 0.18499293744760506,
      "fcf_margin_change": 0.19876340743973306
    },
    {
      "date": "2021-06-30T00:00:00",
      "quarter_label": "2021-06 (Q2)",
      "revenue": 101117000,
      "gross_profit": 74153000,
      "operating_income": -32061000,
      "net_income": -40546000,
      "opex": 106214000,
      "cogs": 26964000,
      "rd": null,
      "sga": null,
      "fcf": 16632000,
      "ocf": 16632000,
      "capex": null,
      "gross_margin": 0.7333386077514167,
      "op_margin": -0.3170683465688262,
      "fcf_margin": 0.1644827279290327,
      "op_leverage_ratio": 0.12457889688204521,
      "fcf_margin_change": -0.020510209518572353
    },
    {
      "date": "2021-09-30T00:00:00",
      "quarter_label": "2021-09 (Q3)",
      "revenue": 102696000,
      "gross_profit": 74705000,
      "operating_income": 10551000,
      "net_income": 6954000,
      "opex": 64154000,
      "cogs": 27991000,
      "rd": null,
      "sga": null,
      "fcf": 18778000,
      "ocf": 19763000,
      "capex": -985000,
      "gross_margin": 0.7274382643919919,
      "op_margin": 0.10274012619770974,
      "fcf_margin": 0.18285035444418477,
      "op_leverage_ratio": Infinity,
      "fcf_margin_change": 0.018367626515152058
    },
    {
      "date": "2021-12-31T00:00:00",
      "quarter_label": "2021-12 (Q4)",
      "revenue": 128699000,
      "gross_profit": 90003000,
      "operating_income": 16434000,
      "net_income": 12596000,
      "opex": 73569000,
      "cogs": 38696000,
      "rd": null,
      "sga": null,
      "fcf": 13229000,
      "ocf": 13933000,
      "capex": -704000,
      "gross_margin": 0.6993294431192162,
      "op_margin": 0.12769329987023986,
      "fcf_margin": 0.10279023147032999,
      "incr_op_margin_yoy": 0.09512803199501377,
      "rev_growth_yoy": 0.42692891909571695,
      "op_leverage_ratio": 1.7253346455088603,
      "fcf_margin_change": -0.08006012297385477
    },
    {
      "date": "2022-03-31T00:00:00",
      "quarter_label": "2022-03 (Q1)",
      "revenue": 110100000,
      "gross_profit": 78430000,
      "operating_income": 13745000,
      "net_income": 8899000,
      "opex": 64685000,
      "cogs": 31670000,
      "rd": null,
      "sga": null,
      "fcf": -8381000,
      "ocf": -8017000,
      "capex": -364000,
      "gross_margin": 0.7123524069028156,
      "op_margin": 0.12484105358764759,
      "fcf_margin": -0.07612170753860127,
      "incr_op_margin_yoy": -0.10056035793406021,
      "rev_growth_yoy": 0.2643691360718428,
      "rev_growth_yoy_accel": -0.16255978302387414,
      "fcf_margin_change": -0.17891193900893126
    },
    {
      "date": "2022-06-30T00:00:00",
      "quarter_label": "2022-06 (Q2)",
      "revenue": 122247000,
      "gross_profit": 86348000,
      "operating_income": 9451000,
      "net_income": 4852000,
      "opex": 76897000,
      "cogs": 35899000,
      "rd": null,
      "sga": null,
      "fcf": -19881000,
      "ocf": -18518000,
      "capex": -1363000,
      "gross_margin": 0.7063404418922345,
      "op_margin": 0.07731069065089533,
      "fcf_margin": -0.16262975778546712,
      "incr_op_margin_yoy": 1.9646000946521534,
      "rev_growth_yoy": 0.20896585143942167,
      "rev_growth_yoy_accel": -0.05540328463242114,
      "op_leverage_ratio": 0.5843842457189115,
      "fcf_margin_change": -0.08650805024686585
    },
    {
      "date": "2022-09-30T00:00:00",
      "quarter_label": "2022-09 (Q3)",
      "revenue": 128589000,
      "gross_profit": 90833000,
      "operating_income": 11210000,
      "net_income": 4044000,
      "opex": 79623000,
      "cogs": 37756000,
      "rd": null,
      "sga": null,
      "fcf": -15875000,
      "ocf": -13346000,
      "capex": -2529000,
      "gross_margin": 0.7063823499677266,
      "op_margin": 0.08717697470234624,
      "fcf_margin": -0.12345534999105678,
      "incr_op_margin_yoy": 0.02545089406403275,
      "rev_growth_yoy": 0.25213250759523254,
      "rev_growth_yoy_accel": 0.04316665615581086,
      "op_leverage_ratio": 1.463428716937848,
      "fcf_margin_change": 0.03917440779441034
    },
    {
      "date": "2022-12-31T00:00:00",
      "quarter_label": "2022-12 (Q4)",
      "revenue": 144898000,
      "gross_profit": 98848000,
      "operating_income": 3260000,
      "net_income": 3391000,
      "opex": 95588000,
      "cogs": 46050000,
      "rd": null,
      "sga": null,
      "fcf": 3460000,
      "ocf": 4552000,
      "capex": -1092000,
      "gross_margin": 0.6821902303689492,
      "op_margin": 0.022498585211666138,
      "fcf_margin": 0.02387886651299535,
      "incr_op_margin_yoy": -0.8132600777825791,
      "rev_growth_yoy": 0.1258673338565179,
      "rev_growth_yoy_accel": -0.12626517373871463,
      "op_leverage_ratio": 0.6325474766804315,
      "fcf_margin_change": 0.14733421650405212
    },
    {
      "date": "2023-03-31T00:00:00",
      "quarter_label": "2023-03 (Q1)",
      "revenue": 120232000,
      "gross_profit": 85676000,
      "operating_income": 3297000,
      "net_income": 1909000,
      "opex": 82379000,
      "cogs": 34556000,
      "rd": null,
      "sga": null,
      "fcf": -3653000,
      "ocf": -2881000,
      "capex": -772000,
      "gross_margin": 0.7125889946104198,
      "op_margin": 0.027421984163949698,
      "fcf_margin": -0.030382926342404686,
      "incr_op_margin_yoy": -1.0311883142518752,
      "rev_growth_yoy": 0.09202543142597638,
      "rev_growth_yoy_accel": -0.033841902430541526,
      "fcf_margin_change": -0.05426179285540003
    },
    {
      "date": "2023-06-30T00:00:00",
      "quarter_label": "2023-06 (Q2)",
      "revenue": 138132000,
      "gross_profit": 96034000,
      "operating_income": 6566000,
      "net_income": 4582000,
      "opex": 89468000,
      "cogs": 42098000,
      "rd": null,
      "sga": null,
      "fcf": 28560000,
      "ocf": 29401000,
      "capex": -841000,
      "gross_margin": 0.6952335447253352,
      "op_margin": 0.047534242608519385,
      "fcf_margin": 0.20675875249761097,
      "incr_op_margin_yoy": -0.1816178785017312,
      "rev_growth_yoy": 0.1299418390635353,
      "rev_growth_yoy_accel": 0.03791640763755891,
      "op_leverage_ratio": 1.7300732807154489,
      "fcf_margin_change": 0.23714167884001566
    },
    {
      "date": "2023-09-30T00:00:00",
      "quarter_label": "2023-09 (Q3)",
      "revenue": 142364000,
      "gross_profit": 97393000,
      "operating_income": 9954000,
      "net_income": 6146000,
      "opex": 87439000,
      "cogs": 44971000,
      "rd": null,
      "sga": null,
      "fcf": 46007000,
      "ocf": 54127000,
      "capex": -8120000,
      "gross_margin": 0.684112556545194,
      "op_margin": 0.06991936163636875,
      "fcf_margin": 0.32316456407518757,
      "incr_op_margin_yoy": -0.09117967332123413,
      "rev_growth_yoy": 0.10712424857491698,
      "rev_growth_yoy_accel": -0.02281759048861831,
      "op_leverage_ratio": Infinity,
      "fcf_margin_change": 0.1164058115775766
    },
    {
      "date": "2023-12-31T00:00:00",
      "quarter_label": "2023-12 (Q4)",
      "revenue": 144918000,
      "gross_profit": 97860000,
      "operating_income": 14228000,
      "net_income": 10000000,
      "opex": 83632000,
      "cogs": 47058000,
      "rd": null,
      "sga": null,
      "fcf": 13653000,
      "ocf": 20268000,
      "capex": -6615000,
      "gross_margin": 0.6752784333209125,
      "op_margin": 0.09817966022164258,
      "fcf_margin": 0.0942118991429636,
      "rev_growth_yoy": 0.0001380281301329211,
      "rev_growth_yoy_accel": -0.10698622044478406,
      "op_leverage_ratio": Infinity,
      "fcf_margin_change": -0.22895266493222396
    },
    {
      "date": "2024-03-31T00:00:00",
      "quarter_label": "2024-03 (Q1)",
      "revenue": 119293000,
      "gross_profit": 82137000,
      "operating_income": 443000,
      "net_income": 1435000,
      "opex": 81694000,
      "cogs": 37156000,
      "rd": null,
      "sga": null,
      "fcf": 11123000,
      "ocf": 11619000,
      "capex": -496000,
      "gross_margin": 0.6885315986688239,
      "op_margin": 0.003713545639727394,
      "fcf_margin": 0.09324101162683476,
      "rev_growth_yoy": -0.007809900858340542,
      "rev_growth_yoy_accel": -0.007947928988473463,
      "fcf_margin_change": -0.0009708875161288377
    },
    {
      "date": "2024-06-30T00:00:00",
      "quarter_label": "2024-06 (Q2)",
      "revenue": 144225000,
      "gross_profit": 97264000,
      "operating_income": 1553000,
      "net_income": 1100000,
      "opex": 95711000,
      "cogs": 46961000,
      "rd": null,
      "sga": null,
      "fcf": 7546000,
      "ocf": 16539000,
      "capex": -8993000,
      "gross_margin": 0.6743907089616918,
      "op_margin": 0.010767897382561968,
      "fcf_margin": 0.05232102617438031,
      "incr_op_margin_yoy": -0.8227474150664698,
      "rev_growth_yoy": 0.04410998175658066,
      "rev_growth_yoy_accel": 0.0519198826149212,
      "op_leverage_ratio": 1.2180840192709874,
      "fcf_margin_change": -0.040919985452454455
    },
    {
      "date": "2024-09-30T00:00:00",
      "quarter_label": "2024-09 (Q3)",
      "revenue": 140209000,
      "gross_profit": 94028000,
      "operating_income": -8629000,
      "net_income": -1700000,
      "opex": 102657000,
      "cogs": 46181000,
      "rd": null,
      "sga": null,
      "fcf": 18419000,
      "ocf": 22588000,
      "capex": -4169000,
      "gross_margin": 0.6706274204936915,
      "op_margin": -0.061543838127367,
      "fcf_margin": 0.131368171800669,
      "incr_op_margin_yoy": 8.623201856148492,
      "rev_growth_yoy": -0.015137253800118008,
      "rev_growth_yoy_accel": -0.05924723555669867,
      "fcf_margin_change": 0.0790471456262887
    },
    {
      "date": "2024-12-31T00:00:00",
      "quarter_label": "2024-12 (Q4)",
      "revenue": 151832000,
      "gross_profit": 102196000,
      "operating_income": 8900000,
      "net_income": 1885000,
      "opex": 93296000,
      "cogs": 49636000,
      "rd": null,
      "sga": null,
      "fcf": 27053000,
      "ocf": 30416000,
      "capex": -3363000,
      "gross_margin": 0.673086042467991,
      "op_margin": 0.058617419252858426,
      "fcf_margin": 0.17817719584804256,
      "incr_op_margin_yoy": -0.7706103557998264,
      "rev_growth_yoy": 0.047709739300845995,
      "rev_growth_yoy_accel": 0.062846993100964,
      "op_leverage_ratio": Infinity,
      "fcf_margin_change": 0.046809024047373554
    },
    {
      "date": "2025-03-31T00:00:00",
      "quarter_label": "2025-03 (Q1)",
      "revenue": 124901000,
      "gross_profit": 84459000,
      "operating_income": -211000,
      "net_income": -102000,
      "opex": 84670000,
      "cogs": 40442000,
      "rd": null,
      "sga": null,
      "fcf": 7925000,
      "ocf": 9235000,
      "capex": -1310000,
      "gross_margin": 0.6762075563846567,
      "op_margin": -0.0016893379556608835,
      "fcf_margin": 0.06345025260005925,
      "incr_op_margin_yoy": -0.1166191155492154,
      "rev_growth_yoy": 0.04701030236476574,
      "rev_growth_yoy_accel": -0.0006994369360802527,
      "fcf_margin_change": -0.11472694324798331
    },
    {
      "date": "2025-06-30T00:00:00",
      "quarter_label": "2025-06 (Q2)",
      "revenue": 152640000,
      "gross_profit": 102246000,
      "operating_income": 9915000,
      "net_income": 7099000,
      "opex": 92331000,
      "cogs": 50394000,
      "rd": null,
      "sga": null,
      "fcf": -13519000,
      "ocf": -12430000,
      "capex": -1089000,
      "gross_margin": 0.6698506289308176,
      "op_margin": 0.0649567610062893,
      "fcf_margin": -0.08856787211740041,
      "incr_op_margin_yoy": 0.9937017231134878,
      "rev_growth_yoy": 0.05834633385335414,
      "rev_growth_yoy_accel": 0.011336031488588395,
      "op_leverage_ratio": 2.4545336055483706,
      "fcf_margin_change": -0.15201812471745968
    },
    {
      "date": "2025-09-30T00:00:00",
      "quarter_label": "2025-09 (Q3)",
      "revenue": 151661000,
      "gross_profit": 106068000,
      "operating_income": 9635000,
      "net_income": 8746000,
      "opex": 96433000,
      "cogs": 45593000,
      "rd": null,
      "sga": null,
      "fcf": 531000,
      "ocf": 3437000,
      "capex": -2906000,
      "gross_margin": 0.6993755810656662,
      "op_margin": 0.06352984617007669,
      "fcf_margin": 0.0035012297162751137,
      "incr_op_margin_yoy": 1.594830597275585,
      "rev_growth_yoy": 0.08167806631528647,
      "rev_growth_yoy_accel": 0.023331732461932334,
      "fcf_margin_change": 0.09206910183367553
    }
  ],
  "signals": [
    {
      "quarter": "2025-09 (Q3)",
      "signal": "FCF TURNED POSITIVE",
      "detail": "FCF margin: -8.9% -> +0.4%",
      "severity": "HIGH"
    },
    {
      "quarter": "2025-09 (Q3)",
      "signal": "GROSS MARGIN INFLECTION",
      "detail": "GM: +67.6% -> +67.0% -> +69.9% (reversal +3.0%)",
      "severity": "MEDIUM"
    },
    {
      "quarter": "2025-09 (Q3)",
      "signal": "OP MARGIN TURNED POSITIVE (YoY)",
      "detail": "Op margin: -6.2% (year-ago) -> +6.4%",
      "severity": "HIGH"
    },
    {
      "quarter": "2025-06 (Q2)",
      "signal": "OPERATING LEVERAGE",
      "detail": "Rev growth +22.2% vs OpEx growth +9.0% (leverage: 2.5x)",
      "severity": "MEDIUM"
    },
    {
      "quarter": "2025-06 (Q2)",
      "signal": "INCREMENTAL MARGIN (YoY)",
      "detail": "YoY Incr OPM: +99.4% vs year-ago OPM: +1.1%",
      "severity": "HIGH"
    },
    {
      "quarter": "2025-06 (Q2)",
      "signal": "OP MARGIN TURNED POSITIVE (QoQ)",
      "detail": "Op margin: -0.2% -> +6.5%",
      "severity": "HIGH"
    },
    {
      "quarter": "2024-12 (Q4)",
      "signal": "YoY REVENUE GROWTH ACCELERATION",
      "detail": "YoY growth: +4.8% vs prior quarter YoY: -1.5% (accel: +6.3%)",
      "severity": "MEDIUM"
    },
    {
      "quarter": "2024-12 (Q4)",
      "signal": "OP MARGIN TURNED POSITIVE (QoQ)",
      "detail": "Op margin: -6.2% -> +5.9%",
      "severity": "HIGH"
    },
    {
      "quarter": "2024-09 (Q3)",
      "signal": "FCF MARGIN EXPANSION",
      "detail": "FCF margin: +5.2% -> +13.1% (+7.9%)",
      "severity": "MEDIUM"
    },
    {
      "quarter": "2024-09 (Q3)",
      "signal": "YoY REVENUE GROWTH DECELERATION",
      "detail": "YoY growth: -1.5% vs prior quarter YoY: +4.4% (decel: -5.9%)",
      "severity": "WARNING"
    },
    {
      "quarter": "2024-06 (Q2)",
      "signal": "YoY REVENUE GROWTH ACCELERATION",
      "detail": "YoY growth: +4.4% vs prior quarter YoY: -0.8% (accel: +5.2%)",
      "severity": "MEDIUM"
    },
    {
      "quarter": "2023-12 (Q4)",
      "signal": "YoY REVENUE GROWTH DECELERATION",
      "detail": "YoY growth: +0.0% vs prior quarter YoY: +10.7% (decel: -10.7%)",
      "severity": "WARNING"
    },
    {
      "quarter": "2023-09 (Q3)",
      "signal": "FCF MARGIN EXPANSION",
      "detail": "FCF margin: +20.7% -> +32.3% (+11.6%)",
      "severity": "MEDIUM"
    },
    {
      "quarter": "2023-06 (Q2)",
      "signal": "FCF TURNED POSITIVE",
      "detail": "FCF margin: -3.0% -> +20.7%",
      "severity": "HIGH"
    },
    {
      "quarter": "2023-06 (Q2)",
      "signal": "OPERATING LEVERAGE",
      "detail": "Rev growth +14.9% vs OpEx growth +8.6% (leverage: 1.7x)",
      "severity": "MEDIUM"
    },
    {
      "quarter": "2023-03 (Q1)",
      "signal": "GROSS MARGIN INFLECTION",
      "detail": "GM: +70.6% -> +68.2% -> +71.3% (reversal +3.0%)",
      "severity": "MEDIUM"
    },
    {
      "quarter": "2022-12 (Q4)",
      "signal": "FCF TURNED POSITIVE",
      "detail": "FCF margin: -12.3% -> +2.4%",
      "severity": "HIGH"
    },
    {
      "quarter": "2022-12 (Q4)",
      "signal": "YoY REVENUE GROWTH DECELERATION",
      "detail": "YoY growth: +12.6% vs prior quarter YoY: +25.2% (decel: -12.6%)",
      "severity": "WARNING"
    },
    {
      "quarter": "2022-06 (Q2)",
      "signal": "YoY REVENUE GROWTH DECELERATION",
      "detail": "YoY growth: +20.9% vs prior quarter YoY: +26.4% (decel: -5.5%)",
      "severity": "WARNING"
    },
    {
      "quarter": "2022-06 (Q2)",
      "signal": "OP MARGIN TURNED POSITIVE (YoY)",
      "detail": "Op margin: -31.7% (year-ago) -> +7.7%",
      "severity": "HIGH"
    },
    {
      "quarter": "2022-03 (Q1)",
      "signal": "YoY REVENUE GROWTH DECELERATION",
      "detail": "YoY growth: +26.4% vs prior quarter YoY: +42.7% (decel: -16.3%)",
      "severity": "WARNING"
    },
    {
      "quarter": "2021-12 (Q4)",
      "signal": "OPERATING LEVERAGE",
      "detail": "Rev growth +25.3% vs OpEx growth +14.7% (leverage: 1.7x)",
      "severity": "MEDIUM"
    },
    {
      "quarter": "2021-09 (Q3)",
      "signal": "OP MARGIN TURNED POSITIVE (QoQ)",
      "detail": "Op margin: -31.7% -> +10.3%",
      "severity": "HIGH"
    },
    {
      "quarter": "2021-03 (Q1)",
      "signal": "FCF TURNED POSITIVE",
      "detail": "FCF margin: -1.4% -> +18.5%",
      "severity": "HIGH"
    }
  ],
  "data_quality": {
    "n_quarters": 20,
    "coverage": {
      "revenue": [
        20,
        20
      ],
      "gross_profit": [
        20,
        20
      ],
      "op_income": [
        20,
        20
      ],
      "fcf": [
        20,
        20
      ]
    },
    "gaps": [],
    "warnings": []
  },
  "market_cap": null,
  "source": "SEC EDGAR",
  "last_updated": "2026-02-02T21:39:25.450477",
  "sector": "Consumer Cyclical",
  "industry": "Apparel Manufacturing"
}