{
  "ticker": "FIHL",
  "name": "FIDELIS INSURANCE HOLDINGS LIMITED",
  "quarters": [
    {
      "date": "2023-03-31T00:00:00",
      "quarter_label": "2023-03 (Q1)",
      "revenue": 2051800000,
      "gross_profit": null,
      "operating_income": null,
      "net_income": null,
      "opex": null,
      "cogs": null,
      "rd": null,
      "sga": null,
      "fcf": -111700000,
      "ocf": -111700000,
      "capex": null,
      "gross_margin": null,
      "op_margin": null,
      "fcf_margin": -0.0544400038990155
    },
    {
      "date": "2023-06-30T00:00:00",
      "quarter_label": "2023-06 (Q2)",
      "revenue": 453200000,
      "gross_profit": null,
      "operating_income": null,
      "net_income": null,
      "opex": null,
      "cogs": null,
      "rd": null,
      "sga": null,
      "fcf": 260200000,
      "ocf": 260200000,
      "capex": null,
      "gross_margin": null,
      "op_margin": null,
      "fcf_margin": 0.5741394527802295,
      "fcf_margin_change": 0.628579456679245
    },
    {
      "date": "2023-09-30T00:00:00",
      "quarter_label": "2023-09 (Q3)",
      "revenue": 537500000,
      "gross_profit": null,
      "operating_income": null,
      "net_income": null,
      "opex": null,
      "cogs": null,
      "rd": null,
      "sga": null,
      "fcf": 149300000,
      "ocf": 149300000,
      "capex": null,
      "gross_margin": null,
      "op_margin": null,
      "fcf_margin": 0.2777674418604651,
      "fcf_margin_change": -0.2963720109197644
    },
    {
      "date": "2023-12-31T00:00:00",
      "quarter_label": "2023-12 (Q4)",
      "revenue": 553700000,
      "gross_profit": null,
      "operating_income": null,
      "net_income": null,
      "opex": null,
      "cogs": null,
      "rd": null,
      "sga": null,
      "fcf": 197400000,
      "ocf": 197400000,
      "capex": null,
      "gross_margin": null,
      "op_margin": null,
      "fcf_margin": 0.35651074589127685,
      "fcf_margin_change": 0.07874330403081176
    },
    {
      "date": "2024-03-31T00:00:00",
      "quarter_label": "2024-03 (Q1)",
      "revenue": 520000000,
      "gross_profit": null,
      "operating_income": null,
      "net_income": null,
      "opex": null,
      "cogs": null,
      "rd": null,
      "sga": null,
      "fcf": -35300000,
      "ocf": -35300000,
      "capex": null,
      "gross_margin": null,
      "op_margin": null,
      "fcf_margin": -0.06788461538461539,
      "rev_growth_yoy": -0.7465639925918706,
      "fcf_margin_change": -0.4243953612758922
    },
    {
      "date": "2024-06-30T00:00:00",
      "quarter_label": "2024-06 (Q2)",
      "revenue": 540100000,
      "gross_profit": null,
      "operating_income": null,
      "net_income": 53700000,
      "opex": null,
      "cogs": null,
      "rd": null,
      "sga": null,
      "fcf": 208500000,
      "ocf": 208500000,
      "capex": null,
      "gross_margin": null,
      "op_margin": null,
      "fcf_margin": 0.3860396222921681,
      "rev_growth_yoy": 0.19174757281553398,
      "rev_growth_yoy_accel": 0.9383115654074046,
      "fcf_margin_change": 0.45392423767678347
    },
    {
      "date": "2024-09-30T00:00:00",
      "quarter_label": "2024-09 (Q3)",
      "revenue": 686100000,
      "gross_profit": null,
      "operating_income": null,
      "net_income": 100600000,
      "opex": null,
      "cogs": null,
      "rd": null,
      "sga": null,
      "fcf": 318900000,
      "ocf": 318900000,
      "capex": null,
      "gross_margin": null,
      "op_margin": null,
      "fcf_margin": 0.464801049409707,
      "rev_growth_yoy": 0.2764651162790698,
      "rev_growth_yoy_accel": 0.0847175434635358,
      "fcf_margin_change": 0.07876142711753892
    },
    {
      "date": "2024-12-31T00:00:00",
      "quarter_label": "2024-12 (Q4)",
      "revenue": 673800000,
      "gross_profit": null,
      "operating_income": null,
      "net_income": -122200000,
      "opex": null,
      "cogs": null,
      "rd": null,
      "sga": null,
      "fcf": 126100000,
      "ocf": 126100000,
      "capex": null,
      "gross_margin": null,
      "op_margin": null,
      "fcf_margin": 0.1871475215197388,
      "rev_growth_yoy": 0.21690446089940402,
      "rev_growth_yoy_accel": -0.05956065537966576,
      "fcf_margin_change": -0.2776535278899682
    },
    {
      "date": "2025-03-31T00:00:00",
      "quarter_label": "2025-03 (Q1)",
      "revenue": 658400000,
      "gross_profit": null,
      "operating_income": null,
      "net_income": null,
      "opex": null,
      "cogs": null,
      "rd": null,
      "sga": null,
      "fcf": -433100000,
      "ocf": -433100000,
      "capex": null,
      "gross_margin": null,
      "op_margin": null,
      "fcf_margin": -0.6578068043742406,
      "rev_growth_yoy": 0.26615384615384613,
      "rev_growth_yoy_accel": 0.04924938525444211,
      "fcf_margin_change": -0.8449543258939793
    },
    {
      "date": "2025-06-30T00:00:00",
      "quarter_label": "2025-06 (Q2)",
      "revenue": 589300000,
      "gross_profit": null,
      "operating_income": null,
      "net_income": 19700000,
      "opex": null,
      "cogs": null,
      "rd": null,
      "sga": null,
      "fcf": -359200000,
      "ocf": -359200000,
      "capex": null,
      "gross_margin": null,
      "op_margin": null,
      "fcf_margin": -0.609536738503309,
      "rev_growth_yoy": 0.09109424180707276,
      "rev_growth_yoy_accel": -0.17505960434677337,
      "fcf_margin_change": 0.04827006587093152
    },
    {
      "date": "2025-09-30T00:00:00",
      "quarter_label": "2025-09 (Q3)",
      "revenue": 651900000,
      "gross_profit": null,
      "operating_income": null,
      "net_income": 130500000,
      "opex": null,
      "cogs": null,
      "rd": null,
      "sga": null,
      "fcf": 155200000,
      "ocf": 155200000,
      "capex": null,
      "gross_margin": null,
      "op_margin": null,
      "fcf_margin": 0.23807332412946772,
      "rev_growth_yoy": -0.04984696108439003,
      "rev_growth_yoy_accel": -0.14094120289146278,
      "fcf_margin_change": 0.8476100626327767
    }
  ],
  "signals": [
    {
      "quarter": "2025-09 (Q3)",
      "signal": "FCF TURNED POSITIVE",
      "detail": "FCF margin: -61.0% -> +23.8%",
      "severity": "HIGH"
    },
    {
      "quarter": "2025-09 (Q3)",
      "signal": "YoY REVENUE GROWTH DECELERATION",
      "detail": "YoY growth: -5.0% vs prior quarter YoY: +9.1% (decel: -14.1%)",
      "severity": "WARNING"
    },
    {
      "quarter": "2025-06 (Q2)",
      "signal": "YoY REVENUE GROWTH DECELERATION",
      "detail": "YoY growth: +9.1% vs prior quarter YoY: +26.6% (decel: -17.5%)",
      "severity": "WARNING"
    },
    {
      "quarter": "2024-12 (Q4)",
      "signal": "YoY REVENUE GROWTH DECELERATION",
      "detail": "YoY growth: +21.7% vs prior quarter YoY: +27.6% (decel: -6.0%)",
      "severity": "WARNING"
    },
    {
      "quarter": "2024-09 (Q3)",
      "signal": "FCF MARGIN EXPANSION",
      "detail": "FCF margin: +38.6% -> +46.5% (+7.9%)",
      "severity": "MEDIUM"
    },
    {
      "quarter": "2024-09 (Q3)",
      "signal": "YoY REVENUE GROWTH ACCELERATION",
      "detail": "YoY growth: +27.6% vs prior quarter YoY: +19.2% (accel: +8.5%)",
      "severity": "MEDIUM"
    },
    {
      "quarter": "2024-06 (Q2)",
      "signal": "FCF TURNED POSITIVE",
      "detail": "FCF margin: -6.8% -> +38.6%",
      "severity": "HIGH"
    },
    {
      "quarter": "2024-06 (Q2)",
      "signal": "YoY REVENUE GROWTH ACCELERATION",
      "detail": "YoY growth: +19.2% vs prior quarter YoY: -74.7% (accel: +93.8%)",
      "severity": "HIGH"
    },
    {
      "quarter": "2023-12 (Q4)",
      "signal": "FCF MARGIN EXPANSION",
      "detail": "FCF margin: +27.8% -> +35.7% (+7.9%)",
      "severity": "MEDIUM"
    },
    {
      "quarter": "2023-06 (Q2)",
      "signal": "FCF TURNED POSITIVE",
      "detail": "FCF margin: -5.4% -> +57.4%",
      "severity": "HIGH"
    }
  ],
  "data_quality": {
    "n_quarters": 11,
    "coverage": {
      "revenue": [
        11,
        11
      ],
      "gross_profit": [
        0,
        11
      ],
      "op_income": [
        0,
        11
      ],
      "fcf": [
        11,
        11
      ]
    },
    "gaps": [],
    "warnings": [
      "gross_profit: no data",
      "op_income: no data"
    ]
  },
  "market_cap": null,
  "source": "SEC EDGAR",
  "last_updated": "2026-02-02T21:37:55.594820",
  "sector": "Financial Services",
  "industry": "Insurance - Diversified"
}