{
  "ticker": "FIP",
  "name": "FTAI INFRASTRUCTURE INC.",
  "quarters": [
    {
      "date": "2021-06-30T00:00:00",
      "quarter_label": "2021-06 (Q2)",
      "revenue": 15344000,
      "gross_profit": null,
      "operating_income": null,
      "net_income": -25435000,
      "opex": 37003000,
      "cogs": null,
      "rd": null,
      "sga": null,
      "fcf": null,
      "ocf": null,
      "capex": null,
      "gross_margin": null,
      "op_margin": null,
      "fcf_margin": null
    },
    {
      "date": "2021-09-30T00:00:00",
      "quarter_label": "2021-09 (Q3)",
      "revenue": 36788000,
      "gross_profit": null,
      "operating_income": null,
      "net_income": null,
      "opex": 60898000,
      "cogs": null,
      "rd": null,
      "sga": null,
      "fcf": -35509000,
      "ocf": -12016000,
      "capex": -23493000,
      "gross_margin": null,
      "op_margin": null,
      "fcf_margin": -0.9652332282265956,
      "op_leverage_ratio": 2.164198589108895
    },
    {
      "date": "2021-12-31T00:00:00",
      "quarter_label": "2021-12 (Q4)",
      "revenue": 47545000,
      "gross_profit": null,
      "operating_income": null,
      "net_income": null,
      "opex": -32842000,
      "cogs": null,
      "rd": null,
      "sga": null,
      "fcf": -35312000,
      "ocf": 8080000,
      "capex": -43392000,
      "gross_margin": null,
      "op_margin": null,
      "fcf_margin": -0.7427069092438742,
      "op_leverage_ratio": Infinity,
      "fcf_margin_change": 0.22252631898272146
    },
    {
      "date": "2022-03-31T00:00:00",
      "quarter_label": "2022-03 (Q1)",
      "revenue": 46148000,
      "gross_profit": null,
      "operating_income": null,
      "net_income": null,
      "opex": 65891000,
      "cogs": null,
      "rd": null,
      "sga": null,
      "fcf": -65877000,
      "ocf": -14149000,
      "capex": -51728000,
      "gross_margin": null,
      "op_margin": null,
      "fcf_margin": -1.427515818670365,
      "fcf_margin_change": -0.6848089094264908
    },
    {
      "date": "2022-06-30T00:00:00",
      "quarter_label": "2022-06 (Q2)",
      "revenue": 65868000,
      "gross_profit": null,
      "operating_income": null,
      "net_income": -29480000,
      "opex": 80983000,
      "cogs": null,
      "rd": null,
      "sga": null,
      "fcf": -103429000,
      "ocf": -41241000,
      "capex": -62188000,
      "gross_margin": null,
      "op_margin": null,
      "fcf_margin": -1.5702465537134875,
      "rev_growth_yoy": 3.292752867570386,
      "op_leverage_ratio": 1.8656635591899773,
      "fcf_margin_change": -0.14273073504312261
    },
    {
      "date": "2022-09-30T00:00:00",
      "quarter_label": "2022-09 (Q3)",
      "revenue": 78559000,
      "gross_profit": null,
      "operating_income": null,
      "net_income": null,
      "opex": 87691000,
      "cogs": null,
      "rd": null,
      "sga": null,
      "fcf": -40611000,
      "ocf": 17699000,
      "capex": -58310000,
      "gross_margin": null,
      "op_margin": null,
      "fcf_margin": -0.5169490446670655,
      "rev_growth_yoy": 1.1354517777536153,
      "rev_growth_yoy_accel": -2.1573010898167704,
      "op_leverage_ratio": 2.3260667560342494,
      "fcf_margin_change": 1.053297509046422
    },
    {
      "date": "2022-12-31T00:00:00",
      "quarter_label": "2022-12 (Q4)",
      "revenue": 71391000,
      "gross_profit": null,
      "operating_income": null,
      "net_income": null,
      "opex": -26408000,
      "cogs": null,
      "rd": null,
      "sga": null,
      "fcf": -49914000,
      "ocf": -4999000,
      "capex": -44915000,
      "gross_margin": null,
      "op_margin": null,
      "fcf_margin": -0.6991637601378325,
      "rev_growth_yoy": 0.5015459038805342,
      "rev_growth_yoy_accel": -0.6339058738730811,
      "fcf_margin_change": -0.18221471547076706
    },
    {
      "date": "2023-03-31T00:00:00",
      "quarter_label": "2023-03 (Q1)",
      "revenue": 76494000,
      "gross_profit": null,
      "operating_income": null,
      "net_income": null,
      "opex": 91890000,
      "cogs": null,
      "rd": null,
      "sga": null,
      "fcf": -52005000,
      "ocf": -12144000,
      "capex": -39861000,
      "gross_margin": null,
      "op_margin": null,
      "fcf_margin": -0.6798572437053887,
      "rev_growth_yoy": 0.6575799601282829,
      "rev_growth_yoy_accel": 0.1560340562477487,
      "op_leverage_ratio": Infinity,
      "fcf_margin_change": 0.019306516432443854
    },
    {
      "date": "2023-06-30T00:00:00",
      "quarter_label": "2023-06 (Q2)",
      "revenue": 81832000,
      "gross_profit": null,
      "operating_income": null,
      "net_income": null,
      "opex": 91091000,
      "cogs": null,
      "rd": null,
      "sga": null,
      "fcf": -30622000,
      "ocf": -4787000,
      "capex": -25835000,
      "gross_margin": null,
      "op_margin": null,
      "fcf_margin": -0.3742056897057386,
      "rev_growth_yoy": 0.24236351490860508,
      "rev_growth_yoy_accel": -0.4152164452196778,
      "op_leverage_ratio": Infinity,
      "fcf_margin_change": 0.3056515539996501
    },
    {
      "date": "2023-09-30T00:00:00",
      "quarter_label": "2023-09 (Q3)",
      "revenue": 80706000,
      "gross_profit": null,
      "operating_income": null,
      "net_income": null,
      "opex": 94938000,
      "cogs": null,
      "rd": null,
      "sga": null,
      "fcf": 1701000,
      "ocf": 14717000,
      "capex": -13016000,
      "gross_margin": null,
      "op_margin": null,
      "fcf_margin": 0.02107649988848413,
      "rev_growth_yoy": 0.027329777619368882,
      "rev_growth_yoy_accel": -0.2150337372892362,
      "fcf_margin_change": 0.39528218959422273
    },
    {
      "date": "2023-12-31T00:00:00",
      "quarter_label": "2023-12 (Q4)",
      "revenue": 81440000,
      "gross_profit": null,
      "operating_income": null,
      "net_income": null,
      "opex": -24247000,
      "cogs": null,
      "rd": null,
      "sga": null,
      "fcf": -12583000,
      "ocf": 7727000,
      "capex": -20310000,
      "gross_margin": null,
      "op_margin": null,
      "fcf_margin": -0.15450638506876227,
      "rev_growth_yoy": 0.14076003978092477,
      "rev_growth_yoy_accel": 0.11343026216155588,
      "fcf_margin_change": -0.1755828849572464
    },
    {
      "date": "2024-03-31T00:00:00",
      "quarter_label": "2024-03 (Q1)",
      "revenue": 82535000,
      "gross_profit": null,
      "operating_income": null,
      "net_income": null,
      "opex": 93884000,
      "cogs": null,
      "rd": null,
      "sga": null,
      "fcf": -16742000,
      "ocf": -3883000,
      "capex": -12859000,
      "gross_margin": null,
      "op_margin": null,
      "fcf_margin": -0.20284727691282486,
      "rev_growth_yoy": 0.07897351426255654,
      "rev_growth_yoy_accel": -0.06178652551836823,
      "op_leverage_ratio": Infinity,
      "fcf_margin_change": -0.048340891844062595
    },
    {
      "date": "2024-06-30T00:00:00",
      "quarter_label": "2024-06 (Q2)",
      "revenue": 84887000,
      "gross_profit": null,
      "operating_income": null,
      "net_income": null,
      "opex": 87925000,
      "cogs": null,
      "rd": null,
      "sga": null,
      "fcf": -32148000,
      "ocf": -17587000,
      "capex": -14561000,
      "gross_margin": null,
      "op_margin": null,
      "fcf_margin": -0.3787152331923616,
      "rev_growth_yoy": 0.03733258383028644,
      "rev_growth_yoy_accel": -0.0416409304322701,
      "op_leverage_ratio": Infinity,
      "fcf_margin_change": -0.17586795627953675
    },
    {
      "date": "2024-09-30T00:00:00",
      "quarter_label": "2024-09 (Q3)",
      "revenue": 83311000,
      "gross_profit": null,
      "operating_income": null,
      "net_income": null,
      "opex": 90580000,
      "cogs": null,
      "rd": null,
      "sga": null,
      "fcf": -11655000,
      "ocf": 14247000,
      "capex": -25902000,
      "gross_margin": null,
      "op_margin": null,
      "fcf_margin": -0.1398974925279975,
      "rev_growth_yoy": 0.032277649741035364,
      "rev_growth_yoy_accel": -0.005054934089251076,
      "fcf_margin_change": 0.23881774066436412
    },
    {
      "date": "2024-12-31T00:00:00",
      "quarter_label": "2024-12 (Q4)",
      "revenue": 80764000,
      "gross_profit": null,
      "operating_income": null,
      "net_income": null,
      "opex": -24715000,
      "cogs": null,
      "rd": null,
      "sga": null,
      "fcf": -34269000,
      "ocf": -8055000,
      "capex": -26214000,
      "gross_margin": null,
      "op_margin": null,
      "fcf_margin": -0.42431033628844533,
      "rev_growth_yoy": -0.008300589390962673,
      "rev_growth_yoy_accel": -0.04057823913199804,
      "fcf_margin_change": -0.28441284376044784
    },
    {
      "date": "2025-03-31T00:00:00",
      "quarter_label": "2025-03 (Q1)",
      "revenue": 96161000,
      "gross_profit": null,
      "operating_income": null,
      "net_income": null,
      "opex": 104602000,
      "cogs": null,
      "rd": null,
      "sga": null,
      "fcf": -151653000,
      "ocf": -85651000,
      "capex": -66002000,
      "gross_margin": null,
      "op_margin": null,
      "fcf_margin": -1.5770738657043917,
      "rev_growth_yoy": 0.16509359665596413,
      "rev_growth_yoy_accel": 0.1733941860469268,
      "op_leverage_ratio": Infinity,
      "fcf_margin_change": -1.1527635294159464
    },
    {
      "date": "2025-06-30T00:00:00",
      "quarter_label": "2025-06 (Q2)",
      "revenue": 122286000,
      "gross_profit": null,
      "operating_income": null,
      "net_income": null,
      "opex": 129080000,
      "cogs": null,
      "rd": null,
      "sga": null,
      "fcf": -87538000,
      "ocf": -5221000,
      "capex": -82317000,
      "gross_margin": null,
      "op_margin": null,
      "fcf_margin": -0.7158464583026675,
      "rev_growth_yoy": 0.4405739394724752,
      "rev_growth_yoy_accel": 0.27548034281651107,
      "op_leverage_ratio": 1.1609710385762022,
      "fcf_margin_change": 0.8612274074017242
    },
    {
      "date": "2025-09-30T00:00:00",
      "quarter_label": "2025-09 (Q3)",
      "revenue": 140556000,
      "gross_profit": null,
      "operating_income": null,
      "net_income": null,
      "opex": 120003000,
      "cogs": null,
      "rd": null,
      "sga": null,
      "fcf": -90708000,
      "ocf": -24383000,
      "capex": -66325000,
      "gross_margin": null,
      "op_margin": null,
      "fcf_margin": -0.6453513190472125,
      "rev_growth_yoy": 0.6871241492720049,
      "rev_growth_yoy_accel": 0.24655020979952974,
      "op_leverage_ratio": Infinity,
      "fcf_margin_change": 0.07049513925545492
    }
  ],
  "signals": [
    {
      "quarter": "2025-09 (Q3)",
      "signal": "FCF MARGIN EXPANSION",
      "detail": "FCF margin: -71.6% -> -64.5% (+7.0%)",
      "severity": "MEDIUM"
    },
    {
      "quarter": "2025-09 (Q3)",
      "signal": "YoY REVENUE GROWTH ACCELERATION",
      "detail": "YoY growth: +68.7% vs prior quarter YoY: +44.1% (accel: +24.7%)",
      "severity": "HIGH"
    },
    {
      "quarter": "2025-06 (Q2)",
      "signal": "FCF MARGIN EXPANSION",
      "detail": "FCF margin: -157.7% -> -71.6% (+86.1%)",
      "severity": "MEDIUM"
    },
    {
      "quarter": "2025-06 (Q2)",
      "signal": "YoY REVENUE GROWTH ACCELERATION",
      "detail": "YoY growth: +44.1% vs prior quarter YoY: +16.5% (accel: +27.5%)",
      "severity": "HIGH"
    },
    {
      "quarter": "2025-03 (Q1)",
      "signal": "YoY REVENUE GROWTH ACCELERATION",
      "detail": "YoY growth: +16.5% vs prior quarter YoY: -0.8% (accel: +17.3%)",
      "severity": "HIGH"
    },
    {
      "quarter": "2024-09 (Q3)",
      "signal": "FCF MARGIN EXPANSION",
      "detail": "FCF margin: -37.9% -> -14.0% (+23.9%)",
      "severity": "MEDIUM"
    },
    {
      "quarter": "2024-03 (Q1)",
      "signal": "YoY REVENUE GROWTH DECELERATION",
      "detail": "YoY growth: +7.9% vs prior quarter YoY: +14.1% (decel: -6.2%)",
      "severity": "WARNING"
    },
    {
      "quarter": "2023-12 (Q4)",
      "signal": "YoY REVENUE GROWTH ACCELERATION",
      "detail": "YoY growth: +14.1% vs prior quarter YoY: +2.7% (accel: +11.3%)",
      "severity": "MEDIUM"
    },
    {
      "quarter": "2023-09 (Q3)",
      "signal": "FCF TURNED POSITIVE",
      "detail": "FCF margin: -37.4% -> +2.1%",
      "severity": "HIGH"
    },
    {
      "quarter": "2023-09 (Q3)",
      "signal": "YoY REVENUE GROWTH DECELERATION",
      "detail": "YoY growth: +2.7% vs prior quarter YoY: +24.2% (decel: -21.5%)",
      "severity": "WARNING"
    },
    {
      "quarter": "2023-06 (Q2)",
      "signal": "FCF MARGIN EXPANSION",
      "detail": "FCF margin: -68.0% -> -37.4% (+30.6%)",
      "severity": "MEDIUM"
    },
    {
      "quarter": "2023-06 (Q2)",
      "signal": "YoY REVENUE GROWTH DECELERATION",
      "detail": "YoY growth: +24.2% vs prior quarter YoY: +65.8% (decel: -41.5%)",
      "severity": "WARNING"
    },
    {
      "quarter": "2023-03 (Q1)",
      "signal": "YoY REVENUE GROWTH ACCELERATION",
      "detail": "YoY growth: +65.8% vs prior quarter YoY: +50.2% (accel: +15.6%)",
      "severity": "HIGH"
    },
    {
      "quarter": "2022-12 (Q4)",
      "signal": "YoY REVENUE GROWTH DECELERATION",
      "detail": "YoY growth: +50.2% vs prior quarter YoY: +113.5% (decel: -63.4%)",
      "severity": "WARNING"
    },
    {
      "quarter": "2022-09 (Q3)",
      "signal": "FCF MARGIN EXPANSION",
      "detail": "FCF margin: -157.0% -> -51.7% (+105.3%)",
      "severity": "MEDIUM"
    },
    {
      "quarter": "2022-09 (Q3)",
      "signal": "OPERATING LEVERAGE",
      "detail": "Rev growth +19.3% vs OpEx growth +8.3% (leverage: 2.3x)",
      "severity": "MEDIUM"
    },
    {
      "quarter": "2022-09 (Q3)",
      "signal": "YoY REVENUE GROWTH DECELERATION",
      "detail": "YoY growth: +113.5% vs prior quarter YoY: +329.3% (decel: -215.7%)",
      "severity": "WARNING"
    },
    {
      "quarter": "2022-06 (Q2)",
      "signal": "OPERATING LEVERAGE",
      "detail": "Rev growth +42.7% vs OpEx growth +22.9% (leverage: 1.9x)",
      "severity": "MEDIUM"
    },
    {
      "quarter": "2021-12 (Q4)",
      "signal": "FCF MARGIN EXPANSION",
      "detail": "FCF margin: -96.5% -> -74.3% (+22.3%)",
      "severity": "MEDIUM"
    },
    {
      "quarter": "2021-09 (Q3)",
      "signal": "OPERATING LEVERAGE",
      "detail": "Rev growth +139.8% vs OpEx growth +64.6% (leverage: 2.2x)",
      "severity": "MEDIUM"
    }
  ],
  "data_quality": {
    "n_quarters": 18,
    "coverage": {
      "revenue": [
        18,
        18
      ],
      "gross_profit": [
        0,
        18
      ],
      "op_income": [
        0,
        18
      ],
      "fcf": [
        17,
        18
      ]
    },
    "gaps": [],
    "warnings": [
      "gross_profit: no data",
      "op_income: no data"
    ]
  },
  "market_cap": null,
  "source": "SEC EDGAR",
  "last_updated": "2026-02-02T22:13:55.750586",
  "sector": "Industrials",
  "industry": "Conglomerates"
}