{
  "ticker": "FIS",
  "name": "Fidelity National Information Services, Inc.",
  "quarters": [
    {
      "date": "2020-12-31T00:00:00",
      "quarter_label": "2020-12 (Q4)",
      "revenue": 3316000000,
      "gross_profit": 1206000000,
      "operating_income": 167000000,
      "net_income": 104000000,
      "opex": 1039000000,
      "cogs": 2110000000,
      "rd": null,
      "sga": 903000000,
      "fcf": 1341000000,
      "ocf": 1418000000,
      "capex": -77000000,
      "gross_margin": 0.36369119420989143,
      "op_margin": 0.050361881785283474,
      "fcf_margin": 0.4044028950542823
    },
    {
      "date": "2021-03-31T00:00:00",
      "quarter_label": "2021-03 (Q1)",
      "revenue": 3223000000,
      "gross_profit": 1105000000,
      "operating_income": 99000000,
      "net_income": -373000000,
      "opex": 3124000000,
      "cogs": 2118000000,
      "rd": null,
      "sga": 1006000000,
      "fcf": 767000000,
      "ocf": 836000000,
      "capex": -69000000,
      "gross_margin": 0.34284827800186163,
      "op_margin": 0.030716723549488054,
      "fcf_margin": 0.2379770400248216,
      "fcf_margin_change": -0.1664258550294607
    },
    {
      "date": "2021-06-30T00:00:00",
      "quarter_label": "2021-06 (Q2)",
      "revenue": 3475000000,
      "gross_profit": 1340000000,
      "operating_income": 363000000,
      "net_income": 341000000,
      "opex": 3112000000,
      "cogs": 2135000000,
      "rd": null,
      "sga": 977000000,
      "fcf": 954000000,
      "ocf": 1028000000,
      "capex": -74000000,
      "gross_margin": 0.3856115107913669,
      "op_margin": 0.10446043165467626,
      "fcf_margin": 0.2745323741007194,
      "op_leverage_ratio": Infinity,
      "fcf_margin_change": 0.03655533407589781
    },
    {
      "date": "2021-09-30T00:00:00",
      "quarter_label": "2021-09 (Q3)",
      "revenue": 3507000000,
      "gross_profit": 1329000000,
      "operating_income": 138000000,
      "net_income": 158000000,
      "opex": 3369000000,
      "cogs": 2178000000,
      "rd": null,
      "sga": 989000000,
      "fcf": 1783000000,
      "ocf": 1833000000,
      "capex": -50000000,
      "gross_margin": 0.378956372968349,
      "op_margin": 0.03934987168520103,
      "fcf_margin": 0.508411747932706,
      "fcf_margin_change": 0.23387937383198665
    },
    {
      "date": "2021-12-31T00:00:00",
      "quarter_label": "2021-12 (Q4)",
      "revenue": 3672000000,
      "gross_profit": 1421000000,
      "operating_income": 455000000,
      "net_income": 291000000,
      "opex": 966000000,
      "cogs": 2251000000,
      "rd": null,
      "sga": 966000000,
      "fcf": 986000000,
      "ocf": 1113000000,
      "capex": -127000000,
      "gross_margin": 0.3869825708061002,
      "op_margin": 0.12391067538126362,
      "fcf_margin": 0.26851851851851855,
      "incr_op_margin_yoy": 0.8089887640449438,
      "rev_growth_yoy": 0.10735826296743065,
      "op_leverage_ratio": Infinity,
      "fcf_margin_change": -0.2398932294141875
    },
    {
      "date": "2022-03-31T00:00:00",
      "quarter_label": "2022-03 (Q1)",
      "revenue": 3492000000,
      "gross_profit": 1250000000,
      "operating_income": 157000000,
      "net_income": 120000000,
      "opex": 1093000000,
      "cogs": 2242000000,
      "rd": null,
      "sga": 1035000000,
      "fcf": 788000000,
      "ocf": 896000000,
      "capex": -108000000,
      "gross_margin": 0.3579610538373425,
      "op_margin": 0.04495990836197022,
      "fcf_margin": 0.2256586483390607,
      "incr_op_margin_yoy": 0.21561338289962825,
      "rev_growth_yoy": 0.08346261247285137,
      "rev_growth_yoy_accel": -0.02389565049457927,
      "fcf_margin_change": -0.04285987017945783
    },
    {
      "date": "2022-06-30T00:00:00",
      "quarter_label": "2022-06 (Q2)",
      "revenue": 3719000000,
      "gross_profit": 1485000000,
      "operating_income": 374000000,
      "net_income": 277000000,
      "opex": 1111000000,
      "cogs": 2234000000,
      "rd": null,
      "sga": 1082000000,
      "fcf": 959000000,
      "ocf": 1024000000,
      "capex": -65000000,
      "gross_margin": 0.39930088733530517,
      "op_margin": 0.10056466792148427,
      "fcf_margin": 0.2578650174778166,
      "incr_op_margin_yoy": 0.045081967213114756,
      "rev_growth_yoy": 0.07021582733812949,
      "rev_growth_yoy_accel": -0.013246785134721883,
      "op_leverage_ratio": 3.947292223494973,
      "fcf_margin_change": 0.03220636913875588
    },
    {
      "date": "2022-09-30T00:00:00",
      "quarter_label": "2022-09 (Q3)",
      "revenue": 3604000000,
      "gross_profit": 1456000000,
      "operating_income": 462000000,
      "net_income": 249000000,
      "opex": 994000000,
      "cogs": 2148000000,
      "rd": null,
      "sga": 977000000,
      "fcf": 835000000,
      "ocf": 878000000,
      "capex": -43000000,
      "gross_margin": 0.4039955604883463,
      "op_margin": 0.1281908990011099,
      "fcf_margin": 0.23168701442841289,
      "incr_op_margin_yoy": 3.3402061855670104,
      "rev_growth_yoy": 0.02765896777872826,
      "rev_growth_yoy_accel": -0.042556859559401236,
      "fcf_margin_change": -0.02617800304940371
    },
    {
      "date": "2022-12-31T00:00:00",
      "quarter_label": "2022-12 (Q4)",
      "revenue": 2526000000,
      "gross_profit": 956000000,
      "operating_income": 379000000,
      "net_income": -17365000000,
      "opex": 577000000,
      "cogs": 2196000000,
      "rd": null,
      "sga": 1025000000,
      "fcf": 1130000000,
      "ocf": 1141000000,
      "capex": -11000000,
      "gross_margin": 0.3784639746634996,
      "op_margin": 0.15003958828186856,
      "fcf_margin": 0.447347585114806,
      "incr_op_margin_yoy": 0.06631762652705062,
      "rev_growth_yoy": -0.31209150326797386,
      "rev_growth_yoy_accel": -0.33975047104670214,
      "fcf_margin_change": 0.2156605706863931
    },
    {
      "date": "2023-03-31T00:00:00",
      "quarter_label": "2023-03 (Q1)",
      "revenue": 3510000000,
      "gross_profit": 1341000000,
      "operating_income": 337000000,
      "net_income": 140000000,
      "opex": 1004000000,
      "cogs": 2169000000,
      "rd": null,
      "sga": 1004000000,
      "fcf": 593000000,
      "ocf": 632000000,
      "capex": -39000000,
      "gross_margin": 0.382051282051282,
      "op_margin": 0.09601139601139601,
      "fcf_margin": 0.16894586894586894,
      "incr_op_margin_yoy": 10.0,
      "rev_growth_yoy": 0.005154639175257732,
      "rev_growth_yoy_accel": 0.31724614244323157,
      "op_leverage_ratio": 0.526392496954391,
      "fcf_margin_change": -0.27840171616893705
    },
    {
      "date": "2023-06-30T00:00:00",
      "quarter_label": "2023-06 (Q2)",
      "revenue": 3746000000,
      "gross_profit": 1558000000,
      "operating_income": -6316000000,
      "net_income": -6596000000,
      "opex": 7874000000,
      "cogs": 2188000000,
      "rd": null,
      "sga": 1033000000,
      "fcf": 1060000000,
      "ocf": 1087000000,
      "capex": -27000000,
      "gross_margin": 0.4159103043246129,
      "op_margin": -1.6860651361452215,
      "fcf_margin": 0.2829684997330486,
      "incr_op_margin_yoy": -247.77777777777777,
      "rev_growth_yoy": 0.007260016133369185,
      "rev_growth_yoy_accel": 0.002105376958111453,
      "op_leverage_ratio": 0.009826115444747178,
      "fcf_margin_change": 0.11402263078717967
    },
    {
      "date": "2023-09-30T00:00:00",
      "quarter_label": "2023-09 (Q3)",
      "revenue": 2489000000,
      "gross_profit": 966000000,
      "operating_income": 475000000,
      "net_income": -449000000,
      "opex": 491000000,
      "cogs": 1523000000,
      "rd": null,
      "sga": 484000000,
      "fcf": 1069000000,
      "ocf": 1091000000,
      "capex": -22000000,
      "gross_margin": 0.38810767376456407,
      "op_margin": 0.19083969465648856,
      "fcf_margin": 0.4294897549216553,
      "incr_op_margin_yoy": -0.011659192825112108,
      "rev_growth_yoy": -0.3093784683684795,
      "rev_growth_yoy_accel": -0.31663848450184867,
      "fcf_margin_change": 0.1465212551886067
    },
    {
      "date": "2023-12-31T00:00:00",
      "quarter_label": "2023-12 (Q4)",
      "revenue": 2510000000,
      "gross_profit": 975000000,
      "operating_income": 331000000,
      "net_income": 251000000,
      "opex": 644000000,
      "cogs": 1542000000,
      "rd": null,
      "sga": 539000000,
      "fcf": 1498000000,
      "ocf": 1525000000,
      "capex": -27000000,
      "gross_margin": 0.3884462151394422,
      "op_margin": 0.13187250996015937,
      "fcf_margin": 0.5968127490039841,
      "incr_op_margin_yoy": 3.0,
      "rev_growth_yoy": -0.006334125098970704,
      "rev_growth_yoy_accel": 0.3030443432695088,
      "fcf_margin_change": 0.16732299408232876
    },
    {
      "date": "2024-03-31T00:00:00",
      "quarter_label": "2024-03 (Q1)",
      "revenue": 2467000000,
      "gross_profit": 915000000,
      "operating_income": 361000000,
      "net_income": 724000000,
      "opex": 554000000,
      "cogs": 1552000000,
      "rd": null,
      "sga": 573000000,
      "fcf": null,
      "ocf": null,
      "capex": -27000000,
      "gross_margin": 0.37089582488852857,
      "op_margin": 0.14633157681394407,
      "fcf_margin": null,
      "incr_op_margin_yoy": -0.023010546500479387,
      "rev_growth_yoy": -0.29715099715099713,
      "rev_growth_yoy_accel": -0.29081687205202644
    },
    {
      "date": "2024-06-30T00:00:00",
      "quarter_label": "2024-06 (Q2)",
      "revenue": 2489000000,
      "gross_profit": 951000000,
      "operating_income": 378000000,
      "net_income": 243000000,
      "opex": 573000000,
      "cogs": 1538000000,
      "rd": null,
      "sga": 609000000,
      "fcf": null,
      "ocf": null,
      "capex": -16000000,
      "gross_margin": 0.3820811570912013,
      "op_margin": 0.15186822016874246,
      "fcf_margin": null,
      "incr_op_margin_yoy": -5.325377883850438,
      "rev_growth_yoy": -0.3355579284570208,
      "rev_growth_yoy_accel": -0.038406931306023684
    },
    {
      "date": "2024-09-30T00:00:00",
      "quarter_label": "2024-09 (Q3)",
      "revenue": 2570000000,
      "gross_profit": 977000000,
      "operating_income": 490000000,
      "net_income": 224000000,
      "opex": 487000000,
      "cogs": 1593000000,
      "rd": null,
      "sga": 521000000,
      "fcf": null,
      "ocf": null,
      "capex": -36000000,
      "gross_margin": 0.3801556420233463,
      "op_margin": 0.19066147859922178,
      "fcf_margin": null,
      "incr_op_margin_yoy": 0.18518518518518517,
      "rev_growth_yoy": 0.0325431900361591,
      "rev_growth_yoy_accel": 0.36810111849317995,
      "op_leverage_ratio": Infinity
    },
    {
      "date": "2024-12-31T00:00:00",
      "quarter_label": "2024-12 (Q4)",
      "revenue": 2599000000,
      "gross_profit": 977000000,
      "operating_income": 494000000,
      "net_income": 281000000,
      "opex": 483000000,
      "cogs": 1623000000,
      "rd": null,
      "sga": 482000000,
      "fcf": null,
      "ocf": null,
      "capex": -18000000,
      "gross_margin": 0.37591381300500193,
      "op_margin": 0.19007310504040015,
      "fcf_margin": null,
      "incr_op_margin_yoy": 1.8314606741573034,
      "rev_growth_yoy": 0.03545816733067729,
      "rev_growth_yoy_accel": 0.0029149772945181868,
      "op_leverage_ratio": Infinity
    },
    {
      "date": "2025-03-31T00:00:00",
      "quarter_label": "2025-03 (Q1)",
      "revenue": 2532000000,
      "gross_profit": 879000000,
      "operating_income": 347000000,
      "net_income": 77000000,
      "opex": 532000000,
      "cogs": 1653000000,
      "rd": null,
      "sga": 558000000,
      "fcf": null,
      "ocf": null,
      "capex": -37000000,
      "gross_margin": 0.3471563981042654,
      "op_margin": 0.13704581358609794,
      "fcf_margin": null,
      "incr_op_margin_yoy": -0.2153846153846154,
      "rev_growth_yoy": 0.0263477908390758,
      "rev_growth_yoy_accel": -0.009110376491601489
    },
    {
      "date": "2025-06-30T00:00:00",
      "quarter_label": "2025-06 (Q2)",
      "revenue": 2616000000,
      "gross_profit": 952000000,
      "operating_income": 408000000,
      "net_income": -470000000,
      "opex": 544000000,
      "cogs": 1664000000,
      "rd": null,
      "sga": 572000000,
      "fcf": null,
      "ocf": null,
      "capex": -39000000,
      "gross_margin": 0.363914373088685,
      "op_margin": 0.1559633027522936,
      "fcf_margin": null,
      "incr_op_margin_yoy": 0.23622047244094488,
      "rev_growth_yoy": 0.051024507834471676,
      "rev_growth_yoy_accel": 0.024676716995395875,
      "op_leverage_ratio": 1.4707740916271723
    },
    {
      "date": "2025-09-30T00:00:00",
      "quarter_label": "2025-09 (Q3)",
      "revenue": 2717000000,
      "gross_profit": 1028000000,
      "operating_income": 457000000,
      "net_income": 264000000,
      "opex": 571000000,
      "cogs": 1689000000,
      "rd": null,
      "sga": 584000000,
      "fcf": null,
      "ocf": null,
      "capex": -59000000,
      "gross_margin": 0.37835848362164154,
      "op_margin": 0.16820022083179978,
      "fcf_margin": null,
      "incr_op_margin_yoy": -0.22448979591836735,
      "rev_growth_yoy": 0.057198443579766535,
      "rev_growth_yoy_accel": 0.006173935745294859,
      "op_leverage_ratio": 0.7778910408879828
    }
  ],
  "signals": [
    {
      "quarter": "2024-12 (Q4)",
      "signal": "INCREMENTAL MARGIN (YoY)",
      "detail": "YoY Incr OPM: +183.1% vs year-ago OPM: +13.2%",
      "severity": "HIGH"
    },
    {
      "quarter": "2024-09 (Q3)",
      "signal": "YoY REVENUE GROWTH ACCELERATION",
      "detail": "YoY growth: +3.3% vs prior quarter YoY: -33.6% (accel: +36.8%)",
      "severity": "HIGH"
    },
    {
      "quarter": "2024-06 (Q2)",
      "signal": "OP MARGIN TURNED POSITIVE (YoY)",
      "detail": "Op margin: -168.6% (year-ago) -> +15.2%",
      "severity": "HIGH"
    },
    {
      "quarter": "2024-03 (Q1)",
      "signal": "YoY REVENUE GROWTH DECELERATION",
      "detail": "YoY growth: -29.7% vs prior quarter YoY: -0.6% (decel: -29.1%)",
      "severity": "WARNING"
    },
    {
      "quarter": "2023-12 (Q4)",
      "signal": "FCF MARGIN EXPANSION",
      "detail": "FCF margin: +42.9% -> +59.7% (+16.7%)",
      "severity": "MEDIUM"
    },
    {
      "quarter": "2023-12 (Q4)",
      "signal": "YoY REVENUE GROWTH ACCELERATION",
      "detail": "YoY growth: -0.6% vs prior quarter YoY: -30.9% (accel: +30.3%)",
      "severity": "HIGH"
    },
    {
      "quarter": "2023-12 (Q4)",
      "signal": "INCREMENTAL MARGIN (YoY)",
      "detail": "YoY Incr OPM: +300.0% vs year-ago OPM: +15.0%",
      "severity": "HIGH"
    },
    {
      "quarter": "2023-09 (Q3)",
      "signal": "FCF MARGIN EXPANSION",
      "detail": "FCF margin: +28.3% -> +42.9% (+14.7%)",
      "severity": "MEDIUM"
    },
    {
      "quarter": "2023-09 (Q3)",
      "signal": "YoY REVENUE GROWTH DECELERATION",
      "detail": "YoY growth: -30.9% vs prior quarter YoY: +0.7% (decel: -31.7%)",
      "severity": "WARNING"
    },
    {
      "quarter": "2023-09 (Q3)",
      "signal": "OP MARGIN TURNED POSITIVE (QoQ)",
      "detail": "Op margin: -168.6% -> +19.1%",
      "severity": "HIGH"
    },
    {
      "quarter": "2023-06 (Q2)",
      "signal": "FCF MARGIN EXPANSION",
      "detail": "FCF margin: +16.9% -> +28.3% (+11.4%)",
      "severity": "MEDIUM"
    },
    {
      "quarter": "2023-03 (Q1)",
      "signal": "YoY REVENUE GROWTH ACCELERATION",
      "detail": "YoY growth: +0.5% vs prior quarter YoY: -31.2% (accel: +31.7%)",
      "severity": "HIGH"
    },
    {
      "quarter": "2023-03 (Q1)",
      "signal": "INCREMENTAL MARGIN (YoY)",
      "detail": "YoY Incr OPM: +1000.0% vs year-ago OPM: +4.5%",
      "severity": "HIGH"
    },
    {
      "quarter": "2022-12 (Q4)",
      "signal": "FCF MARGIN EXPANSION",
      "detail": "FCF margin: +23.2% -> +44.7% (+21.6%)",
      "severity": "MEDIUM"
    },
    {
      "quarter": "2022-12 (Q4)",
      "signal": "YoY REVENUE GROWTH DECELERATION",
      "detail": "YoY growth: -31.2% vs prior quarter YoY: +2.8% (decel: -34.0%)",
      "severity": "WARNING"
    },
    {
      "quarter": "2022-09 (Q3)",
      "signal": "INCREMENTAL MARGIN (YoY)",
      "detail": "YoY Incr OPM: +334.0% vs year-ago OPM: +3.9%",
      "severity": "HIGH"
    },
    {
      "quarter": "2022-06 (Q2)",
      "signal": "OPERATING LEVERAGE",
      "detail": "Rev growth +6.5% vs OpEx growth +1.6% (leverage: 3.9x)",
      "severity": "MEDIUM"
    },
    {
      "quarter": "2022-06 (Q2)",
      "signal": "GROSS MARGIN INFLECTION",
      "detail": "GM: +38.7% -> +35.8% -> +39.9% (reversal +4.1%)",
      "severity": "MEDIUM"
    },
    {
      "quarter": "2022-03 (Q1)",
      "signal": "INCREMENTAL MARGIN (YoY)",
      "detail": "YoY Incr OPM: +21.6% vs year-ago OPM: +3.1%",
      "severity": "MEDIUM"
    },
    {
      "quarter": "2021-12 (Q4)",
      "signal": "INCREMENTAL MARGIN (YoY)",
      "detail": "YoY Incr OPM: +80.9% vs year-ago OPM: +5.0%",
      "severity": "HIGH"
    },
    {
      "quarter": "2021-09 (Q3)",
      "signal": "FCF MARGIN EXPANSION",
      "detail": "FCF margin: +27.5% -> +50.8% (+23.4%)",
      "severity": "MEDIUM"
    },
    {
      "quarter": "2021-06 (Q2)",
      "signal": "GROSS MARGIN INFLECTION",
      "detail": "GM: +36.4% -> +34.3% -> +38.6% (reversal +4.3%)",
      "severity": "MEDIUM"
    }
  ],
  "data_quality": {
    "n_quarters": 20,
    "coverage": {
      "revenue": [
        20,
        20
      ],
      "gross_profit": [
        20,
        20
      ],
      "op_income": [
        20,
        20
      ],
      "fcf": [
        13,
        20
      ]
    },
    "gaps": [],
    "warnings": [
      "fcf: 13/20Q"
    ]
  },
  "market_cap": null,
  "source": "SEC EDGAR",
  "last_updated": "2026-02-02T20:08:54.769486",
  "sector": "Technology",
  "industry": "Information Technology Services"
}