{
  "ticker": "FISV",
  "name": "FISERV INC",
  "sector": "",
  "industry": "",
  "quarters": [
    {
      "date": "2021-03-31T00:00:00",
      "quarter_label": "2021-03 (Q1)",
      "revenue": 3755000000,
      "gross_profit": null,
      "operating_income": 475000000,
      "net_income": 304000000,
      "opex": 3280000000,
      "cogs": null,
      "rd": null,
      "sga": 1373000000,
      "fcf": 718000000,
      "ocf": 952000000,
      "capex": -234000000,
      "gross_margin": null,
      "op_margin": 0.12649800266311584,
      "fcf_margin": 0.19121171770972037
    },
    {
      "date": "2021-06-30T00:00:00",
      "quarter_label": "2021-06 (Q2)",
      "revenue": 4051000000,
      "gross_profit": null,
      "operating_income": 644000000,
      "net_income": 269000000,
      "opex": 3407000000,
      "cogs": null,
      "rd": null,
      "sga": 1440000000,
      "fcf": 801000000,
      "ocf": 1061000000,
      "capex": -260000000,
      "gross_margin": null,
      "op_margin": 0.15897309306344112,
      "fcf_margin": 0.1977289558133794,
      "op_leverage_ratio": 2.0358786709584074,
      "fcf_margin_change": 0.006517238103659034
    },
    {
      "date": "2021-09-30T00:00:00",
      "quarter_label": "2021-09 (Q3)",
      "revenue": 4163000000,
      "gross_profit": null,
      "operating_income": 636000000,
      "net_income": 428000000,
      "opex": 3527000000,
      "cogs": null,
      "rd": null,
      "sga": 1476000000,
      "fcf": 358000000,
      "ocf": 678000000,
      "capex": -320000000,
      "gross_margin": null,
      "op_margin": 0.1527744415085275,
      "fcf_margin": 0.08599567619505165,
      "op_leverage_ratio": 0.7849584464741216,
      "fcf_margin_change": -0.11173327961832775
    },
    {
      "date": "2021-12-31T00:00:00",
      "quarter_label": "2021-12 (Q4)",
      "revenue": 4257000000,
      "gross_profit": null,
      "operating_income": 533000000,
      "net_income": 333000000,
      "opex": 3724000000,
      "cogs": null,
      "rd": null,
      "sga": 1521000000,
      "fcf": 997000000,
      "ocf": 1343000000,
      "capex": -346000000,
      "gross_margin": null,
      "op_margin": 0.12520554381019497,
      "fcf_margin": 0.2342024900164435,
      "op_leverage_ratio": 0.40425991115836757,
      "fcf_margin_change": 0.14820681382139184
    },
    {
      "date": "2022-03-31T00:00:00",
      "quarter_label": "2022-03 (Q1)",
      "revenue": 4138000000,
      "gross_profit": null,
      "operating_income": 846000000,
      "net_income": 669000000,
      "opex": 3292000000,
      "cogs": null,
      "rd": null,
      "sga": 1467000000,
      "fcf": 484000000,
      "ocf": 815000000,
      "capex": -331000000,
      "gross_margin": null,
      "op_margin": 0.2044465925567907,
      "fcf_margin": 0.11696471725471243,
      "incr_op_margin_yoy": 0.9686684073107049,
      "rev_growth_yoy": 0.10199733688415447,
      "fcf_margin_change": -0.11723777276173107
    },
    {
      "date": "2022-06-30T00:00:00",
      "quarter_label": "2022-06 (Q2)",
      "revenue": 4450000000,
      "gross_profit": null,
      "operating_income": 860000000,
      "net_income": 598000000,
      "opex": 3590000000,
      "cogs": null,
      "rd": null,
      "sga": 1546000000,
      "fcf": 603000000,
      "ocf": 990000000,
      "capex": -387000000,
      "gross_margin": null,
      "op_margin": 0.19325842696629214,
      "fcf_margin": 0.13550561797752808,
      "incr_op_margin_yoy": 0.5413533834586466,
      "rev_growth_yoy": 0.09849419896321895,
      "rev_growth_yoy_accel": -0.003503137920935512,
      "op_leverage_ratio": 0.832928399739199,
      "fcf_margin_change": 0.018540900722815654
    },
    {
      "date": "2022-09-30T00:00:00",
      "quarter_label": "2022-09 (Q3)",
      "revenue": 4518000000,
      "gross_profit": null,
      "operating_income": 855000000,
      "net_income": 481000000,
      "opex": 3663000000,
      "cogs": null,
      "rd": null,
      "sga": 1547000000,
      "fcf": 750000000,
      "ocf": 1180000000,
      "capex": -430000000,
      "gross_margin": null,
      "op_margin": 0.1892430278884462,
      "fcf_margin": 0.16600265604249667,
      "incr_op_margin_yoy": 0.6169014084507042,
      "rev_growth_yoy": 0.08527504203699256,
      "rev_growth_yoy_accel": -0.013219156926226397,
      "op_leverage_ratio": 0.7514853009081115,
      "fcf_margin_change": 0.03049703806496859
    },
    {
      "date": "2022-12-31T00:00:00",
      "quarter_label": "2022-12 (Q4)",
      "revenue": 4631000000,
      "gross_profit": null,
      "operating_income": 1179000000,
      "net_income": 782000000,
      "opex": 3452000000,
      "cogs": null,
      "rd": null,
      "sga": 1499000000,
      "fcf": 1302000000,
      "ocf": 1633000000,
      "capex": -331000000,
      "gross_margin": null,
      "op_margin": 0.25458864176203844,
      "fcf_margin": 0.2811487799611315,
      "incr_op_margin_yoy": 1.7272727272727273,
      "rev_growth_yoy": 0.08785529715762273,
      "rev_growth_yoy_accel": 0.002580255120630176,
      "op_leverage_ratio": null,
      "fcf_margin_change": 0.11514612391863485
    },
    {
      "date": "2023-03-31T00:00:00",
      "quarter_label": "2023-03 (Q1)",
      "revenue": 4547000000,
      "gross_profit": null,
      "operating_income": 934000000,
      "net_income": 563000000,
      "opex": 3613000000,
      "cogs": null,
      "rd": null,
      "sga": 1604000000,
      "fcf": 791000000,
      "ocf": 1130000000,
      "capex": -339000000,
      "gross_margin": null,
      "op_margin": 0.20541016054541456,
      "fcf_margin": 0.17396085330987465,
      "incr_op_margin_yoy": 0.21515892420537897,
      "rev_growth_yoy": 0.09884001933301112,
      "rev_growth_yoy_accel": 0.010984722175388387,
      "fcf_margin_change": -0.10718792665125687
    },
    {
      "date": "2023-06-30T00:00:00",
      "quarter_label": "2023-06 (Q2)",
      "revenue": 4756000000,
      "gross_profit": null,
      "operating_income": 1131000000,
      "net_income": 683000000,
      "opex": 3625000000,
      "cogs": null,
      "rd": null,
      "sga": 1696000000,
      "fcf": 538000000,
      "ocf": 878000000,
      "capex": -340000000,
      "gross_margin": null,
      "op_margin": 0.23780487804878048,
      "fcf_margin": 0.11312026913372582,
      "incr_op_margin_yoy": 0.8856209150326797,
      "rev_growth_yoy": 0.06876404494382023,
      "rev_growth_yoy_accel": -0.030075974389190893,
      "op_leverage_ratio": 13.839106370500696,
      "fcf_margin_change": -0.060840584176148835
    },
    {
      "date": "2023-09-30T00:00:00",
      "quarter_label": "2023-09 (Q3)",
      "revenue": 4873000000,
      "gross_profit": null,
      "operating_income": 1503000000,
      "net_income": 952000000,
      "opex": 3370000000,
      "cogs": null,
      "rd": null,
      "sga": 1652000000,
      "fcf": 1204000000,
      "ocf": 1559000000,
      "capex": -355000000,
      "gross_margin": null,
      "op_margin": 0.3084342294274574,
      "fcf_margin": 0.24707572337369177,
      "incr_op_margin_yoy": 1.8253521126760563,
      "rev_growth_yoy": 0.07857459052678176,
      "rev_growth_yoy_accel": 0.00981054558296153,
      "op_leverage_ratio": null,
      "fcf_margin_change": 0.13395545423996597
    },
    {
      "date": "2023-12-31T00:00:00",
      "quarter_label": "2023-12 (Q4)",
      "revenue": 4917000000,
      "gross_profit": null,
      "operating_income": 1446000000,
      "net_income": 870000000,
      "opex": 3471000000,
      "cogs": null,
      "rd": null,
      "sga": 1624000000,
      "fcf": 1241000000,
      "ocf": 1595000000,
      "capex": -354000000,
      "gross_margin": null,
      "op_margin": 0.2940817571690055,
      "fcf_margin": 0.252389668497051,
      "incr_op_margin_yoy": 0.9335664335664335,
      "rev_growth_yoy": 0.06175771971496437,
      "rev_growth_yoy_accel": -0.01681687081181739,
      "fcf_margin_change": 0.005313945123359254
    },
    {
      "date": "2024-03-31T00:00:00",
      "quarter_label": "2024-03 (Q1)",
      "revenue": 4883000000,
      "gross_profit": null,
      "operating_income": 1181000000,
      "net_income": 735000000,
      "opex": 3702000000,
      "cogs": null,
      "rd": null,
      "sga": 1697000000,
      "fcf": 411000000,
      "ocf": 831000000,
      "capex": -420000000,
      "gross_margin": null,
      "op_margin": 0.24185951259471636,
      "fcf_margin": 0.08416956788859307,
      "incr_op_margin_yoy": 0.7351190476190477,
      "rev_growth_yoy": 0.07389487574224764,
      "rev_growth_yoy_accel": 0.012137156027283269,
      "fcf_margin_change": -0.16822010060845793
    },
    {
      "date": "2024-06-30T00:00:00",
      "quarter_label": "2024-06 (Q2)",
      "revenue": 5107000000,
      "gross_profit": null,
      "operating_income": 1428000000,
      "net_income": 894000000,
      "opex": 3679000000,
      "cogs": null,
      "rd": null,
      "sga": 1697000000,
      "fcf": 993000000,
      "ocf": 1341000000,
      "capex": -348000000,
      "gross_margin": null,
      "op_margin": 0.2796162130409242,
      "fcf_margin": 0.19443900528686117,
      "incr_op_margin_yoy": 0.8461538461538461,
      "rev_growth_yoy": 0.07380151387720774,
      "rev_growth_yoy_accel": -9.336186503990096e-05,
      "op_leverage_ratio": null,
      "fcf_margin_change": 0.1102694373982681
    },
    {
      "date": "2024-09-30T00:00:00",
      "quarter_label": "2024-09 (Q3)",
      "revenue": 5215000000,
      "gross_profit": null,
      "operating_income": 1602000000,
      "net_income": 564000000,
      "opex": 3613000000,
      "cogs": null,
      "rd": null,
      "sga": 1606000000,
      "fcf": 1836000000,
      "ocf": 2238000000,
      "capex": -402000000,
      "gross_margin": null,
      "op_margin": 0.3071907957813998,
      "fcf_margin": 0.35206136145733463,
      "incr_op_margin_yoy": 0.2894736842105263,
      "rev_growth_yoy": 0.0701826390313975,
      "rev_growth_yoy_accel": -0.0036188748458102354,
      "op_leverage_ratio": null,
      "fcf_margin_change": 0.15762235617047346
    },
    {
      "date": "2024-12-31T00:00:00",
      "quarter_label": "2024-12 (Q4)",
      "revenue": 5251000000,
      "gross_profit": null,
      "operating_income": 1668000000,
      "net_income": 938000000,
      "opex": 3583000000,
      "cogs": null,
      "rd": null,
      "sga": 1564000000,
      "fcf": 1822000000,
      "ocf": 2221000000,
      "capex": -399000000,
      "gross_margin": null,
      "op_margin": 0.3176537802323367,
      "fcf_margin": 0.346981527328128,
      "incr_op_margin_yoy": 0.6646706586826348,
      "rev_growth_yoy": 0.0679275981289404,
      "rev_growth_yoy_accel": -0.002255040902457095,
      "fcf_margin_change": -0.005079834129206651
    },
    {
      "date": "2025-03-31T00:00:00",
      "quarter_label": "2025-03 (Q1)",
      "revenue": 5130000000,
      "gross_profit": null,
      "operating_income": 1395000000,
      "net_income": 851000000,
      "opex": 3735000000,
      "cogs": null,
      "rd": null,
      "sga": 1682000000,
      "fcf": 313000000,
      "ocf": 648000000,
      "capex": -335000000,
      "gross_margin": null,
      "op_margin": 0.2719298245614035,
      "fcf_margin": 0.06101364522417154,
      "incr_op_margin_yoy": 0.8663967611336032,
      "rev_growth_yoy": 0.05058365758754864,
      "rev_growth_yoy_accel": -0.017343940541391767,
      "fcf_margin_change": -0.28596788210395646
    },
    {
      "date": "2025-06-30T00:00:00",
      "quarter_label": "2025-06 (Q2)",
      "revenue": 5516000000,
      "gross_profit": null,
      "operating_income": 1696000000,
      "net_income": 1026000000,
      "opex": 3820000000,
      "cogs": null,
      "rd": null,
      "sga": 1711000000,
      "fcf": 1186000000,
      "ocf": 1665000000,
      "capex": -479000000,
      "gross_margin": null,
      "op_margin": 0.3074691805656273,
      "fcf_margin": 0.21501087744742567,
      "incr_op_margin_yoy": 0.6552567237163814,
      "rev_growth_yoy": 0.08008615625611905,
      "rev_growth_yoy_accel": 0.02950249866857041,
      "op_leverage_ratio": 3.306295149638803,
      "fcf_margin_change": 0.15399723222325412
    },
    {
      "date": "2025-09-30T00:00:00",
      "quarter_label": "2025-09 (Q3)",
      "revenue": 5263000000,
      "gross_profit": null,
      "operating_income": 1436000000,
      "net_income": 792000000,
      "opex": 3827000000,
      "cogs": null,
      "rd": null,
      "sga": 1762000000,
      "fcf": 1298000000,
      "ocf": 1805000000,
      "capex": -507000000,
      "gross_margin": null,
      "op_margin": 0.2728481854455634,
      "fcf_margin": 0.24662739882196466,
      "incr_op_margin_yoy": -3.4583333333333335,
      "rev_growth_yoy": 0.009204218600191754,
      "rev_growth_yoy_accel": -0.07088193765592729,
      "fcf_margin_change": 0.03161652137453899
    },
    {
      "date": "2025-12-31T00:00:00",
      "quarter_label": "2025-12 (Q4)",
      "revenue": 5284000000,
      "gross_profit": null,
      "operating_income": 1291000000,
      "net_income": 811000000,
      "opex": 3993000000,
      "cogs": null,
      "rd": null,
      "sga": 1728000000,
      "fcf": 1502000000,
      "ocf": 1944000000,
      "capex": -442000000,
      "gross_margin": null,
      "op_margin": 0.2443224829674489,
      "fcf_margin": 0.28425435276305827,
      "incr_op_margin_yoy": -11.424242424242424,
      "rev_growth_yoy": 0.006284517234812417,
      "rev_growth_yoy_accel": -0.0029197013653793373,
      "fcf_margin_change": 0.03762695394109361
    }
  ],
  "signals": [
    {
      "quarter": "2025-09 (Q3)",
      "signal": "YoY REVENUE GROWTH DECELERATION",
      "detail": "YoY growth: +0.9% vs prior quarter YoY: +8.0% (decel: -7.1%)",
      "severity": "WARNING"
    },
    {
      "quarter": "2025-06 (Q2)",
      "signal": "FCF MARGIN EXPANSION",
      "detail": "FCF margin: +6.1% -> +21.5% (+15.4%)",
      "severity": "MEDIUM"
    },
    {
      "quarter": "2025-06 (Q2)",
      "signal": "OPERATING LEVERAGE",
      "detail": "Rev growth +7.5% vs OpEx growth +2.3% (leverage: 3.3x)",
      "severity": "MEDIUM"
    },
    {
      "quarter": "2025-06 (Q2)",
      "signal": "INCREMENTAL MARGIN (YoY)",
      "detail": "YoY Incr OPM: +65.5% vs year-ago OPM: +28.0%",
      "severity": "HIGH"
    },
    {
      "quarter": "2025-03 (Q1)",
      "signal": "INCREMENTAL MARGIN (YoY)",
      "detail": "YoY Incr OPM: +86.6% vs year-ago OPM: +24.2%",
      "severity": "HIGH"
    },
    {
      "quarter": "2024-12 (Q4)",
      "signal": "INCREMENTAL MARGIN (YoY)",
      "detail": "YoY Incr OPM: +66.5% vs year-ago OPM: +29.4%",
      "severity": "HIGH"
    },
    {
      "quarter": "2024-09 (Q3)",
      "signal": "FCF MARGIN EXPANSION",
      "detail": "FCF margin: +19.4% -> +35.2% (+15.8%)",
      "severity": "MEDIUM"
    },
    {
      "quarter": "2024-06 (Q2)",
      "signal": "FCF MARGIN EXPANSION",
      "detail": "FCF margin: +8.4% -> +19.4% (+11.0%)",
      "severity": "MEDIUM"
    },
    {
      "quarter": "2024-06 (Q2)",
      "signal": "INCREMENTAL MARGIN (YoY)",
      "detail": "YoY Incr OPM: +84.6% vs year-ago OPM: +23.8%",
      "severity": "HIGH"
    },
    {
      "quarter": "2024-03 (Q1)",
      "signal": "INCREMENTAL MARGIN (YoY)",
      "detail": "YoY Incr OPM: +73.5% vs year-ago OPM: +20.5%",
      "severity": "HIGH"
    },
    {
      "quarter": "2023-12 (Q4)",
      "signal": "INCREMENTAL MARGIN (YoY)",
      "detail": "YoY Incr OPM: +93.4% vs year-ago OPM: +25.5%",
      "severity": "HIGH"
    },
    {
      "quarter": "2023-09 (Q3)",
      "signal": "FCF MARGIN EXPANSION",
      "detail": "FCF margin: +11.3% -> +24.7% (+13.4%)",
      "severity": "MEDIUM"
    },
    {
      "quarter": "2023-09 (Q3)",
      "signal": "INCREMENTAL MARGIN (YoY)",
      "detail": "YoY Incr OPM: +182.5% vs year-ago OPM: +18.9%",
      "severity": "HIGH"
    },
    {
      "quarter": "2023-06 (Q2)",
      "signal": "OPERATING LEVERAGE",
      "detail": "Rev growth +4.6% vs OpEx growth +0.3% (leverage: 13.8x)",
      "severity": "MEDIUM"
    },
    {
      "quarter": "2023-06 (Q2)",
      "signal": "INCREMENTAL MARGIN (YoY)",
      "detail": "YoY Incr OPM: +88.6% vs year-ago OPM: +19.3%",
      "severity": "HIGH"
    },
    {
      "quarter": "2022-12 (Q4)",
      "signal": "FCF MARGIN EXPANSION",
      "detail": "FCF margin: +16.6% -> +28.1% (+11.5%)",
      "severity": "MEDIUM"
    },
    {
      "quarter": "2022-12 (Q4)",
      "signal": "INCREMENTAL MARGIN (YoY)",
      "detail": "YoY Incr OPM: +172.7% vs year-ago OPM: +12.5%",
      "severity": "HIGH"
    },
    {
      "quarter": "2022-09 (Q3)",
      "signal": "INCREMENTAL MARGIN (YoY)",
      "detail": "YoY Incr OPM: +61.7% vs year-ago OPM: +15.3%",
      "severity": "HIGH"
    },
    {
      "quarter": "2022-06 (Q2)",
      "signal": "INCREMENTAL MARGIN (YoY)",
      "detail": "YoY Incr OPM: +54.1% vs year-ago OPM: +15.9%",
      "severity": "HIGH"
    },
    {
      "quarter": "2022-03 (Q1)",
      "signal": "INCREMENTAL MARGIN (YoY)",
      "detail": "YoY Incr OPM: +96.9% vs year-ago OPM: +12.6%",
      "severity": "HIGH"
    },
    {
      "quarter": "2021-12 (Q4)",
      "signal": "FCF MARGIN EXPANSION",
      "detail": "FCF margin: +8.6% -> +23.4% (+14.8%)",
      "severity": "MEDIUM"
    },
    {
      "quarter": "2021-06 (Q2)",
      "signal": "OPERATING LEVERAGE",
      "detail": "Rev growth +7.9% vs OpEx growth +3.9% (leverage: 2.0x)",
      "severity": "MEDIUM"
    }
  ],
  "data_quality": {
    "n_quarters": 20,
    "coverage": {
      "revenue": [
        20,
        20
      ],
      "gross_profit": [
        0,
        20
      ],
      "op_income": [
        20,
        20
      ],
      "fcf": [
        20,
        20
      ]
    },
    "gaps": [],
    "warnings": [
      "gross_profit: no data"
    ]
  },
  "market_cap": null,
  "source": "SEC EDGAR",
  "last_updated": "2026-02-24T10:23:13.176887"
}