{
  "ticker": "FITB",
  "name": "Fifth Third Bancorp",
  "quarters": [
    {
      "date": "2019-12-31T00:00:00",
      "quarter_label": "2019-12 (Q4)",
      "revenue": 148000000,
      "gross_profit": null,
      "operating_income": null,
      "net_income": null,
      "opex": null,
      "cogs": null,
      "rd": null,
      "sga": null,
      "fcf": null,
      "ocf": null,
      "capex": null,
      "gross_margin": null,
      "op_margin": null,
      "fcf_margin": null
    },
    {
      "date": "2020-03-31T00:00:00",
      "quarter_label": "2020-03 (Q1)",
      "revenue": 148000000,
      "gross_profit": null,
      "operating_income": null,
      "net_income": null,
      "opex": null,
      "cogs": null,
      "rd": null,
      "sga": null,
      "fcf": null,
      "ocf": null,
      "capex": null,
      "gross_margin": null,
      "op_margin": null,
      "fcf_margin": null
    },
    {
      "date": "2020-06-30T00:00:00",
      "quarter_label": "2020-06 (Q2)",
      "revenue": 122000000,
      "gross_profit": null,
      "operating_income": null,
      "net_income": null,
      "opex": null,
      "cogs": null,
      "rd": null,
      "sga": null,
      "fcf": null,
      "ocf": null,
      "capex": null,
      "gross_margin": null,
      "op_margin": null,
      "fcf_margin": null
    },
    {
      "date": "2020-09-30T00:00:00",
      "quarter_label": "2020-09 (Q3)",
      "revenue": 144000000,
      "gross_profit": null,
      "operating_income": null,
      "net_income": null,
      "opex": null,
      "cogs": null,
      "rd": null,
      "sga": null,
      "fcf": null,
      "ocf": null,
      "capex": null,
      "gross_margin": null,
      "op_margin": null,
      "fcf_margin": null
    },
    {
      "date": "2020-12-31T00:00:00",
      "quarter_label": "2020-12 (Q4)",
      "revenue": 145000000,
      "gross_profit": null,
      "operating_income": null,
      "net_income": 604000000,
      "opex": null,
      "cogs": null,
      "rd": null,
      "sga": null,
      "fcf": -1714000000,
      "ocf": -1644000000,
      "capex": -70000000,
      "gross_margin": null,
      "op_margin": null,
      "fcf_margin": -11.820689655172414,
      "rev_growth_yoy": -0.02027027027027027
    },
    {
      "date": "2021-03-31T00:00:00",
      "quarter_label": "2021-03 (Q1)",
      "revenue": 144000000,
      "gross_profit": null,
      "operating_income": null,
      "net_income": 694000000,
      "opex": null,
      "cogs": null,
      "rd": null,
      "sga": null,
      "fcf": -426000000,
      "ocf": -366000000,
      "capex": -60000000,
      "gross_margin": null,
      "op_margin": null,
      "fcf_margin": -2.9583333333333335,
      "rev_growth_yoy": -0.02702702702702703,
      "rev_growth_yoy_accel": -0.006756756756756757,
      "fcf_margin_change": 8.86235632183908
    },
    {
      "date": "2021-06-30T00:00:00",
      "quarter_label": "2021-06 (Q2)",
      "revenue": 149000000,
      "gross_profit": null,
      "operating_income": null,
      "net_income": 709000000,
      "opex": null,
      "cogs": null,
      "rd": null,
      "sga": null,
      "fcf": 423000000,
      "ocf": 489000000,
      "capex": -66000000,
      "gross_margin": null,
      "op_margin": null,
      "fcf_margin": 2.838926174496644,
      "rev_growth_yoy": 0.22131147540983606,
      "rev_growth_yoy_accel": 0.2483385024368631,
      "fcf_margin_change": 5.797259507829978
    },
    {
      "date": "2021-09-30T00:00:00",
      "quarter_label": "2021-09 (Q3)",
      "revenue": 152000000,
      "gross_profit": null,
      "operating_income": null,
      "net_income": 704000000,
      "opex": null,
      "cogs": null,
      "rd": null,
      "sga": null,
      "fcf": 1141000000,
      "ocf": 1239000000,
      "capex": -98000000,
      "gross_margin": null,
      "op_margin": null,
      "fcf_margin": 7.506578947368421,
      "rev_growth_yoy": 0.05555555555555555,
      "rev_growth_yoy_accel": -0.1657559198542805,
      "fcf_margin_change": 4.667652772871778
    },
    {
      "date": "2021-12-31T00:00:00",
      "quarter_label": "2021-12 (Q4)",
      "revenue": 155000000,
      "gross_profit": null,
      "operating_income": null,
      "net_income": 663000000,
      "opex": null,
      "cogs": null,
      "rd": null,
      "sga": null,
      "fcf": 1257000000,
      "ocf": 1342000000,
      "capex": -85000000,
      "gross_margin": null,
      "op_margin": null,
      "fcf_margin": 8.109677419354838,
      "rev_growth_yoy": 0.06896551724137931,
      "rev_growth_yoy_accel": 0.013409961685823757,
      "fcf_margin_change": 0.6030984719864172
    },
    {
      "date": "2022-03-31T00:00:00",
      "quarter_label": "2022-03 (Q1)",
      "revenue": 152000000,
      "gross_profit": null,
      "operating_income": null,
      "net_income": 494000000,
      "opex": null,
      "cogs": null,
      "rd": null,
      "sga": null,
      "fcf": 1624000000,
      "ocf": 1687000000,
      "capex": -63000000,
      "gross_margin": null,
      "op_margin": null,
      "fcf_margin": 10.68421052631579,
      "rev_growth_yoy": 0.05555555555555555,
      "rev_growth_yoy_accel": -0.013409961685823757,
      "fcf_margin_change": 2.574533106960951
    },
    {
      "date": "2022-06-30T00:00:00",
      "quarter_label": "2022-06 (Q2)",
      "revenue": 154000000,
      "gross_profit": null,
      "operating_income": null,
      "net_income": 562000000,
      "opex": null,
      "cogs": null,
      "rd": null,
      "sga": null,
      "fcf": 878000000,
      "ocf": 958000000,
      "capex": -80000000,
      "gross_margin": null,
      "op_margin": null,
      "fcf_margin": 5.701298701298701,
      "rev_growth_yoy": 0.03355704697986577,
      "rev_growth_yoy_accel": -0.02199850857568978,
      "fcf_margin_change": -4.982911825017088
    },
    {
      "date": "2022-09-30T00:00:00",
      "quarter_label": "2022-09 (Q3)",
      "revenue": 143000000,
      "gross_profit": null,
      "operating_income": null,
      "net_income": 653000000,
      "opex": null,
      "cogs": null,
      "rd": null,
      "sga": null,
      "fcf": 1613000000,
      "ocf": 1710000000,
      "capex": -97000000,
      "gross_margin": null,
      "op_margin": null,
      "fcf_margin": 11.27972027972028,
      "rev_growth_yoy": -0.05921052631578947,
      "rev_growth_yoy_accel": -0.09276757329565524,
      "fcf_margin_change": 5.578421578421579
    },
    {
      "date": "2022-12-31T00:00:00",
      "quarter_label": "2022-12 (Q4)",
      "revenue": 140000000,
      "gross_profit": null,
      "operating_income": null,
      "net_income": 737000000,
      "opex": null,
      "cogs": null,
      "rd": null,
      "sga": null,
      "fcf": 1965000000,
      "ocf": 2073000000,
      "capex": -108000000,
      "gross_margin": null,
      "op_margin": null,
      "fcf_margin": 14.035714285714286,
      "rev_growth_yoy": -0.0967741935483871,
      "rev_growth_yoy_accel": -0.037563667232597624,
      "fcf_margin_change": 2.7559940059940065
    },
    {
      "date": "2023-03-31T00:00:00",
      "quarter_label": "2023-03 (Q1)",
      "revenue": 137000000,
      "gross_profit": null,
      "operating_income": null,
      "net_income": 558000000,
      "opex": null,
      "cogs": null,
      "rd": null,
      "sga": null,
      "fcf": 1208000000,
      "ocf": 1321000000,
      "capex": -113000000,
      "gross_margin": null,
      "op_margin": null,
      "fcf_margin": 8.817518248175183,
      "rev_growth_yoy": -0.09868421052631579,
      "rev_growth_yoy_accel": -0.0019100169779286968,
      "fcf_margin_change": -5.218196037539103
    },
    {
      "date": "2023-06-30T00:00:00",
      "quarter_label": "2023-06 (Q2)",
      "revenue": 144000000,
      "gross_profit": null,
      "operating_income": null,
      "net_income": 601000000,
      "opex": null,
      "cogs": null,
      "rd": null,
      "sga": null,
      "fcf": 345000000,
      "ocf": 480000000,
      "capex": -135000000,
      "gross_margin": null,
      "op_margin": null,
      "fcf_margin": 2.3958333333333335,
      "rev_growth_yoy": -0.06493506493506493,
      "rev_growth_yoy_accel": 0.03374914559125086,
      "fcf_margin_change": -6.421684914841849
    },
    {
      "date": "2023-09-30T00:00:00",
      "quarter_label": "2023-09 (Q3)",
      "revenue": 149000000,
      "gross_profit": null,
      "operating_income": null,
      "net_income": 660000000,
      "opex": null,
      "cogs": null,
      "rd": null,
      "sga": null,
      "fcf": 519000000,
      "ocf": 636000000,
      "capex": -117000000,
      "gross_margin": null,
      "op_margin": null,
      "fcf_margin": 3.4832214765100673,
      "rev_growth_yoy": 0.04195804195804196,
      "rev_growth_yoy_accel": 0.10689310689310688,
      "fcf_margin_change": 1.0873881431767338
    },
    {
      "date": "2023-12-31T00:00:00",
      "quarter_label": "2023-12 (Q4)",
      "revenue": 146000000,
      "gross_profit": null,
      "operating_income": null,
      "net_income": 530000000,
      "opex": null,
      "cogs": null,
      "rd": null,
      "sga": null,
      "fcf": 1946000000,
      "ocf": 2072000000,
      "capex": -126000000,
      "gross_margin": null,
      "op_margin": null,
      "fcf_margin": 13.32876712328767,
      "rev_growth_yoy": 0.04285714285714286,
      "rev_growth_yoy_accel": 0.0008991008991008978,
      "fcf_margin_change": 9.845545646777603
    },
    {
      "date": "2024-03-31T00:00:00",
      "quarter_label": "2024-03 (Q1)",
      "revenue": 151000000,
      "gross_profit": null,
      "operating_income": null,
      "net_income": 520000000,
      "opex": null,
      "cogs": null,
      "rd": null,
      "sga": null,
      "fcf": 321000000,
      "ocf": 386000000,
      "capex": -65000000,
      "gross_margin": null,
      "op_margin": null,
      "fcf_margin": 2.1258278145695364,
      "rev_growth_yoy": 0.10218978102189781,
      "rev_growth_yoy_accel": 0.05933263816475495,
      "fcf_margin_change": -11.202939308718134
    },
    {
      "date": "2024-06-30T00:00:00",
      "quarter_label": "2024-06 (Q2)",
      "revenue": 156000000,
      "gross_profit": null,
      "operating_income": null,
      "net_income": 601000000,
      "opex": null,
      "cogs": null,
      "rd": null,
      "sga": null,
      "fcf": 588000000,
      "ocf": 679000000,
      "capex": -91000000,
      "gross_margin": null,
      "op_margin": null,
      "fcf_margin": 3.769230769230769,
      "rev_growth_yoy": 0.08333333333333333,
      "rev_growth_yoy_accel": -0.01885644768856448,
      "fcf_margin_change": 1.6434029546612328
    },
    {
      "date": "2024-09-30T00:00:00",
      "quarter_label": "2024-09 (Q3)",
      "revenue": 161000000,
      "gross_profit": null,
      "operating_income": null,
      "net_income": 573000000,
      "opex": null,
      "cogs": null,
      "rd": null,
      "sga": null,
      "fcf": 1747000000,
      "ocf": 1860000000,
      "capex": -113000000,
      "gross_margin": null,
      "op_margin": null,
      "fcf_margin": 10.850931677018634,
      "rev_growth_yoy": 0.08053691275167785,
      "rev_growth_yoy_accel": -0.0027964205816554816,
      "fcf_margin_change": 7.081700907787865
    }
  ],
  "signals": [
    {
      "quarter": "2024-09 (Q3)",
      "signal": "FCF MARGIN EXPANSION",
      "detail": "FCF margin: +376.9% -> +1085.1% (+708.2%)",
      "severity": "MEDIUM"
    },
    {
      "quarter": "2024-06 (Q2)",
      "signal": "FCF MARGIN EXPANSION",
      "detail": "FCF margin: +212.6% -> +376.9% (+164.3%)",
      "severity": "MEDIUM"
    },
    {
      "quarter": "2024-03 (Q1)",
      "signal": "YoY REVENUE GROWTH ACCELERATION",
      "detail": "YoY growth: +10.2% vs prior quarter YoY: +4.3% (accel: +5.9%)",
      "severity": "MEDIUM"
    },
    {
      "quarter": "2023-12 (Q4)",
      "signal": "FCF MARGIN EXPANSION",
      "detail": "FCF margin: +348.3% -> +1332.9% (+984.6%)",
      "severity": "MEDIUM"
    },
    {
      "quarter": "2023-09 (Q3)",
      "signal": "FCF MARGIN EXPANSION",
      "detail": "FCF margin: +239.6% -> +348.3% (+108.7%)",
      "severity": "MEDIUM"
    },
    {
      "quarter": "2023-09 (Q3)",
      "signal": "YoY REVENUE GROWTH ACCELERATION",
      "detail": "YoY growth: +4.2% vs prior quarter YoY: -6.5% (accel: +10.7%)",
      "severity": "MEDIUM"
    },
    {
      "quarter": "2022-12 (Q4)",
      "signal": "FCF MARGIN EXPANSION",
      "detail": "FCF margin: +1128.0% -> +1403.6% (+275.6%)",
      "severity": "MEDIUM"
    },
    {
      "quarter": "2022-09 (Q3)",
      "signal": "FCF MARGIN EXPANSION",
      "detail": "FCF margin: +570.1% -> +1128.0% (+557.8%)",
      "severity": "MEDIUM"
    },
    {
      "quarter": "2022-09 (Q3)",
      "signal": "YoY REVENUE GROWTH DECELERATION",
      "detail": "YoY growth: -5.9% vs prior quarter YoY: +3.4% (decel: -9.3%)",
      "severity": "WARNING"
    },
    {
      "quarter": "2022-03 (Q1)",
      "signal": "FCF MARGIN EXPANSION",
      "detail": "FCF margin: +811.0% -> +1068.4% (+257.5%)",
      "severity": "MEDIUM"
    },
    {
      "quarter": "2021-12 (Q4)",
      "signal": "FCF MARGIN EXPANSION",
      "detail": "FCF margin: +750.7% -> +811.0% (+60.3%)",
      "severity": "MEDIUM"
    },
    {
      "quarter": "2021-09 (Q3)",
      "signal": "FCF MARGIN EXPANSION",
      "detail": "FCF margin: +283.9% -> +750.7% (+466.8%)",
      "severity": "MEDIUM"
    },
    {
      "quarter": "2021-09 (Q3)",
      "signal": "YoY REVENUE GROWTH DECELERATION",
      "detail": "YoY growth: +5.6% vs prior quarter YoY: +22.1% (decel: -16.6%)",
      "severity": "WARNING"
    },
    {
      "quarter": "2021-06 (Q2)",
      "signal": "FCF TURNED POSITIVE",
      "detail": "FCF margin: -295.8% -> +283.9%",
      "severity": "HIGH"
    },
    {
      "quarter": "2021-06 (Q2)",
      "signal": "YoY REVENUE GROWTH ACCELERATION",
      "detail": "YoY growth: +22.1% vs prior quarter YoY: -2.7% (accel: +24.8%)",
      "severity": "HIGH"
    },
    {
      "quarter": "2021-03 (Q1)",
      "signal": "FCF MARGIN EXPANSION",
      "detail": "FCF margin: -1182.1% -> -295.8% (+886.2%)",
      "severity": "MEDIUM"
    }
  ],
  "data_quality": {
    "n_quarters": 20,
    "coverage": {
      "revenue": [
        20,
        20
      ],
      "gross_profit": [
        0,
        20
      ],
      "op_income": [
        0,
        20
      ],
      "fcf": [
        16,
        20
      ]
    },
    "gaps": [],
    "warnings": [
      "gross_profit: no data",
      "op_income: no data"
    ]
  },
  "market_cap": null,
  "source": "SEC EDGAR",
  "last_updated": "2026-02-03T00:53:24.845926",
  "sector": "Financial Services",
  "industry": "Banks - Regional"
}