{
  "ticker": "FLEX",
  "name": "FLEX LTD.",
  "sector": "Technology",
  "industry": "Electronic Components",
  "quarters": [
    {
      "date": "2021-03-31T00:00:00",
      "quarter_label": "2021-03 (Q1)",
      "revenue": 6266000000,
      "gross_profit": 509000000,
      "operating_income": 282000000,
      "net_income": 240000000,
      "opex": 227000000,
      "cogs": 5731000000,
      "rd": null,
      "sga": 211000000,
      "fcf": 71000000,
      "ocf": 161000000,
      "capex": -90000000,
      "gross_margin": 0.08123204596233642,
      "op_margin": 0.045004787743376955,
      "fcf_margin": 0.011330992658793488
    },
    {
      "date": "2021-07-02T00:00:00",
      "quarter_label": "2021-07 (Q3)",
      "revenue": 6342000000,
      "gross_profit": 471000000,
      "operating_income": 255000000,
      "net_income": 206000000,
      "opex": 216000000,
      "cogs": 5871000000,
      "rd": null,
      "sga": 201000000,
      "fcf": 216000000,
      "ocf": 334000000,
      "capex": -118000000,
      "gross_margin": 0.07426679280983917,
      "op_margin": 0.0402081362346263,
      "fcf_margin": 0.03405865657521287,
      "op_leverage_ratio": null,
      "fcf_margin_change": 0.02272766391641938
    },
    {
      "date": "2021-10-01T00:00:00",
      "quarter_label": "2021-10 (Q4)",
      "revenue": 6229000000,
      "gross_profit": 465000000,
      "operating_income": 237000000,
      "net_income": 336000000,
      "opex": 228000000,
      "cogs": 5755000000,
      "rd": null,
      "sga": 213000000,
      "fcf": 88000000,
      "ocf": 180000000,
      "capex": -92000000,
      "gross_margin": 0.074650826777974,
      "op_margin": 0.038047840744902875,
      "fcf_margin": 0.014127468293466046,
      "fcf_margin_change": -0.019931188281746823
    },
    {
      "date": "2021-12-31T00:00:00",
      "quarter_label": "2021-12 (Q4)",
      "revenue": 6619000000,
      "gross_profit": 491000000,
      "operating_income": 251000000,
      "net_income": 227000000,
      "opex": 240000000,
      "cogs": 6128000000,
      "rd": null,
      "sga": 225000000,
      "fcf": 27000000,
      "ocf": 150000000,
      "capex": -123000000,
      "gross_margin": 0.07418038978697689,
      "op_margin": 0.03792113612328146,
      "fcf_margin": 0.004079166037165735,
      "op_leverage_ratio": 1.1895970460748115,
      "fcf_margin_change": -0.01004830225630031
    },
    {
      "date": "2022-03-31T00:00:00",
      "quarter_label": "2022-03 (Q1)",
      "revenue": 6851000000,
      "gross_profit": 505000000,
      "operating_income": 228000000,
      "net_income": 168000000,
      "opex": 277000000,
      "cogs": 6332000000,
      "rd": null,
      "sga": 254000000,
      "fcf": 250000000,
      "ocf": 360000000,
      "capex": -110000000,
      "gross_margin": 0.07371186688074734,
      "op_margin": 0.033279813165961174,
      "fcf_margin": 0.03649102320829076,
      "incr_op_margin_yoy": -0.09230769230769231,
      "rev_growth_yoy": 0.09336099585062241,
      "op_leverage_ratio": 0.22735532026965777,
      "fcf_margin_change": 0.03241185717112502
    },
    {
      "date": "2022-07-01T00:00:00",
      "quarter_label": "2022-07 (Q3)",
      "revenue": 7347000000,
      "gross_profit": 535000000,
      "operating_income": 272000000,
      "net_income": 189000000,
      "opex": 263000000,
      "cogs": 6812000000,
      "rd": null,
      "sga": 241000000,
      "fcf": -69000000,
      "ocf": 38000000,
      "capex": -107000000,
      "gross_margin": 0.0728188376207976,
      "op_margin": 0.03702191370627467,
      "fcf_margin": -0.009391588403429971,
      "incr_op_margin_yoy": 0.01691542288557214,
      "rev_growth_yoy": 0.1584673604541154,
      "rev_growth_yoy_accel": 0.065106364603493,
      "op_leverage_ratio": null,
      "fcf_margin_change": -0.045882611611720726
    },
    {
      "date": "2022-09-30T00:00:00",
      "quarter_label": "2022-09 (Q3)",
      "revenue": 7766000000,
      "gross_profit": 591000000,
      "operating_income": 325000000,
      "net_income": 232000000,
      "opex": 266000000,
      "cogs": 7175000000,
      "rd": null,
      "sga": 245000000,
      "fcf": -86000000,
      "ocf": 103000000,
      "capex": -189000000,
      "gross_margin": 0.07610095287149111,
      "op_margin": 0.0418490857584342,
      "fcf_margin": -0.011073911923770281,
      "incr_op_margin_yoy": 0.057254391672088484,
      "rev_growth_yoy": 0.24674907689837855,
      "rev_growth_yoy_accel": 0.08828171644426314,
      "op_leverage_ratio": 4.999637040061703,
      "fcf_margin_change": -0.0016823235203403102
    },
    {
      "date": "2022-12-31T00:00:00",
      "quarter_label": "2022-12 (Q4)",
      "revenue": 7756000000,
      "gross_profit": 583000000,
      "operating_income": 321000000,
      "net_income": 230000000,
      "opex": 262000000,
      "cogs": 7168000000,
      "rd": null,
      "sga": 243000000,
      "fcf": 200000000,
      "ocf": 359000000,
      "capex": -159000000,
      "gross_margin": 0.07516761217122228,
      "op_margin": 0.041387313047962865,
      "fcf_margin": 0.025786487880350695,
      "incr_op_margin_yoy": 0.06156552330694811,
      "rev_growth_yoy": 0.17177821423175707,
      "rev_growth_yoy_accel": -0.07497086266662148,
      "fcf_margin_change": 0.03686039980412098
    },
    {
      "date": "2023-03-31T00:00:00",
      "quarter_label": "2023-03 (Q1)",
      "revenue": 6984000000,
      "gross_profit": 465000000,
      "operating_income": 223000000,
      "net_income": 142000000,
      "opex": 242000000,
      "cogs": 6903000000,
      "rd": null,
      "sga": 266000000,
      "fcf": 270000000,
      "ocf": 450000000,
      "capex": -180000000,
      "gross_margin": 0.0665807560137457,
      "op_margin": 0.03193012600229095,
      "fcf_margin": 0.03865979381443299,
      "incr_op_margin_yoy": -0.03759398496240601,
      "rev_growth_yoy": 0.019413224346810684,
      "rev_growth_yoy_accel": -0.1523649898849464,
      "fcf_margin_change": 0.012873305934082296
    },
    {
      "date": "2023-06-30T00:00:00",
      "quarter_label": "2023-06 (Q2)",
      "revenue": 7336000000,
      "gross_profit": 587000000,
      "operating_income": 291000000,
      "net_income": 186000000,
      "opex": 296000000,
      "cogs": 6732000000,
      "rd": null,
      "sga": 270000000,
      "fcf": -161000000,
      "ocf": 6000000,
      "capex": -167000000,
      "gross_margin": 0.08001635768811341,
      "op_margin": 0.039667393675027265,
      "fcf_margin": -0.02194656488549618,
      "incr_op_margin_yoy": -1.7272727272727273,
      "rev_growth_yoy": -0.0014972097454743433,
      "rev_growth_yoy_accel": -0.02091043409228503,
      "op_leverage_ratio": 0.22587077340800135,
      "fcf_margin_change": -0.06060635869992917
    },
    {
      "date": "2023-09-29T00:00:00",
      "quarter_label": "2023-09 (Q3)",
      "revenue": 7471000000,
      "gross_profit": 665000000,
      "operating_income": 376000000,
      "net_income": 228000000,
      "opex": 289000000,
      "cogs": 6803000000,
      "rd": null,
      "sga": 272000000,
      "fcf": 205000000,
      "ocf": 357000000,
      "capex": -152000000,
      "gross_margin": 0.08901084192209878,
      "op_margin": 0.05032793468076563,
      "fcf_margin": 0.02743943247222594,
      "incr_op_margin_yoy": -0.17288135593220338,
      "rev_growth_yoy": -0.037986093226886425,
      "rev_growth_yoy_accel": -0.036488883481412084,
      "op_leverage_ratio": null,
      "fcf_margin_change": 0.04938599735772212
    },
    {
      "date": "2023-12-31T00:00:00",
      "quarter_label": "2023-12 (Q4)",
      "revenue": 7103000000,
      "gross_profit": 642000000,
      "operating_income": 348000000,
      "net_income": 197000000,
      "opex": 294000000,
      "cogs": 6400000000,
      "rd": null,
      "sga": 264000000,
      "fcf": 154000000,
      "ocf": 284000000,
      "capex": -130000000,
      "gross_margin": 0.09038434464310854,
      "op_margin": 0.04899338307757286,
      "fcf_margin": 0.02168097986766155,
      "incr_op_margin_yoy": -0.04134762633996937,
      "rev_growth_yoy": -0.08419288292934503,
      "rev_growth_yoy_accel": -0.0462067897024586,
      "fcf_margin_change": -0.005758452604564389
    },
    {
      "date": "2024-03-31T00:00:00",
      "quarter_label": "2024-03 (Q1)",
      "revenue": 6169000000,
      "gross_profit": 437000000,
      "operating_income": 159000000,
      "net_income": 395000000,
      "opex": 278000000,
      "cogs": 4460000000,
      "rd": null,
      "sga": 116000000,
      "fcf": 598000000,
      "ocf": 679000000,
      "capex": -81000000,
      "gross_margin": 0.0708380612741125,
      "op_margin": 0.025774031447560384,
      "fcf_margin": 0.09693629437510132,
      "incr_op_margin_yoy": 0.0785276073619632,
      "rev_growth_yoy": -0.11669530355097366,
      "rev_growth_yoy_accel": -0.03250242062162863,
      "fcf_margin_change": 0.07525531450743977
    },
    {
      "date": "2024-06-28T00:00:00",
      "quarter_label": "2024-06 (Q2)",
      "revenue": 6314000000,
      "gross_profit": 471000000,
      "operating_income": 233000000,
      "net_income": 139000000,
      "opex": 238000000,
      "cogs": 5827000000,
      "rd": null,
      "sga": 213000000,
      "fcf": 229000000,
      "ocf": 340000000,
      "capex": -111000000,
      "gross_margin": 0.07459613557174533,
      "op_margin": 0.03690212226797593,
      "fcf_margin": 0.03626860943934115,
      "incr_op_margin_yoy": 0.05675146771037182,
      "rev_growth_yoy": -0.13931297709923665,
      "rev_growth_yoy_accel": -0.022617673548262995,
      "op_leverage_ratio": null,
      "fcf_margin_change": -0.06066768493576017
    },
    {
      "date": "2024-09-27T00:00:00",
      "quarter_label": "2024-09 (Q3)",
      "revenue": 6545000000,
      "gross_profit": 531000000,
      "operating_income": 297000000,
      "net_income": 214000000,
      "opex": 234000000,
      "cogs": 5998000000,
      "rd": null,
      "sga": 216000000,
      "fcf": 216000000,
      "ocf": 319000000,
      "capex": -103000000,
      "gross_margin": 0.08113063407181054,
      "op_margin": 0.0453781512605042,
      "fcf_margin": 0.03300229182582124,
      "incr_op_margin_yoy": 0.08531317494600432,
      "rev_growth_yoy": -0.1239459242403962,
      "rev_growth_yoy_accel": 0.01536705285884045,
      "op_leverage_ratio": null,
      "fcf_margin_change": -0.0032663176135199062
    },
    {
      "date": "2024-12-31T00:00:00",
      "quarter_label": "2024-12 (Q4)",
      "revenue": 6556000000,
      "gross_profit": 594000000,
      "operating_income": 334000000,
      "net_income": 263000000,
      "opex": 260000000,
      "cogs": 5952000000,
      "rd": null,
      "sga": 241000000,
      "fcf": 301000000,
      "ocf": 413000000,
      "capex": -112000000,
      "gross_margin": 0.09060402684563758,
      "op_margin": 0.05094569859670531,
      "fcf_margin": 0.04591214154972544,
      "incr_op_margin_yoy": 0.025594149908592323,
      "rev_growth_yoy": -0.07700971420526538,
      "rev_growth_yoy_accel": 0.04693621003513082,
      "fcf_margin_change": 0.012909849723904201
    },
    {
      "date": "2025-03-31T00:00:00",
      "quarter_label": "2025-03 (Q1)",
      "revenue": 6398000000,
      "gross_profit": 563000000,
      "operating_income": 305000000,
      "net_income": 222000000,
      "opex": 258000000,
      "cogs": 5807000000,
      "rd": null,
      "sga": 234000000,
      "fcf": 321000000,
      "ocf": 433000000,
      "capex": -112000000,
      "gross_margin": 0.08799624882775868,
      "op_margin": 0.04767114723351047,
      "fcf_margin": 0.05017192872772742,
      "incr_op_margin_yoy": 0.6375545851528385,
      "rev_growth_yoy": 0.03712108931755552,
      "rev_growth_yoy_accel": 0.1141308035228209,
      "fcf_margin_change": 0.004259787178001975
    },
    {
      "date": "2025-06-27T00:00:00",
      "quarter_label": "2025-06 (Q2)",
      "revenue": 6575000000,
      "gross_profit": 572000000,
      "operating_income": 311000000,
      "net_income": 192000000,
      "opex": 261000000,
      "cogs": 5987000000,
      "rd": null,
      "sga": 233000000,
      "fcf": 266000000,
      "ocf": 399000000,
      "capex": -133000000,
      "gross_margin": 0.08699619771863118,
      "op_margin": 0.04730038022813688,
      "fcf_margin": 0.04045627376425855,
      "incr_op_margin_yoy": 0.2988505747126437,
      "rev_growth_yoy": 0.041336712068419386,
      "rev_growth_yoy_accel": 0.004215622750863866,
      "op_leverage_ratio": 2.379180994060644,
      "fcf_margin_change": -0.009715654963468864
    },
    {
      "date": "2025-09-26T00:00:00",
      "quarter_label": "2025-09 (Q3)",
      "revenue": 6804000000,
      "gross_profit": 614000000,
      "operating_income": 296000000,
      "net_income": 199000000,
      "opex": 318000000,
      "cogs": 6181000000,
      "rd": null,
      "sga": 260000000,
      "fcf": 303000000,
      "ocf": 453000000,
      "capex": -150000000,
      "gross_margin": 0.09024103468547913,
      "op_margin": 0.04350382128159906,
      "fcf_margin": 0.0445326278659612,
      "incr_op_margin_yoy": -0.003861003861003861,
      "rev_growth_yoy": 0.039572192513368985,
      "rev_growth_yoy_accel": -0.0017645195550504006,
      "op_leverage_ratio": 0.1594796878126876,
      "fcf_margin_change": 0.004076354101702644
    },
    {
      "date": "2025-12-31T00:00:00",
      "quarter_label": "2025-12 (Q4)",
      "revenue": 7058000000,
      "gross_profit": 679000000,
      "operating_income": 389000000,
      "net_income": 239000000,
      "opex": 290000000,
      "cogs": 6373000000,
      "rd": null,
      "sga": 270000000,
      "fcf": 272000000,
      "ocf": 420000000,
      "capex": -148000000,
      "gross_margin": 0.09620289033720601,
      "op_margin": 0.05511476338906206,
      "fcf_margin": 0.03853782941343157,
      "incr_op_margin_yoy": 0.10956175298804781,
      "rev_growth_yoy": 0.07657107992678462,
      "rev_growth_yoy_accel": 0.036998887413415636,
      "op_leverage_ratio": null,
      "fcf_margin_change": -0.0059947984525296275
    }
  ],
  "signals": [
    {
      "quarter": "2025-06 (Q2)",
      "signal": "OPERATING LEVERAGE",
      "detail": "Rev growth +2.8% vs OpEx growth +1.2% (leverage: 2.4x)",
      "severity": "MEDIUM"
    },
    {
      "quarter": "2025-06 (Q2)",
      "signal": "INCREMENTAL MARGIN (YoY)",
      "detail": "YoY Incr OPM: +29.9% vs year-ago OPM: +3.7%",
      "severity": "HIGH"
    },
    {
      "quarter": "2025-03 (Q1)",
      "signal": "YoY REVENUE GROWTH ACCELERATION",
      "detail": "YoY growth: +3.7% vs prior quarter YoY: -7.7% (accel: +11.4%)",
      "severity": "MEDIUM"
    },
    {
      "quarter": "2025-03 (Q1)",
      "signal": "INCREMENTAL MARGIN (YoY)",
      "detail": "YoY Incr OPM: +63.8% vs year-ago OPM: +2.6%",
      "severity": "HIGH"
    },
    {
      "quarter": "2024-03 (Q1)",
      "signal": "FCF MARGIN EXPANSION",
      "detail": "FCF margin: +2.2% -> +9.7% (+7.5%)",
      "severity": "MEDIUM"
    },
    {
      "quarter": "2023-09 (Q3)",
      "signal": "FCF TURNED POSITIVE",
      "detail": "FCF margin: -2.2% -> +2.7%",
      "severity": "HIGH"
    },
    {
      "quarter": "2023-03 (Q1)",
      "signal": "YoY REVENUE GROWTH DECELERATION",
      "detail": "YoY growth: +1.9% vs prior quarter YoY: +17.2% (decel: -15.2%)",
      "severity": "WARNING"
    },
    {
      "quarter": "2022-12 (Q4)",
      "signal": "FCF TURNED POSITIVE",
      "detail": "FCF margin: -1.1% -> +2.6%",
      "severity": "HIGH"
    },
    {
      "quarter": "2022-12 (Q4)",
      "signal": "YoY REVENUE GROWTH DECELERATION",
      "detail": "YoY growth: +17.2% vs prior quarter YoY: +24.7% (decel: -7.5%)",
      "severity": "WARNING"
    },
    {
      "quarter": "2022-09 (Q3)",
      "signal": "OPERATING LEVERAGE",
      "detail": "Rev growth +5.7% vs OpEx growth +1.1% (leverage: 5.0x)",
      "severity": "MEDIUM"
    },
    {
      "quarter": "2022-09 (Q3)",
      "signal": "YoY REVENUE GROWTH ACCELERATION",
      "detail": "YoY growth: +24.7% vs prior quarter YoY: +15.8% (accel: +8.8%)",
      "severity": "MEDIUM"
    },
    {
      "quarter": "2022-07 (Q3)",
      "signal": "YoY REVENUE GROWTH ACCELERATION",
      "detail": "YoY growth: +15.8% vs prior quarter YoY: +9.3% (accel: +6.5%)",
      "severity": "MEDIUM"
    }
  ],
  "data_quality": {
    "n_quarters": 20,
    "coverage": {
      "revenue": [
        20,
        20
      ],
      "gross_profit": [
        20,
        20
      ],
      "op_income": [
        20,
        20
      ],
      "fcf": [
        20,
        20
      ]
    },
    "gaps": [],
    "warnings": []
  },
  "market_cap": null,
  "source": "SEC EDGAR",
  "last_updated": "2026-02-09T19:07:43.438299"
}