{
  "ticker": "FLG-PU",
  "name": "Flagstar Bank, National Association",
  "quarters": [
    {
      "date": "2018-03-31T00:00:00",
      "quarter_label": "2018-03 (Q1)",
      "revenue": 7327000,
      "gross_profit": null,
      "operating_income": null,
      "net_income": null,
      "opex": 139107000,
      "cogs": null,
      "rd": null,
      "sga": 30248000,
      "fcf": null,
      "ocf": null,
      "capex": -4039000,
      "gross_margin": null,
      "op_margin": null,
      "fcf_margin": null
    },
    {
      "date": "2018-06-30T00:00:00",
      "quarter_label": "2018-06 (Q2)",
      "revenue": 7492000,
      "gross_profit": null,
      "operating_income": null,
      "net_income": null,
      "opex": 138142000,
      "cogs": null,
      "rd": null,
      "sga": 32802000,
      "fcf": null,
      "ocf": null,
      "capex": -3580000,
      "gross_margin": null,
      "op_margin": null,
      "fcf_margin": null,
      "op_leverage_ratio": Infinity
    },
    {
      "date": "2018-09-30T00:00:00",
      "quarter_label": "2018-09 (Q3)",
      "revenue": 7237000,
      "gross_profit": null,
      "operating_income": null,
      "net_income": null,
      "opex": 134433000,
      "cogs": null,
      "rd": null,
      "sga": 31749000,
      "fcf": null,
      "ocf": null,
      "capex": -632000,
      "gross_margin": null,
      "op_margin": null,
      "fcf_margin": null
    },
    {
      "date": "2018-12-31T00:00:00",
      "quarter_label": "2018-12 (Q4)",
      "revenue": 7709000,
      "gross_profit": null,
      "operating_income": null,
      "net_income": null,
      "opex": 134946000,
      "cogs": null,
      "rd": null,
      "sga": 34226000,
      "fcf": null,
      "ocf": null,
      "capex": -1596000,
      "gross_margin": null,
      "op_margin": null,
      "fcf_margin": null,
      "op_leverage_ratio": 17.091176192519434
    },
    {
      "date": "2019-03-31T00:00:00",
      "quarter_label": "2019-03 (Q1)",
      "revenue": 7228000,
      "gross_profit": null,
      "operating_income": null,
      "net_income": null,
      "opex": null,
      "cogs": null,
      "rd": null,
      "sga": 34365000,
      "fcf": null,
      "ocf": null,
      "capex": null,
      "gross_margin": null,
      "op_margin": null,
      "fcf_margin": null,
      "rev_growth_yoy": -0.013511669168827624
    },
    {
      "date": "2019-06-30T00:00:00",
      "quarter_label": "2019-06 (Q2)",
      "revenue": 7487000,
      "gross_profit": null,
      "operating_income": null,
      "net_income": null,
      "opex": null,
      "cogs": null,
      "rd": null,
      "sga": 28590000,
      "fcf": null,
      "ocf": null,
      "capex": null,
      "gross_margin": null,
      "op_margin": null,
      "fcf_margin": null,
      "rev_growth_yoy": -0.0006673785371062467,
      "rev_growth_yoy_accel": 0.012844290631721378
    },
    {
      "date": "2019-09-30T00:00:00",
      "quarter_label": "2019-09 (Q3)",
      "revenue": 7580000,
      "gross_profit": null,
      "operating_income": null,
      "net_income": null,
      "opex": null,
      "cogs": null,
      "rd": null,
      "sga": 26395000,
      "fcf": null,
      "ocf": null,
      "capex": null,
      "gross_margin": null,
      "op_margin": null,
      "fcf_margin": null,
      "rev_growth_yoy": 0.04739532955644604,
      "rev_growth_yoy_accel": 0.04806270809355229
    },
    {
      "date": "2019-12-31T00:00:00",
      "quarter_label": "2019-12 (Q4)",
      "revenue": 7002000,
      "gross_profit": null,
      "operating_income": null,
      "net_income": null,
      "opex": null,
      "cogs": null,
      "rd": null,
      "sga": 30997000,
      "fcf": null,
      "ocf": null,
      "capex": null,
      "gross_margin": null,
      "op_margin": null,
      "fcf_margin": null,
      "rev_growth_yoy": -0.09171098715786742,
      "rev_growth_yoy_accel": -0.13910631671431345
    },
    {
      "date": "2020-03-31T00:00:00",
      "quarter_label": "2020-03 (Q1)",
      "revenue": 7018000,
      "gross_profit": null,
      "operating_income": null,
      "net_income": null,
      "opex": null,
      "cogs": null,
      "rd": null,
      "sga": 28196000,
      "fcf": null,
      "ocf": null,
      "capex": null,
      "gross_margin": null,
      "op_margin": null,
      "fcf_margin": null,
      "rev_growth_yoy": -0.029053680132816822,
      "rev_growth_yoy_accel": 0.0626573070250506
    },
    {
      "date": "2020-06-30T00:00:00",
      "quarter_label": "2020-06 (Q2)",
      "revenue": 3723000,
      "gross_profit": null,
      "operating_income": null,
      "net_income": null,
      "opex": 123000000,
      "cogs": null,
      "rd": null,
      "sga": 26711000,
      "fcf": 16304000,
      "ocf": 16304000,
      "capex": null,
      "gross_margin": null,
      "op_margin": null,
      "fcf_margin": 4.379264034380876,
      "rev_growth_yoy": -0.5027380793375184,
      "rev_growth_yoy_accel": -0.4736843992047015
    },
    {
      "date": "2020-09-30T00:00:00",
      "quarter_label": "2020-09 (Q3)",
      "revenue": 5240000,
      "gross_profit": null,
      "operating_income": null,
      "net_income": 115770000,
      "opex": 129000000,
      "cogs": null,
      "rd": null,
      "sga": 31366000,
      "fcf": 94000000,
      "ocf": 94000000,
      "capex": null,
      "gross_margin": null,
      "op_margin": null,
      "fcf_margin": 17.938931297709924,
      "rev_growth_yoy": -0.3087071240105541,
      "rev_growth_yoy_accel": 0.19403095532696424,
      "op_leverage_ratio": 8.35307547676605,
      "fcf_margin_change": 13.559667263329048
    },
    {
      "date": "2020-12-31T00:00:00",
      "quarter_label": "2020-12 (Q4)",
      "revenue": 6045000,
      "gross_profit": null,
      "operating_income": null,
      "net_income": 189664000,
      "opex": 133000000,
      "cogs": null,
      "rd": null,
      "sga": 38116000,
      "fcf": 93000000,
      "ocf": 93000000,
      "capex": null,
      "gross_margin": null,
      "op_margin": null,
      "fcf_margin": 15.384615384615385,
      "rev_growth_yoy": -0.13667523564695802,
      "rev_growth_yoy_accel": 0.1720318883635961,
      "op_leverage_ratio": 4.9544370229007635,
      "fcf_margin_change": -2.5543159130945394
    },
    {
      "date": "2021-03-31T00:00:00",
      "quarter_label": "2021-03 (Q1)",
      "revenue": 5539000,
      "gross_profit": null,
      "operating_income": null,
      "net_income": 145596000,
      "opex": 132000000,
      "cogs": null,
      "rd": null,
      "sga": 32894000,
      "fcf": 124000000,
      "ocf": 124000000,
      "capex": null,
      "gross_margin": null,
      "op_margin": null,
      "fcf_margin": 22.386712402960825,
      "rev_growth_yoy": -0.21074380165289255,
      "rev_growth_yoy_accel": -0.07406856600593453,
      "fcf_margin_change": 7.00209701834544
    },
    {
      "date": "2021-06-30T00:00:00",
      "quarter_label": "2021-06 (Q2)",
      "revenue": 6000000,
      "gross_profit": null,
      "operating_income": null,
      "net_income": 152000000,
      "opex": 129000000,
      "cogs": null,
      "rd": null,
      "sga": 33000000,
      "fcf": -110000000,
      "ocf": -110000000,
      "capex": null,
      "gross_margin": null,
      "op_margin": null,
      "fcf_margin": -18.333333333333332,
      "rev_growth_yoy": 0.6116035455278002,
      "rev_growth_yoy_accel": 0.8223473471806927,
      "op_leverage_ratio": Infinity,
      "fcf_margin_change": -40.72004573629415
    },
    {
      "date": "2021-09-30T00:00:00",
      "quarter_label": "2021-09 (Q3)",
      "revenue": 6000000,
      "gross_profit": null,
      "operating_income": null,
      "net_income": 149000000,
      "opex": 129000000,
      "cogs": null,
      "rd": null,
      "sga": 30000000,
      "fcf": 61000000,
      "ocf": 61000000,
      "capex": null,
      "gross_margin": null,
      "op_margin": null,
      "fcf_margin": 10.166666666666666,
      "rev_growth_yoy": 0.1450381679389313,
      "rev_growth_yoy_accel": -0.46656537758886885,
      "fcf_margin_change": 28.5
    },
    {
      "date": "2021-12-31T00:00:00",
      "quarter_label": "2021-12 (Q4)",
      "revenue": 6000000,
      "gross_profit": null,
      "operating_income": null,
      "net_income": 150000000,
      "opex": 128000000,
      "cogs": null,
      "rd": null,
      "sga": 31000000,
      "fcf": 215000000,
      "ocf": 215000000,
      "capex": null,
      "gross_margin": null,
      "op_margin": null,
      "fcf_margin": 35.833333333333336,
      "rev_growth_yoy": -0.007444168734491315,
      "rev_growth_yoy_accel": -0.1524823366734226,
      "fcf_margin_change": 25.66666666666667
    },
    {
      "date": "2022-03-31T00:00:00",
      "quarter_label": "2022-03 (Q1)",
      "revenue": 6000000,
      "gross_profit": null,
      "operating_income": null,
      "net_income": 155000000,
      "opex": 134000000,
      "cogs": null,
      "rd": null,
      "sga": 31000000,
      "fcf": 184000000,
      "ocf": 185000000,
      "capex": -1000000,
      "gross_margin": null,
      "op_margin": null,
      "fcf_margin": 30.666666666666668,
      "rev_growth_yoy": 0.08322801949810435,
      "rev_growth_yoy_accel": 0.09067218823259567,
      "fcf_margin_change": -5.166666666666668
    },
    {
      "date": "2022-06-30T00:00:00",
      "quarter_label": "2022-06 (Q2)",
      "revenue": 6000000,
      "gross_profit": null,
      "operating_income": null,
      "net_income": 171000000,
      "opex": 134000000,
      "cogs": null,
      "rd": null,
      "sga": 33000000,
      "fcf": 214000000,
      "ocf": 214000000,
      "capex": null,
      "gross_margin": null,
      "op_margin": null,
      "fcf_margin": 35.666666666666664,
      "rev_growth_yoy": 0.0,
      "rev_growth_yoy_accel": -0.08322801949810435,
      "fcf_margin_change": 4.9999999999999964
    },
    {
      "date": "2022-09-30T00:00:00",
      "quarter_label": "2022-09 (Q3)",
      "revenue": 5000000,
      "gross_profit": null,
      "operating_income": null,
      "net_income": 152000000,
      "opex": 132000000,
      "cogs": null,
      "rd": null,
      "sga": 31000000,
      "fcf": 232000000,
      "ocf": 232000000,
      "capex": null,
      "gross_margin": null,
      "op_margin": null,
      "fcf_margin": 46.4,
      "rev_growth_yoy": -0.16666666666666666,
      "rev_growth_yoy_accel": -0.16666666666666666,
      "fcf_margin_change": 10.733333333333334
    },
    {
      "date": "2022-12-31T00:00:00",
      "quarter_label": "2022-12 (Q4)",
      "revenue": 10000000,
      "gross_profit": null,
      "operating_income": null,
      "net_income": 172000000,
      "opex": 204000000,
      "cogs": null,
      "rd": null,
      "sga": 63000000,
      "fcf": 395000000,
      "ocf": 395000000,
      "capex": null,
      "gross_margin": null,
      "op_margin": null,
      "fcf_margin": 39.5,
      "rev_growth_yoy": 0.6666666666666666,
      "rev_growth_yoy_accel": 0.8333333333333333,
      "op_leverage_ratio": 1.8333333333333335,
      "fcf_margin_change": -6.899999999999999
    }
  ],
  "signals": [
    {
      "quarter": "2022-12 (Q4)",
      "signal": "OPERATING LEVERAGE",
      "detail": "Rev growth +100.0% vs OpEx growth +54.5% (leverage: 1.8x)",
      "severity": "MEDIUM"
    },
    {
      "quarter": "2022-12 (Q4)",
      "signal": "YoY REVENUE GROWTH ACCELERATION",
      "detail": "YoY growth: +66.7% vs prior quarter YoY: -16.7% (accel: +83.3%)",
      "severity": "HIGH"
    },
    {
      "quarter": "2022-09 (Q3)",
      "signal": "FCF MARGIN EXPANSION",
      "detail": "FCF margin: +3566.7% -> +4640.0% (+1073.3%)",
      "severity": "MEDIUM"
    },
    {
      "quarter": "2022-09 (Q3)",
      "signal": "YoY REVENUE GROWTH DECELERATION",
      "detail": "YoY growth: -16.7% vs prior quarter YoY: +0.0% (decel: -16.7%)",
      "severity": "WARNING"
    },
    {
      "quarter": "2022-06 (Q2)",
      "signal": "FCF MARGIN EXPANSION",
      "detail": "FCF margin: +3066.7% -> +3566.7% (+500.0%)",
      "severity": "MEDIUM"
    },
    {
      "quarter": "2022-06 (Q2)",
      "signal": "YoY REVENUE GROWTH DECELERATION",
      "detail": "YoY growth: +0.0% vs prior quarter YoY: +8.3% (decel: -8.3%)",
      "severity": "WARNING"
    },
    {
      "quarter": "2022-03 (Q1)",
      "signal": "YoY REVENUE GROWTH ACCELERATION",
      "detail": "YoY growth: +8.3% vs prior quarter YoY: -0.7% (accel: +9.1%)",
      "severity": "MEDIUM"
    },
    {
      "quarter": "2021-12 (Q4)",
      "signal": "FCF MARGIN EXPANSION",
      "detail": "FCF margin: +1016.7% -> +3583.3% (+2566.7%)",
      "severity": "MEDIUM"
    },
    {
      "quarter": "2021-12 (Q4)",
      "signal": "YoY REVENUE GROWTH DECELERATION",
      "detail": "YoY growth: -0.7% vs prior quarter YoY: +14.5% (decel: -15.2%)",
      "severity": "WARNING"
    },
    {
      "quarter": "2021-09 (Q3)",
      "signal": "FCF TURNED POSITIVE",
      "detail": "FCF margin: -1833.3% -> +1016.7%",
      "severity": "HIGH"
    },
    {
      "quarter": "2021-09 (Q3)",
      "signal": "YoY REVENUE GROWTH DECELERATION",
      "detail": "YoY growth: +14.5% vs prior quarter YoY: +61.2% (decel: -46.7%)",
      "severity": "WARNING"
    },
    {
      "quarter": "2021-06 (Q2)",
      "signal": "YoY REVENUE GROWTH ACCELERATION",
      "detail": "YoY growth: +61.2% vs prior quarter YoY: -21.1% (accel: +82.2%)",
      "severity": "HIGH"
    },
    {
      "quarter": "2021-03 (Q1)",
      "signal": "FCF MARGIN EXPANSION",
      "detail": "FCF margin: +1538.5% -> +2238.7% (+700.2%)",
      "severity": "MEDIUM"
    },
    {
      "quarter": "2021-03 (Q1)",
      "signal": "YoY REVENUE GROWTH DECELERATION",
      "detail": "YoY growth: -21.1% vs prior quarter YoY: -13.7% (decel: -7.4%)",
      "severity": "WARNING"
    },
    {
      "quarter": "2020-12 (Q4)",
      "signal": "OPERATING LEVERAGE",
      "detail": "Rev growth +15.4% vs OpEx growth +3.1% (leverage: 5.0x)",
      "severity": "MEDIUM"
    },
    {
      "quarter": "2020-12 (Q4)",
      "signal": "YoY REVENUE GROWTH ACCELERATION",
      "detail": "YoY growth: -13.7% vs prior quarter YoY: -30.9% (accel: +17.2%)",
      "severity": "HIGH"
    },
    {
      "quarter": "2020-09 (Q3)",
      "signal": "FCF MARGIN EXPANSION",
      "detail": "FCF margin: +437.9% -> +1793.9% (+1356.0%)",
      "severity": "MEDIUM"
    },
    {
      "quarter": "2020-09 (Q3)",
      "signal": "OPERATING LEVERAGE",
      "detail": "Rev growth +40.7% vs OpEx growth +4.9% (leverage: 8.4x)",
      "severity": "MEDIUM"
    },
    {
      "quarter": "2020-09 (Q3)",
      "signal": "YoY REVENUE GROWTH ACCELERATION",
      "detail": "YoY growth: -30.9% vs prior quarter YoY: -50.3% (accel: +19.4%)",
      "severity": "HIGH"
    },
    {
      "quarter": "2020-06 (Q2)",
      "signal": "YoY REVENUE GROWTH DECELERATION",
      "detail": "YoY growth: -50.3% vs prior quarter YoY: -2.9% (decel: -47.4%)",
      "severity": "WARNING"
    },
    {
      "quarter": "2020-03 (Q1)",
      "signal": "YoY REVENUE GROWTH ACCELERATION",
      "detail": "YoY growth: -2.9% vs prior quarter YoY: -9.2% (accel: +6.3%)",
      "severity": "MEDIUM"
    },
    {
      "quarter": "2019-12 (Q4)",
      "signal": "YoY REVENUE GROWTH DECELERATION",
      "detail": "YoY growth: -9.2% vs prior quarter YoY: +4.7% (decel: -13.9%)",
      "severity": "WARNING"
    },
    {
      "quarter": "2018-12 (Q4)",
      "signal": "OPERATING LEVERAGE",
      "detail": "Rev growth +6.5% vs OpEx growth +0.4% (leverage: 17.1x)",
      "severity": "MEDIUM"
    }
  ],
  "data_quality": {
    "n_quarters": 20,
    "coverage": {
      "revenue": [
        20,
        20
      ],
      "gross_profit": [
        0,
        20
      ],
      "op_income": [
        0,
        20
      ],
      "fcf": [
        11,
        20
      ]
    },
    "gaps": [],
    "warnings": [
      "gross_profit: no data",
      "op_income: no data",
      "fcf: 11/20Q"
    ]
  },
  "market_cap": null,
  "source": "SEC EDGAR",
  "last_updated": "2026-02-03T01:07:55.415166",
  "sector": "Financial Services",
  "industry": "Banks - Regional"
}