{
  "ticker": "FLNC",
  "name": "Fluence Energy, Inc.",
  "quarters": [
    {
      "date": "2020-12-31T00:00:00",
      "quarter_label": "2020-12 (Q4)",
      "revenue": 116233000,
      "gross_profit": 4799000,
      "operating_income": null,
      "net_income": null,
      "opex": null,
      "cogs": 111434000,
      "rd": 4144000,
      "sga": null,
      "fcf": -59363000,
      "ocf": -58308000,
      "capex": -1055000,
      "gross_margin": 0.041287758209802725,
      "op_margin": null,
      "fcf_margin": -0.5107241489077973
    },
    {
      "date": "2021-03-31T00:00:00",
      "quarter_label": "2021-03 (Q1)",
      "revenue": 98133000,
      "gross_profit": 1015000,
      "operating_income": null,
      "net_income": null,
      "opex": null,
      "cogs": 97118000,
      "rd": 8367000,
      "sga": null,
      "fcf": -26004000,
      "ocf": -24832000,
      "capex": -1172000,
      "gross_margin": 0.010343105785006064,
      "op_margin": null,
      "fcf_margin": -0.26498731313625384,
      "fcf_margin_change": 0.24573683577154343
    },
    {
      "date": "2021-06-30T00:00:00",
      "quarter_label": "2021-06 (Q2)",
      "revenue": 278195000,
      "gross_profit": -14955000,
      "operating_income": null,
      "net_income": null,
      "opex": null,
      "cogs": 293150000,
      "rd": 4740000,
      "sga": null,
      "fcf": -56909000,
      "ocf": -56137000,
      "capex": -772000,
      "gross_margin": -0.05375725660058592,
      "op_margin": null,
      "fcf_margin": -0.20456514315498123,
      "fcf_margin_change": 0.060422169981272617
    },
    {
      "date": "2021-09-30T00:00:00",
      "quarter_label": "2021-09 (Q3)",
      "revenue": 188205000,
      "gross_profit": -60003000,
      "operating_income": null,
      "net_income": null,
      "opex": null,
      "cogs": 248208000,
      "rd": 6176000,
      "sga": null,
      "fcf": -127285000,
      "ocf": -125992000,
      "capex": -1293000,
      "gross_margin": -0.3188172471507133,
      "op_margin": null,
      "fcf_margin": -0.6763104062059988,
      "fcf_margin_change": -0.4717452630510176
    },
    {
      "date": "2021-12-31T00:00:00",
      "quarter_label": "2021-12 (Q4)",
      "revenue": 174887000,
      "gross_profit": -53149000,
      "operating_income": null,
      "net_income": -28805000,
      "opex": null,
      "cogs": 228036000,
      "rd": 10758000,
      "sga": null,
      "fcf": -192421000,
      "ocf": -191551000,
      "capex": -870000,
      "gross_margin": -0.30390480710401574,
      "op_margin": null,
      "fcf_margin": -1.1002590243986117,
      "rev_growth_yoy": 0.5046243321604019,
      "fcf_margin_change": -0.42394861819261287
    },
    {
      "date": "2022-03-31T00:00:00",
      "quarter_label": "2022-03 (Q1)",
      "revenue": 342724000,
      "gross_profit": -14748000,
      "operating_income": null,
      "net_income": -19185000,
      "opex": null,
      "cogs": 357472000,
      "rd": 13340000,
      "sga": null,
      "fcf": 50154000,
      "ocf": 50555000,
      "capex": -401000,
      "gross_margin": -0.04303171064763483,
      "op_margin": null,
      "fcf_margin": 0.14633932843921055,
      "rev_growth_yoy": 2.492443928138343,
      "rev_growth_yoy_accel": 1.9878195959779408,
      "fcf_margin_change": 1.2465983528378222
    },
    {
      "date": "2022-06-30T00:00:00",
      "quarter_label": "2022-06 (Q2)",
      "revenue": 239010000,
      "gross_profit": -5197000,
      "operating_income": null,
      "net_income": -19347000,
      "opex": null,
      "cogs": 244207000,
      "rd": 18129000,
      "sga": null,
      "fcf": 78649000,
      "ocf": 80053000,
      "capex": -1404000,
      "gross_margin": -0.021743860089536004,
      "op_margin": null,
      "fcf_margin": 0.32906154554202754,
      "rev_growth_yoy": -0.14085443663617248,
      "rev_growth_yoy_accel": -2.6332983647745154,
      "fcf_margin_change": 0.182722217102817
    },
    {
      "date": "2022-09-30T00:00:00",
      "quarter_label": "2022-09 (Q3)",
      "revenue": 441982000,
      "gross_profit": 10739000,
      "operating_income": null,
      "net_income": -37149000,
      "opex": null,
      "cogs": 431243000,
      "rd": 17915000,
      "sga": null,
      "fcf": -226701000,
      "ocf": -221442000,
      "capex": -5259000,
      "gross_margin": 0.024297369576136586,
      "op_margin": null,
      "fcf_margin": -0.5129190781525039,
      "rev_growth_yoy": 1.3484073218033528,
      "rev_growth_yoy_accel": 1.4892617584395254,
      "fcf_margin_change": -0.8419806236945315
    },
    {
      "date": "2022-12-31T00:00:00",
      "quarter_label": "2022-12 (Q4)",
      "revenue": 310460000,
      "gross_profit": 12040000,
      "operating_income": null,
      "net_income": -24642000,
      "opex": null,
      "cogs": 298420000,
      "rd": 19162000,
      "sga": null,
      "fcf": -91394000,
      "ocf": -88898000,
      "capex": -2496000,
      "gross_margin": 0.038781163434903045,
      "op_margin": null,
      "fcf_margin": -0.2943825291502931,
      "rev_growth_yoy": 0.7752034170635896,
      "rev_growth_yoy_accel": -0.5732039047397631,
      "fcf_margin_change": 0.2185365490022108
    },
    {
      "date": "2023-03-31T00:00:00",
      "quarter_label": "2023-03 (Q1)",
      "revenue": 698186000,
      "gross_profit": 30813000,
      "operating_income": null,
      "net_income": -24855000,
      "opex": null,
      "cogs": 667373000,
      "rd": 22551000,
      "sga": null,
      "fcf": -73104000,
      "ocf": -74513000,
      "capex": 1409000,
      "gross_margin": 0.044132938787085386,
      "op_margin": null,
      "fcf_margin": -0.10470562285694643,
      "rev_growth_yoy": 1.0371669331590434,
      "rev_growth_yoy_accel": 0.26196351609545376,
      "fcf_margin_change": 0.1896769062933467
    },
    {
      "date": "2023-06-30T00:00:00",
      "quarter_label": "2023-06 (Q2)",
      "revenue": 536351000,
      "gross_profit": 21820000,
      "operating_income": null,
      "net_income": -23390000,
      "opex": null,
      "cogs": 514531000,
      "rd": 9918000,
      "sga": null,
      "fcf": 2134000,
      "ocf": 2924000,
      "capex": -790000,
      "gross_margin": 0.04068231437994895,
      "op_margin": null,
      "fcf_margin": 0.003978737804161827,
      "rev_growth_yoy": 1.2440525501025061,
      "rev_growth_yoy_accel": 0.20688561694346275,
      "fcf_margin_change": 0.10868436066110826
    },
    {
      "date": "2023-09-30T00:00:00",
      "quarter_label": "2023-09 (Q3)",
      "revenue": 672981000,
      "gross_profit": 76282000,
      "operating_income": null,
      "net_income": 3268000,
      "opex": null,
      "cogs": 596699000,
      "rd": 14676000,
      "sga": null,
      "fcf": 47448000,
      "ocf": 48560000,
      "capex": -1112000,
      "gross_margin": 0.11334941105320953,
      "op_margin": null,
      "fcf_margin": 0.07050421928702297,
      "rev_growth_yoy": 0.5226434560683467,
      "rev_growth_yoy_accel": -0.7214090940341594,
      "fcf_margin_change": 0.06652548148286114
    },
    {
      "date": "2023-12-31T00:00:00",
      "quarter_label": "2023-12 (Q4)",
      "revenue": 363956000,
      "gross_profit": 36386000,
      "operating_income": null,
      "net_income": -16743000,
      "opex": null,
      "cogs": 327570000,
      "rd": 15440000,
      "sga": null,
      "fcf": 17895000,
      "ocf": 19363000,
      "capex": -1468000,
      "gross_margin": 0.0999736231852202,
      "op_margin": null,
      "fcf_margin": 0.04916803130048687,
      "rev_growth_yoy": 0.1723120530825227,
      "rev_growth_yoy_accel": -0.350331402985824,
      "fcf_margin_change": -0.021336187986536095
    },
    {
      "date": "2024-03-31T00:00:00",
      "quarter_label": "2024-03 (Q1)",
      "revenue": 623141000,
      "gross_profit": 64180000,
      "operating_income": null,
      "net_income": -9169000,
      "opex": null,
      "cogs": 558961000,
      "rd": 17427000,
      "sga": null,
      "fcf": 69880000,
      "ocf": 70885000,
      "capex": -1005000,
      "gross_margin": 0.10299434638388423,
      "op_margin": null,
      "fcf_margin": 0.11214155383773496,
      "rev_growth_yoy": -0.10748568433053657,
      "rev_growth_yoy_accel": -0.27979773741305924,
      "fcf_margin_change": 0.06297352253724808
    },
    {
      "date": "2024-06-30T00:00:00",
      "quarter_label": "2024-06 (Q2)",
      "revenue": 483317000,
      "gross_profit": 83045000,
      "operating_income": null,
      "net_income": 785000,
      "opex": null,
      "cogs": 400272000,
      "rd": 14976000,
      "sga": null,
      "fcf": -23457000,
      "ocf": -21092000,
      "capex": -2365000,
      "gross_margin": 0.1718230478133399,
      "op_margin": null,
      "fcf_margin": -0.04853336423092918,
      "rev_growth_yoy": -0.0988792786813113,
      "rev_growth_yoy_accel": 0.008606405649225268,
      "fcf_margin_change": -0.16067491806866413
    },
    {
      "date": "2024-09-30T00:00:00",
      "quarter_label": "2024-09 (Q3)",
      "revenue": 1228148000,
      "gross_profit": 157469000,
      "operating_income": null,
      "net_income": 47843000,
      "opex": null,
      "cogs": 1070679000,
      "rd": 18352000,
      "sga": null,
      "fcf": 7252000,
      "ocf": 10529000,
      "capex": -3277000,
      "gross_margin": 0.12821663187172883,
      "op_margin": null,
      "fcf_margin": 0.005904825802753414,
      "rev_growth_yoy": 0.8249371081798743,
      "rev_growth_yoy_accel": 0.9238163868611856,
      "fcf_margin_change": 0.054438190033682596
    },
    {
      "date": "2024-12-31T00:00:00",
      "quarter_label": "2024-12 (Q4)",
      "revenue": 186788000,
      "gross_profit": 21201000,
      "operating_income": null,
      "net_income": -41466000,
      "opex": null,
      "cogs": 165587000,
      "rd": 17195000,
      "sga": null,
      "fcf": -213341000,
      "ocf": -211232000,
      "capex": -2109000,
      "gross_margin": 0.11350300875859264,
      "op_margin": null,
      "fcf_margin": -1.1421558130072595,
      "rev_growth_yoy": -0.48678411676136674,
      "rev_growth_yoy_accel": -1.311721224941241,
      "fcf_margin_change": -1.148060638810013
    },
    {
      "date": "2025-03-31T00:00:00",
      "quarter_label": "2025-03 (Q1)",
      "revenue": 431618000,
      "gross_profit": 42582000,
      "operating_income": null,
      "net_income": -31046000,
      "opex": null,
      "cogs": 389036000,
      "rd": 22119000,
      "sga": null,
      "fcf": -50537000,
      "ocf": -46184000,
      "capex": -4353000,
      "gross_margin": 0.09865668252945892,
      "op_margin": null,
      "fcf_margin": -0.11708733185362984,
      "rev_growth_yoy": -0.3073509847690972,
      "rev_growth_yoy_accel": 0.1794331319922695,
      "fcf_margin_change": 1.0250684811536297
    },
    {
      "date": "2025-06-30T00:00:00",
      "quarter_label": "2025-06 (Q2)",
      "revenue": 602533000,
      "gross_profit": 89099000,
      "operating_income": null,
      "net_income": 6252000,
      "opex": null,
      "cogs": 513434000,
      "rd": 26011000,
      "sga": null,
      "fcf": -157427000,
      "ocf": -153865000,
      "capex": -3562000,
      "gross_margin": 0.14787405835033102,
      "op_margin": null,
      "fcf_margin": -0.2612753160407812,
      "rev_growth_yoy": 0.24666212858227624,
      "rev_growth_yoy_accel": 0.5540131133513735,
      "fcf_margin_change": -0.14418798418715134
    },
    {
      "date": "2025-09-30T00:00:00",
      "quarter_label": "2025-09 (Q3)",
      "revenue": 1041891000,
      "gross_profit": 142903000,
      "operating_income": null,
      "net_income": 17946000,
      "opex": null,
      "cogs": 898988000,
      "rd": 20892000,
      "sga": null,
      "fcf": 260883000,
      "ocf": 265743000,
      "capex": -4860000,
      "gross_margin": 0.13715734179487105,
      "op_margin": null,
      "fcf_margin": 0.2503937552008799,
      "rev_growth_yoy": -0.151656803577419,
      "rev_growth_yoy_accel": -0.39831893215969527,
      "fcf_margin_change": 0.5116690712416612
    }
  ],
  "signals": [
    {
      "quarter": "2025-09 (Q3)",
      "signal": "FCF TURNED POSITIVE",
      "detail": "FCF margin: -26.1% -> +25.0%",
      "severity": "HIGH"
    },
    {
      "quarter": "2025-09 (Q3)",
      "signal": "YoY REVENUE GROWTH DECELERATION",
      "detail": "YoY growth: -15.2% vs prior quarter YoY: +24.7% (decel: -39.8%)",
      "severity": "WARNING"
    },
    {
      "quarter": "2025-06 (Q2)",
      "signal": "GROSS MARGIN INFLECTION",
      "detail": "GM: +11.4% -> +9.9% -> +14.8% (reversal +4.9%)",
      "severity": "MEDIUM"
    },
    {
      "quarter": "2025-06 (Q2)",
      "signal": "YoY REVENUE GROWTH ACCELERATION",
      "detail": "YoY growth: +24.7% vs prior quarter YoY: -30.7% (accel: +55.4%)",
      "severity": "HIGH"
    },
    {
      "quarter": "2025-03 (Q1)",
      "signal": "FCF MARGIN EXPANSION",
      "detail": "FCF margin: -114.2% -> -11.7% (+102.5%)",
      "severity": "MEDIUM"
    },
    {
      "quarter": "2025-03 (Q1)",
      "signal": "YoY REVENUE GROWTH ACCELERATION",
      "detail": "YoY growth: -30.7% vs prior quarter YoY: -48.7% (accel: +17.9%)",
      "severity": "HIGH"
    },
    {
      "quarter": "2024-12 (Q4)",
      "signal": "YoY REVENUE GROWTH DECELERATION",
      "detail": "YoY growth: -48.7% vs prior quarter YoY: +82.5% (decel: -131.2%)",
      "severity": "WARNING"
    },
    {
      "quarter": "2024-09 (Q3)",
      "signal": "FCF TURNED POSITIVE",
      "detail": "FCF margin: -4.9% -> +0.6%",
      "severity": "HIGH"
    },
    {
      "quarter": "2024-09 (Q3)",
      "signal": "YoY REVENUE GROWTH ACCELERATION",
      "detail": "YoY growth: +82.5% vs prior quarter YoY: -9.9% (accel: +92.4%)",
      "severity": "HIGH"
    },
    {
      "quarter": "2024-03 (Q1)",
      "signal": "FCF MARGIN EXPANSION",
      "detail": "FCF margin: +4.9% -> +11.2% (+6.3%)",
      "severity": "MEDIUM"
    },
    {
      "quarter": "2024-03 (Q1)",
      "signal": "YoY REVENUE GROWTH DECELERATION",
      "detail": "YoY growth: -10.7% vs prior quarter YoY: +17.2% (decel: -28.0%)",
      "severity": "WARNING"
    },
    {
      "quarter": "2023-12 (Q4)",
      "signal": "YoY REVENUE GROWTH DECELERATION",
      "detail": "YoY growth: +17.2% vs prior quarter YoY: +52.3% (decel: -35.0%)",
      "severity": "WARNING"
    },
    {
      "quarter": "2023-09 (Q3)",
      "signal": "FCF MARGIN EXPANSION",
      "detail": "FCF margin: +0.4% -> +7.1% (+6.7%)",
      "severity": "MEDIUM"
    },
    {
      "quarter": "2023-09 (Q3)",
      "signal": "GROSS MARGIN INFLECTION",
      "detail": "GM: +4.4% -> +4.1% -> +11.3% (reversal +7.3%)",
      "severity": "HIGH"
    },
    {
      "quarter": "2023-09 (Q3)",
      "signal": "YoY REVENUE GROWTH DECELERATION",
      "detail": "YoY growth: +52.3% vs prior quarter YoY: +124.4% (decel: -72.1%)",
      "severity": "WARNING"
    },
    {
      "quarter": "2023-06 (Q2)",
      "signal": "FCF TURNED POSITIVE",
      "detail": "FCF margin: -10.5% -> +0.4%",
      "severity": "HIGH"
    },
    {
      "quarter": "2023-06 (Q2)",
      "signal": "YoY REVENUE GROWTH ACCELERATION",
      "detail": "YoY growth: +124.4% vs prior quarter YoY: +103.7% (accel: +20.7%)",
      "severity": "HIGH"
    },
    {
      "quarter": "2023-03 (Q1)",
      "signal": "FCF MARGIN EXPANSION",
      "detail": "FCF margin: -29.4% -> -10.5% (+19.0%)",
      "severity": "MEDIUM"
    },
    {
      "quarter": "2023-03 (Q1)",
      "signal": "YoY REVENUE GROWTH ACCELERATION",
      "detail": "YoY growth: +103.7% vs prior quarter YoY: +77.5% (accel: +26.2%)",
      "severity": "HIGH"
    },
    {
      "quarter": "2022-12 (Q4)",
      "signal": "FCF MARGIN EXPANSION",
      "detail": "FCF margin: -51.3% -> -29.4% (+21.9%)",
      "severity": "MEDIUM"
    },
    {
      "quarter": "2022-12 (Q4)",
      "signal": "YoY REVENUE GROWTH DECELERATION",
      "detail": "YoY growth: +77.5% vs prior quarter YoY: +134.8% (decel: -57.3%)",
      "severity": "WARNING"
    },
    {
      "quarter": "2022-09 (Q3)",
      "signal": "YoY REVENUE GROWTH ACCELERATION",
      "detail": "YoY growth: +134.8% vs prior quarter YoY: -14.1% (accel: +148.9%)",
      "severity": "HIGH"
    },
    {
      "quarter": "2022-06 (Q2)",
      "signal": "FCF MARGIN EXPANSION",
      "detail": "FCF margin: +14.6% -> +32.9% (+18.3%)",
      "severity": "MEDIUM"
    },
    {
      "quarter": "2022-06 (Q2)",
      "signal": "YoY REVENUE GROWTH DECELERATION",
      "detail": "YoY growth: -14.1% vs prior quarter YoY: +249.2% (decel: -263.3%)",
      "severity": "WARNING"
    },
    {
      "quarter": "2022-03 (Q1)",
      "signal": "FCF TURNED POSITIVE",
      "detail": "FCF margin: -110.0% -> +14.6%",
      "severity": "HIGH"
    },
    {
      "quarter": "2022-03 (Q1)",
      "signal": "YoY REVENUE GROWTH ACCELERATION",
      "detail": "YoY growth: +249.2% vs prior quarter YoY: +50.5% (accel: +198.8%)",
      "severity": "HIGH"
    },
    {
      "quarter": "2021-06 (Q2)",
      "signal": "FCF MARGIN EXPANSION",
      "detail": "FCF margin: -26.5% -> -20.5% (+6.0%)",
      "severity": "MEDIUM"
    },
    {
      "quarter": "2021-03 (Q1)",
      "signal": "FCF MARGIN EXPANSION",
      "detail": "FCF margin: -51.1% -> -26.5% (+24.6%)",
      "severity": "MEDIUM"
    }
  ],
  "data_quality": {
    "n_quarters": 20,
    "coverage": {
      "revenue": [
        20,
        20
      ],
      "gross_profit": [
        20,
        20
      ],
      "op_income": [
        0,
        20
      ],
      "fcf": [
        20,
        20
      ]
    },
    "gaps": [],
    "warnings": [
      "op_income: no data"
    ]
  },
  "market_cap": null,
  "source": "SEC EDGAR",
  "last_updated": "2026-02-02T21:02:01.705855",
  "sector": "Utilities",
  "industry": "Utilities - Renewable"
}