{
  "ticker": "FLO",
  "name": "FLOWERS FOODS, INC",
  "quarters": [
    {
      "date": "2019-07-13T00:00:00",
      "quarter_label": "2019-07 (Q3)",
      "revenue": 975759000,
      "gross_profit": 467207000,
      "operating_income": 72334000,
      "net_income": 53095000,
      "opex": 394873000,
      "cogs": 508552000,
      "rd": null,
      "sga": 359497000,
      "fcf": null,
      "ocf": null,
      "capex": null,
      "gross_margin": 0.478813928439297,
      "op_margin": 0.0741310098087745,
      "fcf_margin": null
    },
    {
      "date": "2019-10-05T00:00:00",
      "quarter_label": "2019-10 (Q4)",
      "revenue": 966561000,
      "gross_profit": 457505000,
      "operating_income": 58652000,
      "net_income": 43358000,
      "opex": 398853000,
      "cogs": 509056000,
      "rd": null,
      "sga": 362380000,
      "fcf": 46845000,
      "ocf": 70043000,
      "capex": -23198000,
      "gross_margin": 0.473332774651574,
      "op_margin": 0.06068111583231684,
      "fcf_margin": 0.04846564262369369
    },
    {
      "date": "2019-12-28T00:00:00",
      "quarter_label": "2019-12 (Q4)",
      "revenue": 917759000,
      "gross_profit": 431799000,
      "operating_income": 3861000,
      "net_income": 2219000,
      "opex": 427938000,
      "cogs": 485960000,
      "rd": null,
      "sga": 377196000,
      "fcf": 55777000,
      "ocf": 88852000,
      "capex": -33075000,
      "gross_margin": 0.4704927982182686,
      "op_margin": 0.004206986801545939,
      "fcf_margin": 0.06077521440813983,
      "fcf_margin_change": 0.012309571784446138
    },
    {
      "date": "2020-07-11T00:00:00",
      "quarter_label": "2020-07 (Q3)",
      "revenue": 1025861000,
      "gross_profit": 519828000,
      "operating_income": 79209000,
      "net_income": 57919000,
      "opex": 440619000,
      "cogs": 506033000,
      "rd": null,
      "sga": 396904000,
      "fcf": null,
      "ocf": null,
      "capex": null,
      "gross_margin": 0.5067236204515037,
      "op_margin": 0.07721221491020713,
      "fcf_margin": null,
      "incr_op_margin_yoy": 0.13722007105504772,
      "rev_growth_yoy": 0.05134669523929577,
      "op_leverage_ratio": 3.9749569265649836
    },
    {
      "date": "2020-10-03T00:00:00",
      "quarter_label": "2020-10 (Q4)",
      "revenue": 989650000,
      "gross_profit": 491991000,
      "operating_income": 52990000,
      "net_income": 44347000,
      "opex": 439001000,
      "cogs": 497659000,
      "rd": null,
      "sga": 386739000,
      "fcf": 66966000,
      "ocf": 88642000,
      "capex": -21676000,
      "gross_margin": 0.4971363613398676,
      "op_margin": 0.053544182286667005,
      "fcf_margin": 0.0676663466882231,
      "incr_op_margin_yoy": -0.24522499891723332,
      "rev_growth_yoy": 0.02388778359565511,
      "rev_growth_yoy_accel": -0.027458911643640657
    },
    {
      "date": "2021-01-02T00:00:00",
      "quarter_label": "2021-01 (Q1)",
      "revenue": 1023036000,
      "gross_profit": 501459000,
      "operating_income": 77416000,
      "net_income": 55824000,
      "opex": 424043000,
      "cogs": 521577000,
      "rd": null,
      "sga": 387709000,
      "fcf": 60369000,
      "ocf": 90028000,
      "capex": -29659000,
      "gross_margin": 0.4901675014368996,
      "op_margin": 0.07567280134814415,
      "fcf_margin": 0.05900965361922748,
      "incr_op_margin_yoy": 0.69868062349801,
      "rev_growth_yoy": 0.11471094263308777,
      "rev_growth_yoy_accel": 0.09082315903743265,
      "op_leverage_ratio": Infinity,
      "fcf_margin_change": -0.008656693068995629
    },
    {
      "date": "2021-07-17T00:00:00",
      "quarter_label": "2021-07 (Q3)",
      "revenue": 1017309000,
      "gross_profit": 513247000,
      "operating_income": 73921000,
      "net_income": 56358000,
      "opex": 439326000,
      "cogs": 504062000,
      "rd": null,
      "sga": 407707000,
      "fcf": null,
      "ocf": null,
      "capex": null,
      "gross_margin": 0.5045143609267194,
      "op_margin": 0.07266327143473615,
      "fcf_margin": null,
      "incr_op_margin_yoy": 0.618334892422825,
      "rev_growth_yoy": -0.008336412048026,
      "rev_growth_yoy_accel": -0.12304735468111377
    },
    {
      "date": "2021-10-09T00:00:00",
      "quarter_label": "2021-10 (Q4)",
      "revenue": 1027800000,
      "gross_profit": 512722000,
      "operating_income": 52117000,
      "net_income": 38852000,
      "opex": 460605000,
      "cogs": 515078000,
      "rd": null,
      "sga": 426575000,
      "fcf": 63340000,
      "ocf": 91793000,
      "capex": -28453000,
      "gross_margin": 0.4988538626191866,
      "op_margin": 0.05070733605759876,
      "fcf_margin": 0.06162677563728352,
      "incr_op_margin_yoy": -0.02288335517693316,
      "rev_growth_yoy": 0.038548981963320364,
      "rev_growth_yoy_accel": 0.046885394011346365,
      "op_leverage_ratio": 0.21291178062222835
    },
    {
      "date": "2022-01-01T00:00:00",
      "quarter_label": "2022-01 (Q1)",
      "revenue": 983490000,
      "gross_profit": 470959000,
      "operating_income": 53771000,
      "net_income": 39322000,
      "opex": 417188000,
      "cogs": 512531000,
      "rd": null,
      "sga": 383542000,
      "fcf": -19854000,
      "ocf": 29387000,
      "capex": -49241000,
      "gross_margin": 0.4788650621765346,
      "op_margin": 0.05467366216229957,
      "fcf_margin": -0.020187292194125003,
      "incr_op_margin_yoy": 0.5979112931775654,
      "rev_growth_yoy": -0.03865553118365336,
      "rev_growth_yoy_accel": -0.07720451314697373,
      "fcf_margin_change": -0.08181406783140852
    },
    {
      "date": "2022-07-16T00:00:00",
      "quarter_label": "2022-07 (Q3)",
      "revenue": 1129051000,
      "gross_profit": 542967000,
      "operating_income": 71695000,
      "net_income": 53680000,
      "opex": 471272000,
      "cogs": 586084000,
      "rd": null,
      "sga": 438350000,
      "fcf": null,
      "ocf": null,
      "capex": null,
      "gross_margin": 0.48090564553771264,
      "op_margin": 0.06350023161044098,
      "fcf_margin": null,
      "incr_op_margin_yoy": -0.019920889191172523,
      "rev_growth_yoy": 0.10984076617822117,
      "rev_growth_yoy_accel": 0.14849629736187453,
      "op_leverage_ratio": 1.1416634194488586
    },
    {
      "date": "2022-10-08T00:00:00",
      "quarter_label": "2022-10 (Q4)",
      "revenue": 1158169000,
      "gross_profit": 542548000,
      "operating_income": 55451000,
      "net_income": 40528000,
      "opex": 487097000,
      "cogs": 615621000,
      "rd": null,
      "sga": 447363000,
      "fcf": 77191000,
      "ocf": 107701000,
      "capex": -30510000,
      "gross_margin": 0.46845322228448527,
      "op_margin": 0.04787815940506092,
      "fcf_margin": 0.06664916778121328,
      "incr_op_margin_yoy": 0.02557356426757895,
      "rev_growth_yoy": 0.12684277096711422,
      "rev_growth_yoy_accel": 0.01700200478889305,
      "op_leverage_ratio": 0.7680259616261799
    },
    {
      "date": "2022-12-31T00:00:00",
      "quarter_label": "2022-12 (Q4)",
      "revenue": 1082670000,
      "gross_profit": 506972000,
      "operating_income": 64094000,
      "net_income": 48597000,
      "opex": 442878000,
      "cogs": 575698000,
      "rd": null,
      "sga": 409929000,
      "fcf": 28656000,
      "ocf": 69355000,
      "capex": -40699000,
      "gross_margin": 0.4682608735810542,
      "op_margin": 0.059199940886881505,
      "fcf_margin": 0.026467898805730278,
      "incr_op_margin_yoy": 0.10408348457350272,
      "rev_growth_yoy": 0.10084495012659,
      "rev_growth_yoy_accel": -0.02599782084052421,
      "fcf_margin_change": -0.040181268975483006
    },
    {
      "date": "2023-07-15T00:00:00",
      "quarter_label": "2023-07 (Q3)",
      "revenue": 1228050000,
      "gross_profit": 601953000,
      "operating_income": 88554000,
      "net_income": 63760000,
      "opex": 513399000,
      "cogs": 626097000,
      "rd": null,
      "sga": 475916000,
      "fcf": null,
      "ocf": null,
      "capex": null,
      "gross_margin": 0.4901697813606938,
      "op_margin": 0.07210944179797239,
      "fcf_margin": null,
      "incr_op_margin_yoy": 0.17029464944090345,
      "rev_growth_yoy": 0.08768337302743631,
      "rev_growth_yoy_accel": -0.013161577099153693,
      "op_leverage_ratio": 0.8432846725809169
    },
    {
      "date": "2023-10-07T00:00:00",
      "quarter_label": "2023-10 (Q4)",
      "revenue": 1199260000,
      "gross_profit": 581792000,
      "operating_income": -59349000,
      "net_income": -46730000,
      "opex": 641141000,
      "cogs": 617468000,
      "rd": null,
      "sga": 603954000,
      "fcf": 99793000,
      "ocf": 128411000,
      "capex": -28618000,
      "gross_margin": 0.4851258275936828,
      "op_margin": -0.04948801761086003,
      "fcf_margin": 0.08321214749095275,
      "incr_op_margin_yoy": -2.7937991287629895,
      "rev_growth_yoy": 0.03547927806736323,
      "rev_growth_yoy_accel": -0.05220409496007308
    },
    {
      "date": "2023-12-30T00:00:00",
      "quarter_label": "2023-12 (Q4)",
      "revenue": 1129027000,
      "gross_profit": 541308000,
      "operating_income": 49897000,
      "net_income": 35676000,
      "opex": 491411000,
      "cogs": 587719000,
      "rd": null,
      "sga": 447905000,
      "fcf": 59960000,
      "ocf": 92035000,
      "capex": -32075000,
      "gross_margin": 0.47944646142209174,
      "op_margin": 0.04419469153527772,
      "fcf_margin": 0.05310767590146206,
      "incr_op_margin_yoy": -0.30625364022693446,
      "rev_growth_yoy": 0.04281729428172943,
      "rev_growth_yoy_accel": 0.007338016214366201,
      "fcf_margin_change": -0.030104471589490693
    },
    {
      "date": "2024-07-13T00:00:00",
      "quarter_label": "2024-07 (Q3)",
      "revenue": 1224983000,
      "gross_profit": 611621000,
      "operating_income": 95212000,
      "net_income": 66967000,
      "opex": 516409000,
      "cogs": 613362000,
      "rd": null,
      "sga": 471400000,
      "fcf": null,
      "ocf": null,
      "capex": null,
      "gross_margin": 0.4992893778934075,
      "op_margin": 0.07772516026753025,
      "fcf_margin": null,
      "incr_op_margin_yoy": -2.1708509944571244,
      "rev_growth_yoy": -0.0024974553153373235,
      "rev_growth_yoy_accel": -0.04531474959706675,
      "op_leverage_ratio": 1.6707344120033252
    },
    {
      "date": "2024-10-05T00:00:00",
      "quarter_label": "2024-10 (Q4)",
      "revenue": 1190561000,
      "gross_profit": 592352000,
      "operating_income": 90179000,
      "net_income": 64984000,
      "opex": 502173000,
      "cogs": 598209000,
      "rd": null,
      "sga": 460359000,
      "fcf": 88576000,
      "ocf": 113949000,
      "capex": -25373000,
      "gross_margin": 0.49754023523364194,
      "op_margin": 0.07574496392876971,
      "fcf_margin": 0.07439853984802122,
      "incr_op_margin_yoy": -17.189102195654673,
      "rev_growth_yoy": -0.007253639744509114,
      "rev_growth_yoy_accel": -0.00475618442917179
    },
    {
      "date": "2024-12-28T00:00:00",
      "quarter_label": "2024-12 (Q4)",
      "revenue": 1111125000,
      "gross_profit": 542662000,
      "operating_income": 61353000,
      "net_income": 43122000,
      "opex": 481309000,
      "cogs": 568463000,
      "rd": null,
      "sga": 444042000,
      "fcf": 84830000,
      "ocf": 130294000,
      "capex": -45464000,
      "gross_margin": 0.48838969512881086,
      "op_margin": 0.05521700978737766,
      "fcf_margin": 0.07634604567442907,
      "incr_op_margin_yoy": -0.6399284996089822,
      "rev_growth_yoy": -0.015856130987124312,
      "rev_growth_yoy_accel": -0.008602491242615199,
      "fcf_margin_change": 0.001947505826407847
    },
    {
      "date": "2025-07-12T00:00:00",
      "quarter_label": "2025-07 (Q3)",
      "revenue": 1242835000,
      "gross_profit": 606775000,
      "operating_income": 93412000,
      "net_income": 58365000,
      "opex": 513363000,
      "cogs": 636060000,
      "rd": null,
      "sga": 473537000,
      "fcf": null,
      "ocf": null,
      "capex": null,
      "gross_margin": 0.4882184682600667,
      "op_margin": 0.07516041952471567,
      "fcf_margin": null,
      "incr_op_margin_yoy": -0.10082903876316379,
      "rev_growth_yoy": 0.014573263465697074,
      "rev_growth_yoy_accel": 0.030429394452821387,
      "op_leverage_ratio": 1.7799081046459153
    },
    {
      "date": "2025-10-04T00:00:00",
      "quarter_label": "2025-10 (Q4)",
      "revenue": 1226554000,
      "gross_profit": 587851000,
      "operating_income": 66516000,
      "net_income": 39534000,
      "opex": 521335000,
      "cogs": 638703000,
      "rd": null,
      "sga": 475952000,
      "fcf": 30421000,
      "ocf": 54360000,
      "capex": -23939000,
      "gross_margin": 0.47927037863803795,
      "op_margin": 0.05422998090585494,
      "fcf_margin": 0.024802006271228173,
      "incr_op_margin_yoy": -0.6574333898257995,
      "rev_growth_yoy": 0.030231966274722587,
      "rev_growth_yoy_accel": 0.015658702809025513
    }
  ],
  "signals": [
    {
      "quarter": "2025-07 (Q3)",
      "signal": "OPERATING LEVERAGE",
      "detail": "Rev growth +11.9% vs OpEx growth +6.7% (leverage: 1.8x)",
      "severity": "MEDIUM"
    },
    {
      "quarter": "2024-10 (Q4)",
      "signal": "OP MARGIN TURNED POSITIVE (YoY)",
      "detail": "Op margin: -4.9% (year-ago) -> +7.6%",
      "severity": "HIGH"
    },
    {
      "quarter": "2024-07 (Q3)",
      "signal": "OPERATING LEVERAGE",
      "detail": "Rev growth +8.5% vs OpEx growth +5.1% (leverage: 1.7x)",
      "severity": "MEDIUM"
    },
    {
      "quarter": "2023-12 (Q4)",
      "signal": "OP MARGIN TURNED POSITIVE (QoQ)",
      "detail": "Op margin: -4.9% -> +4.4%",
      "severity": "HIGH"
    },
    {
      "quarter": "2023-10 (Q4)",
      "signal": "YoY REVENUE GROWTH DECELERATION",
      "detail": "YoY growth: +3.5% vs prior quarter YoY: +8.8% (decel: -5.2%)",
      "severity": "WARNING"
    },
    {
      "quarter": "2023-07 (Q3)",
      "signal": "GROSS MARGIN INFLECTION",
      "detail": "GM: +46.8% -> +46.8% -> +49.0% (reversal +2.2%)",
      "severity": "MEDIUM"
    },
    {
      "quarter": "2023-07 (Q3)",
      "signal": "INCREMENTAL MARGIN (YoY)",
      "detail": "YoY Incr OPM: +17.0% vs year-ago OPM: +6.4%",
      "severity": "MEDIUM"
    },
    {
      "quarter": "2022-07 (Q3)",
      "signal": "YoY REVENUE GROWTH ACCELERATION",
      "detail": "YoY growth: +11.0% vs prior quarter YoY: -3.9% (accel: +14.8%)",
      "severity": "MEDIUM"
    },
    {
      "quarter": "2022-01 (Q1)",
      "signal": "YoY REVENUE GROWTH DECELERATION",
      "detail": "YoY growth: -3.9% vs prior quarter YoY: +3.9% (decel: -7.7%)",
      "severity": "WARNING"
    },
    {
      "quarter": "2022-01 (Q1)",
      "signal": "INCREMENTAL MARGIN (YoY)",
      "detail": "YoY Incr OPM: +59.8% vs year-ago OPM: +7.6%",
      "severity": "HIGH"
    },
    {
      "quarter": "2021-07 (Q3)",
      "signal": "YoY REVENUE GROWTH DECELERATION",
      "detail": "YoY growth: -0.8% vs prior quarter YoY: +11.5% (decel: -12.3%)",
      "severity": "WARNING"
    },
    {
      "quarter": "2021-07 (Q3)",
      "signal": "INCREMENTAL MARGIN (YoY)",
      "detail": "YoY Incr OPM: +61.8% vs year-ago OPM: +7.7%",
      "severity": "HIGH"
    },
    {
      "quarter": "2021-01 (Q1)",
      "signal": "YoY REVENUE GROWTH ACCELERATION",
      "detail": "YoY growth: +11.5% vs prior quarter YoY: +2.4% (accel: +9.1%)",
      "severity": "MEDIUM"
    },
    {
      "quarter": "2021-01 (Q1)",
      "signal": "INCREMENTAL MARGIN (YoY)",
      "detail": "YoY Incr OPM: +69.9% vs year-ago OPM: +0.4%",
      "severity": "HIGH"
    },
    {
      "quarter": "2020-07 (Q3)",
      "signal": "OPERATING LEVERAGE",
      "detail": "Rev growth +11.8% vs OpEx growth +3.0% (leverage: 4.0x)",
      "severity": "MEDIUM"
    },
    {
      "quarter": "2020-07 (Q3)",
      "signal": "GROSS MARGIN INFLECTION",
      "detail": "GM: +47.3% -> +47.0% -> +50.7% (reversal +3.6%)",
      "severity": "MEDIUM"
    }
  ],
  "data_quality": {
    "n_quarters": 20,
    "coverage": {
      "revenue": [
        20,
        20
      ],
      "gross_profit": [
        20,
        20
      ],
      "op_income": [
        20,
        20
      ],
      "fcf": [
        13,
        20
      ]
    },
    "gaps": [
      [
        "2019-12 (Q4)",
        "2020-07 (Q3)",
        196
      ],
      [
        "2021-01 (Q1)",
        "2021-07 (Q3)",
        196
      ],
      [
        "2022-01 (Q1)",
        "2022-07 (Q3)",
        196
      ],
      [
        "2022-12 (Q4)",
        "2023-07 (Q3)",
        196
      ],
      [
        "2023-12 (Q4)",
        "2024-07 (Q3)",
        196
      ],
      [
        "2024-12 (Q4)",
        "2025-07 (Q3)",
        196
      ]
    ],
    "warnings": [
      "fcf: 13/20Q",
      "gap: 1Q missing between 2019-12 (Q4) and 2020-07 (Q3)",
      "gap: 1Q missing between 2021-01 (Q1) and 2021-07 (Q3)",
      "gap: 1Q missing between 2022-01 (Q1) and 2022-07 (Q3)",
      "gap: 1Q missing between 2022-12 (Q4) and 2023-07 (Q3)",
      "gap: 1Q missing between 2023-12 (Q4) and 2024-07 (Q3)",
      "gap: 1Q missing between 2024-12 (Q4) and 2025-07 (Q3)"
    ]
  },
  "market_cap": null,
  "source": "SEC EDGAR",
  "last_updated": "2026-02-02T21:30:53.451593"
}