{
  "ticker": "FLYW",
  "name": "Flywire Corp",
  "quarters": [
    {
      "date": "2020-12-31T00:00:00",
      "quarter_label": "2020-12 (Q4)",
      "revenue": 33231000,
      "gross_profit": null,
      "operating_income": -2981000,
      "net_income": -4031000,
      "opex": 36212000,
      "cogs": null,
      "rd": 6696000,
      "sga": null,
      "fcf": 13014000,
      "ocf": 13343000,
      "capex": -329000,
      "gross_margin": null,
      "op_margin": -0.08970539556438266,
      "fcf_margin": 0.3916222804008305
    },
    {
      "date": "2021-03-31T00:00:00",
      "quarter_label": "2021-03 (Q1)",
      "revenue": 44991000,
      "gross_profit": null,
      "operating_income": -6467000,
      "net_income": -8652000,
      "opex": 51458000,
      "cogs": null,
      "rd": 7522000,
      "sga": null,
      "fcf": -16265000,
      "ocf": -14792000,
      "capex": -1473000,
      "gross_margin": null,
      "op_margin": -0.1437398590829277,
      "fcf_margin": -0.3615167477940032,
      "op_leverage_ratio": 0.8405441067714247,
      "fcf_margin_change": -0.7531390281948338
    },
    {
      "date": "2021-06-30T00:00:00",
      "quarter_label": "2021-06 (Q2)",
      "revenue": 36976000,
      "gross_profit": null,
      "operating_income": -7559000,
      "net_income": -18146000,
      "opex": 44535000,
      "cogs": null,
      "rd": 6929000,
      "sga": null,
      "fcf": 26355000,
      "ocf": 28345000,
      "capex": -1990000,
      "gross_margin": null,
      "op_margin": -0.20442990047598442,
      "fcf_margin": 0.7127596278667243,
      "fcf_margin_change": 1.0742763756607276
    },
    {
      "date": "2021-09-30T00:00:00",
      "quarter_label": "2021-09 (Q3)",
      "revenue": 67788000,
      "gross_profit": null,
      "operating_income": 11096000,
      "net_income": 9994000,
      "opex": 56692000,
      "cogs": null,
      "rd": 7752000,
      "sga": null,
      "fcf": 9486000,
      "ocf": 11252000,
      "capex": -1766000,
      "gross_margin": null,
      "op_margin": 0.1636867882221042,
      "fcf_margin": 0.13993627190653213,
      "op_leverage_ratio": 3.0526358553480324,
      "fcf_margin_change": -0.5728233559601922
    },
    {
      "date": "2021-12-31T00:00:00",
      "quarter_label": "2021-12 (Q4)",
      "revenue": 51394000,
      "gross_profit": null,
      "operating_income": -10327000,
      "net_income": -11281000,
      "opex": 61721000,
      "cogs": null,
      "rd": 9092000,
      "sga": null,
      "fcf": -3494000,
      "ocf": -7674000,
      "capex": 4180000,
      "gross_margin": null,
      "op_margin": -0.20093785266762657,
      "fcf_margin": -0.06798458964081411,
      "incr_op_margin_yoy": -0.40444860430545615,
      "rev_growth_yoy": 0.5465679636484005,
      "fcf_margin_change": -0.20792086154734624
    },
    {
      "date": "2022-03-31T00:00:00",
      "quarter_label": "2022-03 (Q1)",
      "revenue": 64553000,
      "gross_profit": null,
      "operating_income": -7104000,
      "net_income": -10149000,
      "opex": 71657000,
      "cogs": null,
      "rd": 10976000,
      "sga": null,
      "fcf": -17107000,
      "ocf": -17005000,
      "capex": -102000,
      "gross_margin": null,
      "op_margin": -0.11004910693538643,
      "fcf_margin": -0.26500704847179835,
      "incr_op_margin_yoy": -0.03256313260402822,
      "rev_growth_yoy": 0.43479807072525617,
      "rev_growth_yoy_accel": -0.11176989292314438,
      "op_leverage_ratio": 1.59049327730005,
      "fcf_margin_change": -0.19702245883098424
    },
    {
      "date": "2022-06-30T00:00:00",
      "quarter_label": "2022-06 (Q2)",
      "revenue": 56537000,
      "gross_profit": null,
      "operating_income": -17397000,
      "net_income": -23797000,
      "opex": 73934000,
      "cogs": null,
      "rd": 13204000,
      "sga": null,
      "fcf": -11229000,
      "ocf": -10586000,
      "capex": -643000,
      "gross_margin": null,
      "op_margin": -0.3077099952243663,
      "fcf_margin": -0.1986132974866017,
      "incr_op_margin_yoy": -0.5029395225192986,
      "rev_growth_yoy": 0.5290188230203375,
      "rev_growth_yoy_accel": 0.09422075229508137,
      "fcf_margin_change": 0.06639375098519665
    },
    {
      "date": "2022-09-30T00:00:00",
      "quarter_label": "2022-09 (Q3)",
      "revenue": 95232000,
      "gross_profit": null,
      "operating_income": 3652000,
      "net_income": -4272000,
      "opex": 91580000,
      "cogs": null,
      "rd": 13385000,
      "sga": null,
      "fcf": -451000,
      "ocf": -137000,
      "capex": -314000,
      "gross_margin": null,
      "op_margin": 0.038348454301075266,
      "fcf_margin": -0.00473580309139785,
      "incr_op_margin_yoy": -0.27124325900014573,
      "rev_growth_yoy": 0.40485041600283234,
      "rev_growth_yoy_accel": -0.1241684070175052,
      "op_leverage_ratio": 2.8676095582685512,
      "fcf_margin_change": 0.19387749439520385
    },
    {
      "date": "2022-12-31T00:00:00",
      "quarter_label": "2022-12 (Q4)",
      "revenue": 73053000,
      "gross_profit": null,
      "operating_income": -9371000,
      "net_income": -1129000,
      "opex": 82424000,
      "cogs": null,
      "rd": 12692000,
      "sga": null,
      "fcf": 32861000,
      "ocf": 33155000,
      "capex": -294000,
      "gross_margin": null,
      "op_margin": -0.12827673059285724,
      "fcf_margin": 0.4498241003107333,
      "incr_op_margin_yoy": 0.04413869523062006,
      "rev_growth_yoy": 0.4214305171809939,
      "rev_growth_yoy_accel": 0.016580101178161555,
      "fcf_margin_change": 0.45455990340213115
    },
    {
      "date": "2023-03-31T00:00:00",
      "quarter_label": "2023-03 (Q1)",
      "revenue": 94357000,
      "gross_profit": null,
      "operating_income": -6568000,
      "net_income": -3683000,
      "opex": 100925000,
      "cogs": null,
      "rd": 14523000,
      "sga": null,
      "fcf": -21327000,
      "ocf": -20846000,
      "capex": -481000,
      "gross_margin": null,
      "op_margin": -0.06960797821041365,
      "fcf_margin": -0.22602456627489217,
      "incr_op_margin_yoy": 0.017984163199570528,
      "rev_growth_yoy": 0.46169813951326816,
      "rev_growth_yoy_accel": 0.04026762233227427,
      "op_leverage_ratio": 1.2992166622642143,
      "fcf_margin_change": -0.6758486665856255
    },
    {
      "date": "2023-06-30T00:00:00",
      "quarter_label": "2023-06 (Q2)",
      "revenue": 84869000,
      "gross_profit": null,
      "operating_income": -16808000,
      "net_income": -16813000,
      "opex": 101677000,
      "cogs": null,
      "rd": 16016000,
      "sga": null,
      "fcf": -4996000,
      "ocf": -4806000,
      "capex": -190000,
      "gross_margin": null,
      "op_margin": -0.19804640092377665,
      "fcf_margin": -0.05886719532455903,
      "incr_op_margin_yoy": 0.02078921361005224,
      "rev_growth_yoy": 0.5011231582857244,
      "rev_growth_yoy_accel": 0.039425018772456244,
      "fcf_margin_change": 0.16715737095033315
    },
    {
      "date": "2023-09-30T00:00:00",
      "quarter_label": "2023-09 (Q3)",
      "revenue": 123323000,
      "gross_profit": null,
      "operating_income": 11886000,
      "net_income": 10643000,
      "opex": 111437000,
      "cogs": null,
      "rd": 14591000,
      "sga": null,
      "fcf": 46257000,
      "ocf": 46529000,
      "capex": -272000,
      "gross_margin": null,
      "op_margin": 0.09638104814187134,
      "fcf_margin": 0.37508818306398645,
      "incr_op_margin_yoy": 0.2931187924958172,
      "rev_growth_yoy": 0.29497437836021506,
      "rev_growth_yoy_accel": -0.20614877992550934,
      "op_leverage_ratio": 4.720253719377347,
      "fcf_margin_change": 0.4339553783885455
    },
    {
      "date": "2023-12-31T00:00:00",
      "quarter_label": "2023-12 (Q4)",
      "revenue": 100545000,
      "gross_profit": null,
      "operating_income": -10028000,
      "net_income": 1287000,
      "opex": 110573000,
      "cogs": null,
      "rd": 16898000,
      "sga": null,
      "fcf": 59682000,
      "ocf": 59748000,
      "capex": -66000,
      "gross_margin": null,
      "op_margin": -0.09973643642150282,
      "fcf_margin": 0.5935849619573326,
      "incr_op_margin_yoy": -0.023897861195984287,
      "rev_growth_yoy": 0.376329514188329,
      "rev_growth_yoy_accel": 0.08135513582811393,
      "fcf_margin_change": 0.21849677889334612
    },
    {
      "date": "2024-03-31T00:00:00",
      "quarter_label": "2024-03 (Q1)",
      "revenue": 114103000,
      "gross_profit": null,
      "operating_income": -5963000,
      "net_income": -6217000,
      "opex": null,
      "cogs": null,
      "rd": 16737000,
      "sga": null,
      "fcf": -38348000,
      "ocf": -38093000,
      "capex": -255000,
      "gross_margin": null,
      "op_margin": -0.05225980035581886,
      "fcf_margin": -0.33608231159566354,
      "incr_op_margin_yoy": 0.030639116783145955,
      "rev_growth_yoy": 0.2092690526405036,
      "rev_growth_yoy_accel": -0.1670604615478254,
      "fcf_margin_change": -0.929667273552996
    },
    {
      "date": "2024-06-30T00:00:00",
      "quarter_label": "2024-06 (Q2)",
      "revenue": 103676000,
      "gross_profit": null,
      "operating_income": -15787000,
      "net_income": -13880000,
      "opex": null,
      "cogs": null,
      "rd": 15834000,
      "sga": null,
      "fcf": -19670000,
      "ocf": -19321000,
      "capex": -349000,
      "gross_margin": null,
      "op_margin": -0.1522724642154404,
      "fcf_margin": -0.18972568386126007,
      "incr_op_margin_yoy": 0.05428829691072473,
      "rev_growth_yoy": 0.22160034877281456,
      "rev_growth_yoy_accel": 0.01233129613231096,
      "fcf_margin_change": 0.14635662773440347
    },
    {
      "date": "2024-09-30T00:00:00",
      "quarter_label": "2024-09 (Q3)",
      "revenue": 156815000,
      "gross_profit": null,
      "operating_income": 20270000,
      "net_income": 38896000,
      "opex": null,
      "cogs": null,
      "rd": 16695000,
      "sga": null,
      "fcf": 184416000,
      "ocf": 184635000,
      "capex": -219000,
      "gross_margin": null,
      "op_margin": 0.12926059369320536,
      "fcf_margin": 1.176009948027931,
      "incr_op_margin_yoy": 0.25032843664158605,
      "rev_growth_yoy": 0.2715795107157627,
      "rev_growth_yoy_accel": 0.04997916194294813,
      "fcf_margin_change": 1.365735631889191
    },
    {
      "date": "2024-12-31T00:00:00",
      "quarter_label": "2024-12 (Q4)",
      "revenue": 117550000,
      "gross_profit": null,
      "operating_income": -5775000,
      "net_income": -15899000,
      "opex": null,
      "cogs": null,
      "rd": 17370000,
      "sga": null,
      "fcf": -35854000,
      "ocf": -35753000,
      "capex": -101000,
      "gross_margin": null,
      "op_margin": -0.04912803062526584,
      "fcf_margin": -0.30501063377286264,
      "incr_op_margin_yoy": 0.2501029109085563,
      "rev_growth_yoy": 0.1691282510318763,
      "rev_growth_yoy_accel": -0.10245125968388641,
      "fcf_margin_change": -1.4810205818007935
    },
    {
      "date": "2025-03-31T00:00:00",
      "quarter_label": "2025-03 (Q1)",
      "revenue": 133452000,
      "gross_profit": null,
      "operating_income": -10988000,
      "net_income": -4160000,
      "opex": null,
      "cogs": null,
      "rd": 16911000,
      "sga": null,
      "fcf": -79077000,
      "ocf": -78890000,
      "capex": -187000,
      "gross_margin": null,
      "op_margin": -0.08233672031891616,
      "fcf_margin": -0.5925501303839583,
      "incr_op_margin_yoy": -0.259703343842059,
      "rev_growth_yoy": 0.16957485780391401,
      "rev_growth_yoy_accel": 0.0004466067720377276,
      "fcf_margin_change": -0.2875394966110957
    },
    {
      "date": "2025-06-30T00:00:00",
      "quarter_label": "2025-06 (Q2)",
      "revenue": 131891000,
      "gross_profit": null,
      "operating_income": -9005000,
      "net_income": -12007000,
      "opex": null,
      "cogs": null,
      "rd": 17106000,
      "sga": null,
      "fcf": 23532000,
      "ocf": 24079000,
      "capex": -547000,
      "gross_margin": null,
      "op_margin": -0.0682760764570744,
      "fcf_margin": 0.1784200589881038,
      "incr_op_margin_yoy": 0.2403685982633351,
      "rev_growth_yoy": 0.27214591612330724,
      "rev_growth_yoy_accel": 0.10257105831939323,
      "fcf_margin_change": 0.7709701893720622
    },
    {
      "date": "2025-09-30T00:00:00",
      "quarter_label": "2025-09 (Q3)",
      "revenue": 200138000,
      "gross_profit": null,
      "operating_income": 32253000,
      "net_income": 29631000,
      "opex": null,
      "cogs": null,
      "rd": 17650000,
      "sga": null,
      "fcf": 149874000,
      "ocf": 150100000,
      "capex": -226000,
      "gross_margin": null,
      "op_margin": 0.16115380387532602,
      "fcf_margin": 0.748853291229052,
      "incr_op_margin_yoy": 0.27659672691180204,
      "rev_growth_yoy": 0.27626821413767816,
      "rev_growth_yoy_accel": 0.004122298014370918,
      "fcf_margin_change": 0.5704332322409482
    }
  ],
  "signals": [
    {
      "quarter": "2025-09 (Q3)",
      "signal": "FCF MARGIN EXPANSION",
      "detail": "FCF margin: +17.8% -> +74.9% (+57.0%)",
      "severity": "MEDIUM"
    },
    {
      "quarter": "2025-09 (Q3)",
      "signal": "INCREMENTAL MARGIN (YoY)",
      "detail": "YoY Incr OPM: +27.7% vs year-ago OPM: +12.9%",
      "severity": "MEDIUM"
    },
    {
      "quarter": "2025-09 (Q3)",
      "signal": "OP MARGIN TURNED POSITIVE (QoQ)",
      "detail": "Op margin: -6.8% -> +16.1%",
      "severity": "HIGH"
    },
    {
      "quarter": "2025-06 (Q2)",
      "signal": "FCF TURNED POSITIVE",
      "detail": "FCF margin: -59.3% -> +17.8%",
      "severity": "HIGH"
    },
    {
      "quarter": "2025-06 (Q2)",
      "signal": "YoY REVENUE GROWTH ACCELERATION",
      "detail": "YoY growth: +27.2% vs prior quarter YoY: +17.0% (accel: +10.3%)",
      "severity": "MEDIUM"
    },
    {
      "quarter": "2024-12 (Q4)",
      "signal": "YoY REVENUE GROWTH DECELERATION",
      "detail": "YoY growth: +16.9% vs prior quarter YoY: +27.2% (decel: -10.2%)",
      "severity": "WARNING"
    },
    {
      "quarter": "2024-09 (Q3)",
      "signal": "FCF TURNED POSITIVE",
      "detail": "FCF margin: -19.0% -> +117.6%",
      "severity": "HIGH"
    },
    {
      "quarter": "2024-09 (Q3)",
      "signal": "INCREMENTAL MARGIN (YoY)",
      "detail": "YoY Incr OPM: +25.0% vs year-ago OPM: +9.6%",
      "severity": "MEDIUM"
    },
    {
      "quarter": "2024-09 (Q3)",
      "signal": "OP MARGIN TURNED POSITIVE (QoQ)",
      "detail": "Op margin: -15.2% -> +12.9%",
      "severity": "HIGH"
    },
    {
      "quarter": "2024-06 (Q2)",
      "signal": "FCF MARGIN EXPANSION",
      "detail": "FCF margin: -33.6% -> -19.0% (+14.6%)",
      "severity": "MEDIUM"
    },
    {
      "quarter": "2024-03 (Q1)",
      "signal": "YoY REVENUE GROWTH DECELERATION",
      "detail": "YoY growth: +20.9% vs prior quarter YoY: +37.6% (decel: -16.7%)",
      "severity": "WARNING"
    },
    {
      "quarter": "2023-12 (Q4)",
      "signal": "FCF MARGIN EXPANSION",
      "detail": "FCF margin: +37.5% -> +59.4% (+21.8%)",
      "severity": "MEDIUM"
    },
    {
      "quarter": "2023-12 (Q4)",
      "signal": "YoY REVENUE GROWTH ACCELERATION",
      "detail": "YoY growth: +37.6% vs prior quarter YoY: +29.5% (accel: +8.1%)",
      "severity": "MEDIUM"
    },
    {
      "quarter": "2023-09 (Q3)",
      "signal": "FCF TURNED POSITIVE",
      "detail": "FCF margin: -5.9% -> +37.5%",
      "severity": "HIGH"
    },
    {
      "quarter": "2023-09 (Q3)",
      "signal": "OPERATING LEVERAGE",
      "detail": "Rev growth +45.3% vs OpEx growth +9.6% (leverage: 4.7x)",
      "severity": "MEDIUM"
    },
    {
      "quarter": "2023-09 (Q3)",
      "signal": "YoY REVENUE GROWTH DECELERATION",
      "detail": "YoY growth: +29.5% vs prior quarter YoY: +50.1% (decel: -20.6%)",
      "severity": "WARNING"
    },
    {
      "quarter": "2023-09 (Q3)",
      "signal": "INCREMENTAL MARGIN (YoY)",
      "detail": "YoY Incr OPM: +29.3% vs year-ago OPM: +3.8%",
      "severity": "HIGH"
    },
    {
      "quarter": "2023-09 (Q3)",
      "signal": "OP MARGIN TURNED POSITIVE (QoQ)",
      "detail": "Op margin: -19.8% -> +9.6%",
      "severity": "HIGH"
    },
    {
      "quarter": "2023-06 (Q2)",
      "signal": "FCF MARGIN EXPANSION",
      "detail": "FCF margin: -22.6% -> -5.9% (+16.7%)",
      "severity": "MEDIUM"
    },
    {
      "quarter": "2022-12 (Q4)",
      "signal": "FCF TURNED POSITIVE",
      "detail": "FCF margin: -0.5% -> +45.0%",
      "severity": "HIGH"
    },
    {
      "quarter": "2022-09 (Q3)",
      "signal": "FCF MARGIN EXPANSION",
      "detail": "FCF margin: -19.9% -> -0.5% (+19.4%)",
      "severity": "MEDIUM"
    },
    {
      "quarter": "2022-09 (Q3)",
      "signal": "OPERATING LEVERAGE",
      "detail": "Rev growth +68.4% vs OpEx growth +23.9% (leverage: 2.9x)",
      "severity": "MEDIUM"
    },
    {
      "quarter": "2022-09 (Q3)",
      "signal": "YoY REVENUE GROWTH DECELERATION",
      "detail": "YoY growth: +40.5% vs prior quarter YoY: +52.9% (decel: -12.4%)",
      "severity": "WARNING"
    },
    {
      "quarter": "2022-09 (Q3)",
      "signal": "OP MARGIN TURNED POSITIVE (QoQ)",
      "detail": "Op margin: -30.8% -> +3.8%",
      "severity": "HIGH"
    },
    {
      "quarter": "2022-06 (Q2)",
      "signal": "FCF MARGIN EXPANSION",
      "detail": "FCF margin: -26.5% -> -19.9% (+6.6%)",
      "severity": "MEDIUM"
    },
    {
      "quarter": "2022-06 (Q2)",
      "signal": "YoY REVENUE GROWTH ACCELERATION",
      "detail": "YoY growth: +52.9% vs prior quarter YoY: +43.5% (accel: +9.4%)",
      "severity": "MEDIUM"
    },
    {
      "quarter": "2022-03 (Q1)",
      "signal": "OPERATING LEVERAGE",
      "detail": "Rev growth +25.6% vs OpEx growth +16.1% (leverage: 1.6x)",
      "severity": "MEDIUM"
    },
    {
      "quarter": "2022-03 (Q1)",
      "signal": "YoY REVENUE GROWTH DECELERATION",
      "detail": "YoY growth: +43.5% vs prior quarter YoY: +54.7% (decel: -11.2%)",
      "severity": "WARNING"
    },
    {
      "quarter": "2021-09 (Q3)",
      "signal": "OPERATING LEVERAGE",
      "detail": "Rev growth +83.3% vs OpEx growth +27.3% (leverage: 3.1x)",
      "severity": "MEDIUM"
    },
    {
      "quarter": "2021-09 (Q3)",
      "signal": "OP MARGIN TURNED POSITIVE (QoQ)",
      "detail": "Op margin: -20.4% -> +16.4%",
      "severity": "HIGH"
    },
    {
      "quarter": "2021-06 (Q2)",
      "signal": "FCF TURNED POSITIVE",
      "detail": "FCF margin: -36.2% -> +71.3%",
      "severity": "HIGH"
    }
  ],
  "data_quality": {
    "n_quarters": 20,
    "coverage": {
      "revenue": [
        20,
        20
      ],
      "gross_profit": [
        0,
        20
      ],
      "op_income": [
        20,
        20
      ],
      "fcf": [
        20,
        20
      ]
    },
    "gaps": [],
    "warnings": [
      "gross_profit: no data"
    ]
  },
  "market_cap": null,
  "source": "SEC EDGAR",
  "last_updated": "2026-02-02T21:44:59.185616"
}