{
  "ticker": "FLYYQ",
  "name": "SPIRIT AVIATION HOLDINGS, INC.",
  "quarters": [
    {
      "date": "2020-09-30T00:00:00",
      "quarter_label": "2020-09 (Q3)",
      "revenue": 401922000,
      "gross_profit": null,
      "operating_income": -99471000,
      "net_income": -99140000,
      "opex": null,
      "cogs": null,
      "rd": null,
      "sga": null,
      "fcf": -82426000,
      "ocf": -82426000,
      "capex": null,
      "gross_margin": null,
      "op_margin": -0.2474883186289877,
      "fcf_margin": -0.20507959255775995
    },
    {
      "date": "2020-12-31T00:00:00",
      "quarter_label": "2020-12 (Q4)",
      "revenue": 498490000,
      "gross_profit": null,
      "operating_income": -159915000,
      "net_income": -157304000,
      "opex": null,
      "cogs": null,
      "rd": null,
      "sga": null,
      "fcf": -95889000,
      "ocf": -95889000,
      "capex": null,
      "gross_margin": null,
      "op_margin": -0.32079881241348873,
      "fcf_margin": -0.19235892395033,
      "fcf_margin_change": 0.012720668607429958
    },
    {
      "date": "2021-03-31T00:00:00",
      "quarter_label": "2021-03 (Q1)",
      "revenue": 461279000,
      "gross_profit": null,
      "operating_income": -102530000,
      "net_income": -112321000,
      "opex": null,
      "cogs": null,
      "rd": null,
      "sga": null,
      "fcf": 186648000,
      "ocf": 186648000,
      "capex": null,
      "gross_margin": null,
      "op_margin": -0.22227328796671864,
      "fcf_margin": 0.404631470324901,
      "fcf_margin_change": 0.596990394275231
    },
    {
      "date": "2021-06-30T00:00:00",
      "quarter_label": "2021-06 (Q2)",
      "revenue": 859309000,
      "gross_profit": null,
      "operating_income": 93211000,
      "net_income": -287863000,
      "opex": null,
      "cogs": null,
      "rd": null,
      "sga": null,
      "fcf": 297468000,
      "ocf": 297468000,
      "capex": null,
      "gross_margin": null,
      "op_margin": 0.1084720397435614,
      "fcf_margin": 0.3461711677638661,
      "fcf_margin_change": -0.058460302561034905
    },
    {
      "date": "2021-09-30T00:00:00",
      "quarter_label": "2021-09 (Q3)",
      "revenue": 922631000,
      "gross_profit": null,
      "operating_income": 13995000,
      "net_income": 14774000,
      "opex": null,
      "cogs": null,
      "rd": null,
      "sga": null,
      "fcf": -207077000,
      "ocf": -207077000,
      "capex": null,
      "gross_margin": null,
      "op_margin": 0.015168577687070996,
      "fcf_margin": -0.22444184077924978,
      "incr_op_margin_yoy": 0.21790673869666166,
      "rev_growth_yoy": 1.295547394768139,
      "fcf_margin_change": -0.5706130085431158
    },
    {
      "date": "2021-12-31T00:00:00",
      "quarter_label": "2021-12 (Q4)",
      "revenue": 987556000,
      "gross_profit": null,
      "operating_income": -61550000,
      "net_income": -87159000,
      "opex": null,
      "cogs": null,
      "rd": null,
      "sga": null,
      "fcf": -68151000,
      "ocf": -68151000,
      "capex": null,
      "gross_margin": null,
      "op_margin": -0.06232557951144036,
      "fcf_margin": -0.06900975742135129,
      "incr_op_margin_yoy": 0.20112827307561762,
      "rev_growth_yoy": 0.9810949066179864,
      "rev_growth_yoy_accel": -0.3144524881501527,
      "fcf_margin_change": 0.1554320833578985
    },
    {
      "date": "2022-03-31T00:00:00",
      "quarter_label": "2022-03 (Q1)",
      "revenue": 967315000,
      "gross_profit": null,
      "operating_income": -211468000,
      "net_income": -194703000,
      "opex": null,
      "cogs": null,
      "rd": null,
      "sga": null,
      "fcf": 19545000,
      "ocf": 19545000,
      "capex": null,
      "gross_margin": null,
      "op_margin": -0.21861337826871288,
      "fcf_margin": 0.0202054139551232,
      "incr_op_margin_yoy": -0.21527717395600313,
      "rev_growth_yoy": 1.0970280459331554,
      "rev_growth_yoy_accel": 0.11593313931516902,
      "fcf_margin_change": 0.0892151713764745
    },
    {
      "date": "2022-06-30T00:00:00",
      "quarter_label": "2022-06 (Q2)",
      "revenue": 1366643000,
      "gross_profit": null,
      "operating_income": -45330000,
      "net_income": -52406000,
      "opex": null,
      "cogs": null,
      "rd": null,
      "sga": null,
      "fcf": 67222000,
      "ocf": 67222000,
      "capex": null,
      "gross_margin": null,
      "op_margin": -0.03316886707062488,
      "fcf_margin": 0.04918768105496461,
      "incr_op_margin_yoy": -0.2730765136970911,
      "rev_growth_yoy": 0.5903976334473396,
      "rev_growth_yoy_accel": -0.5066304124858158,
      "fcf_margin_change": 0.028982267099841412
    },
    {
      "date": "2022-09-30T00:00:00",
      "quarter_label": "2022-09 (Q3)",
      "revenue": 1343179000,
      "gross_profit": null,
      "operating_income": -36390000,
      "net_income": -36377000,
      "opex": null,
      "cogs": null,
      "rd": null,
      "sga": null,
      "fcf": -119025000,
      "ocf": -119025000,
      "capex": null,
      "gross_margin": null,
      "op_margin": -0.027092442630505687,
      "fcf_margin": -0.08861439912327397,
      "incr_op_margin_yoy": -0.11980796484586777,
      "rev_growth_yoy": 0.455813862746862,
      "rev_growth_yoy_accel": -0.13458377070047767,
      "fcf_margin_change": -0.13780208017823858
    },
    {
      "date": "2022-12-31T00:00:00",
      "quarter_label": "2022-12 (Q4)",
      "revenue": 1391310000,
      "gross_profit": null,
      "operating_income": -305729000,
      "net_income": -270664000,
      "opex": null,
      "cogs": null,
      "rd": null,
      "sga": null,
      "fcf": -56764000,
      "ocf": -56764000,
      "capex": null,
      "gross_margin": null,
      "op_margin": -0.2197418260488317,
      "fcf_margin": -0.04079895925422803,
      "incr_op_margin_yoy": -0.6047717174319016,
      "rev_growth_yoy": 0.408841625183787,
      "rev_growth_yoy_accel": -0.04697223756307495,
      "fcf_margin_change": 0.04781543986904594
    },
    {
      "date": "2023-03-31T00:00:00",
      "quarter_label": "2023-03 (Q1)",
      "revenue": 1349774000,
      "gross_profit": null,
      "operating_income": -112395000,
      "net_income": -103911000,
      "opex": null,
      "cogs": null,
      "rd": null,
      "sga": null,
      "fcf": 140777000,
      "ocf": 140777000,
      "capex": null,
      "gross_margin": null,
      "op_margin": -0.08326949548591098,
      "fcf_margin": 0.10429671930263881,
      "incr_op_margin_yoy": 0.25904214569404826,
      "rev_growth_yoy": 0.3953820627200033,
      "rev_growth_yoy_accel": -0.013459562463783714,
      "fcf_margin_change": 0.14509567855686684
    },
    {
      "date": "2023-06-30T00:00:00",
      "quarter_label": "2023-06 (Q2)",
      "revenue": 1432472000,
      "gross_profit": null,
      "operating_income": 20211000,
      "net_income": -2349000,
      "opex": null,
      "cogs": null,
      "rd": null,
      "sga": null,
      "fcf": -10065000,
      "ocf": -10065000,
      "capex": null,
      "gross_margin": null,
      "op_margin": 0.014109176305016782,
      "fcf_margin": -0.007026315348572259,
      "incr_op_margin_yoy": 0.9956250284828875,
      "rev_growth_yoy": 0.048168395111232415,
      "rev_growth_yoy_accel": -0.3472136676087709,
      "fcf_margin_change": -0.11132303465121107
    },
    {
      "date": "2023-09-30T00:00:00",
      "quarter_label": "2023-09 (Q3)",
      "revenue": 1258543000,
      "gross_profit": null,
      "operating_income": -188760000,
      "net_income": -157552000,
      "opex": null,
      "cogs": null,
      "rd": null,
      "sga": null,
      "fcf": -194598000,
      "ocf": -194598000,
      "capex": null,
      "gross_margin": null,
      "op_margin": -0.14998295648221793,
      "fcf_margin": -0.15462165376947787,
      "incr_op_margin_yoy": 1.8002977456401532,
      "rev_growth_yoy": -0.06301170581136245,
      "rev_growth_yoy_accel": -0.11118010092259487,
      "fcf_margin_change": -0.1475953384209056
    },
    {
      "date": "2023-12-31T00:00:00",
      "quarter_label": "2023-12 (Q4)",
      "revenue": 1321760000,
      "gross_profit": null,
      "operating_income": -214813000,
      "net_income": -183652000,
      "opex": null,
      "cogs": null,
      "rd": null,
      "sga": null,
      "fcf": -182775000,
      "ocf": -182775000,
      "capex": null,
      "gross_margin": null,
      "op_margin": -0.16252042730904248,
      "fcf_margin": -0.13828153371262558,
      "incr_op_margin_yoy": -1.3072034507548527,
      "rev_growth_yoy": -0.0499888594202586,
      "rev_growth_yoy_accel": 0.013022846391103848,
      "fcf_margin_change": 0.016340120056852286
    },
    {
      "date": "2024-03-31T00:00:00",
      "quarter_label": "2024-03 (Q1)",
      "revenue": 1265537000,
      "gross_profit": null,
      "operating_income": -207337000,
      "net_income": -142635000,
      "opex": null,
      "cogs": null,
      "rd": null,
      "sga": null,
      "fcf": -136975000,
      "ocf": -136975000,
      "capex": null,
      "gross_margin": null,
      "op_margin": -0.16383321862576913,
      "fcf_margin": -0.10823468614509098,
      "incr_op_margin_yoy": 1.1270819236202618,
      "rev_growth_yoy": -0.062408225376989035,
      "rev_growth_yoy_accel": -0.012419365956730433,
      "fcf_margin_change": 0.030046847567534604
    },
    {
      "date": "2024-06-30T00:00:00",
      "quarter_label": "2024-06 (Q2)",
      "revenue": 1280889000,
      "gross_profit": null,
      "operating_income": -152512000,
      "net_income": -192927000,
      "opex": null,
      "cogs": null,
      "rd": null,
      "sga": null,
      "fcf": -133018000,
      "ocf": -133018000,
      "capex": null,
      "gross_margin": null,
      "op_margin": -0.1190673040364934,
      "fcf_margin": -0.1038481866890886,
      "incr_op_margin_yoy": 1.1394615491183049,
      "rev_growth_yoy": -0.10581917133458804,
      "rev_growth_yoy_accel": -0.043410945957599006,
      "fcf_margin_change": 0.004386499456002377
    },
    {
      "date": "2024-09-30T00:00:00",
      "quarter_label": "2024-09 (Q3)",
      "revenue": 1197104000,
      "gross_profit": null,
      "operating_income": -296439000,
      "net_income": -308243000,
      "opex": null,
      "cogs": null,
      "rd": null,
      "sga": null,
      "fcf": -364299000,
      "ocf": -364299000,
      "capex": null,
      "gross_margin": null,
      "op_margin": -0.2476301140084738,
      "fcf_margin": -0.30431691816249884,
      "incr_op_margin_yoy": 1.752616416282817,
      "rev_growth_yoy": -0.04881756125932924,
      "rev_growth_yoy_accel": 0.0570016100752588,
      "fcf_margin_change": -0.20046873147341024
    },
    {
      "date": "2024-12-31T00:00:00",
      "quarter_label": "2024-12 (Q4)",
      "revenue": 1169891000,
      "gross_profit": null,
      "operating_income": -449090000,
      "net_income": -585690000,
      "opex": null,
      "cogs": null,
      "rd": null,
      "sga": null,
      "fcf": -123795000,
      "ocf": -123795000,
      "capex": null,
      "gross_margin": null,
      "op_margin": -0.3838733693993714,
      "fcf_margin": -0.1058175505239377,
      "incr_op_margin_yoy": 1.5426255522851933,
      "rev_growth_yoy": -0.11489907396199008,
      "rev_growth_yoy_accel": -0.06608151270266083,
      "fcf_margin_change": 0.19849936763856113
    },
    {
      "date": "2025-06-30T00:00:00",
      "quarter_label": "2025-06 (Q2)",
      "revenue": 1019833000,
      "gross_profit": null,
      "operating_income": -184123000,
      "net_income": -245831000,
      "opex": null,
      "cogs": null,
      "rd": null,
      "sga": null,
      "fcf": null,
      "ocf": null,
      "capex": null,
      "gross_margin": null,
      "op_margin": -0.18054230447534056,
      "fcf_margin": null,
      "incr_op_margin_yoy": 0.1210889617553322,
      "rev_growth_yoy": -0.20380844866338926,
      "rev_growth_yoy_accel": -0.08890937470139919
    },
    {
      "date": "2025-09-30T00:00:00",
      "quarter_label": "2025-09 (Q3)",
      "revenue": 958524000,
      "gross_profit": null,
      "operating_income": -134915000,
      "net_income": -317476000,
      "opex": null,
      "cogs": null,
      "rd": null,
      "sga": null,
      "fcf": null,
      "ocf": null,
      "capex": null,
      "gross_margin": null,
      "op_margin": -0.14075286586460015,
      "fcf_margin": null,
      "incr_op_margin_yoy": -0.6770223824293738,
      "rev_growth_yoy": -0.1992976383004317,
      "rev_growth_yoy_accel": 0.004510810362957557
    }
  ],
  "signals": [
    {
      "quarter": "2025-06 (Q2)",
      "signal": "YoY REVENUE GROWTH DECELERATION",
      "detail": "YoY growth: -20.4% vs prior quarter YoY: -11.5% (decel: -8.9%)",
      "severity": "WARNING"
    },
    {
      "quarter": "2024-12 (Q4)",
      "signal": "FCF MARGIN EXPANSION",
      "detail": "FCF margin: -30.4% -> -10.6% (+19.8%)",
      "severity": "MEDIUM"
    },
    {
      "quarter": "2024-12 (Q4)",
      "signal": "YoY REVENUE GROWTH DECELERATION",
      "detail": "YoY growth: -11.5% vs prior quarter YoY: -4.9% (decel: -6.6%)",
      "severity": "WARNING"
    },
    {
      "quarter": "2024-09 (Q3)",
      "signal": "YoY REVENUE GROWTH ACCELERATION",
      "detail": "YoY growth: -4.9% vs prior quarter YoY: -10.6% (accel: +5.7%)",
      "severity": "MEDIUM"
    },
    {
      "quarter": "2023-09 (Q3)",
      "signal": "YoY REVENUE GROWTH DECELERATION",
      "detail": "YoY growth: -6.3% vs prior quarter YoY: +4.8% (decel: -11.1%)",
      "severity": "WARNING"
    },
    {
      "quarter": "2023-06 (Q2)",
      "signal": "YoY REVENUE GROWTH DECELERATION",
      "detail": "YoY growth: +4.8% vs prior quarter YoY: +39.5% (decel: -34.7%)",
      "severity": "WARNING"
    },
    {
      "quarter": "2023-06 (Q2)",
      "signal": "OP MARGIN TURNED POSITIVE (YoY)",
      "detail": "Op margin: -3.3% (year-ago) -> +1.4%",
      "severity": "HIGH"
    },
    {
      "quarter": "2023-06 (Q2)",
      "signal": "OP MARGIN TURNED POSITIVE (QoQ)",
      "detail": "Op margin: -8.3% -> +1.4%",
      "severity": "HIGH"
    },
    {
      "quarter": "2023-03 (Q1)",
      "signal": "FCF TURNED POSITIVE",
      "detail": "FCF margin: -4.1% -> +10.4%",
      "severity": "HIGH"
    },
    {
      "quarter": "2022-09 (Q3)",
      "signal": "YoY REVENUE GROWTH DECELERATION",
      "detail": "YoY growth: +45.6% vs prior quarter YoY: +59.0% (decel: -13.5%)",
      "severity": "WARNING"
    },
    {
      "quarter": "2022-06 (Q2)",
      "signal": "YoY REVENUE GROWTH DECELERATION",
      "detail": "YoY growth: +59.0% vs prior quarter YoY: +109.7% (decel: -50.7%)",
      "severity": "WARNING"
    },
    {
      "quarter": "2022-03 (Q1)",
      "signal": "FCF TURNED POSITIVE",
      "detail": "FCF margin: -6.9% -> +2.0%",
      "severity": "HIGH"
    },
    {
      "quarter": "2022-03 (Q1)",
      "signal": "YoY REVENUE GROWTH ACCELERATION",
      "detail": "YoY growth: +109.7% vs prior quarter YoY: +98.1% (accel: +11.6%)",
      "severity": "MEDIUM"
    },
    {
      "quarter": "2021-12 (Q4)",
      "signal": "FCF MARGIN EXPANSION",
      "detail": "FCF margin: -22.4% -> -6.9% (+15.5%)",
      "severity": "MEDIUM"
    },
    {
      "quarter": "2021-12 (Q4)",
      "signal": "YoY REVENUE GROWTH DECELERATION",
      "detail": "YoY growth: +98.1% vs prior quarter YoY: +129.6% (decel: -31.4%)",
      "severity": "WARNING"
    },
    {
      "quarter": "2021-09 (Q3)",
      "signal": "OP MARGIN TURNED POSITIVE (YoY)",
      "detail": "Op margin: -24.7% (year-ago) -> +1.5%",
      "severity": "HIGH"
    },
    {
      "quarter": "2021-06 (Q2)",
      "signal": "OP MARGIN TURNED POSITIVE (QoQ)",
      "detail": "Op margin: -22.2% -> +10.8%",
      "severity": "HIGH"
    },
    {
      "quarter": "2021-03 (Q1)",
      "signal": "FCF TURNED POSITIVE",
      "detail": "FCF margin: -19.2% -> +40.5%",
      "severity": "HIGH"
    }
  ],
  "data_quality": {
    "n_quarters": 20,
    "coverage": {
      "revenue": [
        20,
        20
      ],
      "gross_profit": [
        0,
        20
      ],
      "op_income": [
        20,
        20
      ],
      "fcf": [
        18,
        20
      ]
    },
    "gaps": [
      [
        "2024-12 (Q4)",
        "2025-06 (Q2)",
        181
      ]
    ],
    "warnings": [
      "gross_profit: no data",
      "gap: 1Q missing between 2024-12 (Q4) and 2025-06 (Q2)"
    ]
  },
  "market_cap": null,
  "source": "SEC EDGAR",
  "last_updated": "2026-02-03T00:13:25.272127",
  "sector": "Industrials",
  "industry": "Airlines"
}