{
  "ticker": "FN",
  "name": "FABRINET",
  "quarters": [
    {
      "date": "2020-12-25T00:00:00",
      "quarter_label": "2020-12 (Q4)",
      "revenue": 453827000,
      "gross_profit": 53021000,
      "operating_income": 35865000,
      "net_income": 35384000,
      "opex": 17156000,
      "cogs": 400806000,
      "rd": null,
      "sga": 17156000,
      "fcf": -3313000,
      "ocf": 6808000,
      "capex": -10121000,
      "gross_margin": 0.11683086286183943,
      "op_margin": 0.07902791151694367,
      "fcf_margin": -0.00730013859906969
    },
    {
      "date": "2021-03-26T00:00:00",
      "quarter_label": "2021-03 (Q1)",
      "revenue": 479317000,
      "gross_profit": 56778000,
      "operating_income": 37676000,
      "net_income": 37493000,
      "opex": 19102000,
      "cogs": 422539000,
      "rd": null,
      "sga": 19059000,
      "fcf": 27426000,
      "ocf": 38002000,
      "capex": -10576000,
      "gross_margin": 0.11845605309221247,
      "op_margin": 0.07860351291525233,
      "fcf_margin": 0.05721891775171755,
      "op_leverage_ratio": 0.49516815507779677,
      "fcf_margin_change": 0.06451905635078724
    },
    {
      "date": "2021-06-25T00:00:00",
      "quarter_label": "2021-06 (Q2)",
      "revenue": 509567000,
      "gross_profit": 61084000,
      "operating_income": 43595000,
      "net_income": 42413000,
      "opex": 17489000,
      "cogs": 448483000,
      "rd": null,
      "sga": 17489000,
      "fcf": 30050000,
      "ocf": 42841000,
      "capex": -12791000,
      "gross_margin": 0.11987432467173109,
      "op_margin": 0.08555302835544688,
      "fcf_margin": 0.0589716367033187,
      "op_leverage_ratio": Infinity,
      "fcf_margin_change": 0.0017527189516011524
    },
    {
      "date": "2021-09-24T00:00:00",
      "quarter_label": "2021-09 (Q3)",
      "revenue": 543322000,
      "gross_profit": 63597000,
      "operating_income": 43010000,
      "net_income": 44651000,
      "opex": 20587000,
      "cogs": 479725000,
      "rd": null,
      "sga": 20587000,
      "fcf": 4389000,
      "ocf": 36911000,
      "capex": -32522000,
      "gross_margin": 0.11705213482980627,
      "op_margin": 0.07916116041684305,
      "fcf_margin": 0.008078082610312117,
      "op_leverage_ratio": 0.37395589320728656,
      "fcf_margin_change": -0.05089355409300658
    },
    {
      "date": "2021-12-24T00:00:00",
      "quarter_label": "2021-12 (Q4)",
      "revenue": 566633000,
      "gross_profit": 69371000,
      "operating_income": 51445000,
      "net_income": 48879000,
      "opex": 17926000,
      "cogs": 497262000,
      "rd": null,
      "sga": 17791000,
      "fcf": 1262000,
      "ocf": 20657000,
      "capex": -19395000,
      "gross_margin": 0.12242668535012963,
      "op_margin": 0.09079068815264907,
      "fcf_margin": 0.0022271911448856667,
      "incr_op_margin_yoy": 0.13811322092796482,
      "rev_growth_yoy": 0.24856608355166177,
      "op_leverage_ratio": Infinity,
      "fcf_margin_change": -0.00585089146542645
    },
    {
      "date": "2022-03-25T00:00:00",
      "quarter_label": "2022-03 (Q1)",
      "revenue": 564395000,
      "gross_profit": 70693000,
      "operating_income": 53659000,
      "net_income": 50661000,
      "opex": 17034000,
      "cogs": 493702000,
      "rd": null,
      "sga": 17034000,
      "fcf": 26919000,
      "ocf": 50329000,
      "capex": -23410000,
      "gross_margin": 0.12525447603185713,
      "op_margin": 0.0950734857679462,
      "fcf_margin": 0.04769531976718433,
      "incr_op_margin_yoy": 0.1878629022779097,
      "rev_growth_yoy": 0.1774983987632402,
      "rev_growth_yoy_accel": -0.07106768478842157,
      "fcf_margin_change": 0.04546812862229866
    },
    {
      "date": "2022-06-24T00:00:00",
      "quarter_label": "2022-06 (Q2)",
      "revenue": 587874000,
      "gross_profit": 74933000,
      "operating_income": 56404000,
      "net_income": 56189000,
      "opex": 18529000,
      "cogs": 512941000,
      "rd": null,
      "sga": 18529000,
      "fcf": 2088000,
      "ocf": 16349000,
      "capex": -14261000,
      "gross_margin": 0.127464388627495,
      "op_margin": 0.09594572986728449,
      "fcf_margin": 0.0035517815041998797,
      "incr_op_margin_yoy": 0.16357413768884008,
      "rev_growth_yoy": 0.15367360916228875,
      "rev_growth_yoy_accel": -0.02382478960095144,
      "op_leverage_ratio": 0.47399295679355474,
      "fcf_margin_change": -0.04414353826298445
    },
    {
      "date": "2022-09-30T00:00:00",
      "quarter_label": "2022-09 (Q3)",
      "revenue": 655429000,
      "gross_profit": 82756000,
      "operating_income": 62191000,
      "net_income": 64615000,
      "opex": 20565000,
      "cogs": 572673000,
      "rd": null,
      "sga": 20565000,
      "fcf": 50376000,
      "ocf": 60634000,
      "capex": -10258000,
      "gross_margin": 0.12626234115365662,
      "op_margin": 0.09488594493072476,
      "fcf_margin": 0.07685958357045539,
      "incr_op_margin_yoy": 0.17109547129082037,
      "rev_growth_yoy": 0.20633620578588757,
      "rev_growth_yoy_accel": 0.05266259662359882,
      "op_leverage_ratio": 1.0457971476159242,
      "fcf_margin_change": 0.0733078020662555
    },
    {
      "date": "2022-12-30T00:00:00",
      "quarter_label": "2022-12 (Q4)",
      "revenue": 668656000,
      "gross_profit": 85215000,
      "operating_income": 66285000,
      "net_income": 63157000,
      "opex": 18930000,
      "cogs": 583441000,
      "rd": null,
      "sga": 18930000,
      "fcf": 31081000,
      "ocf": 44466000,
      "capex": -13385000,
      "gross_margin": 0.12744221243808476,
      "op_margin": 0.09913169103395468,
      "fcf_margin": 0.04648279533870929,
      "incr_op_margin_yoy": 0.145457396861492,
      "rev_growth_yoy": 0.1800512853998973,
      "rev_growth_yoy_accel": -0.026284920385990285,
      "op_leverage_ratio": Infinity,
      "fcf_margin_change": -0.030376788231746096
    },
    {
      "date": "2023-03-31T00:00:00",
      "quarter_label": "2023-03 (Q1)",
      "revenue": 665281000,
      "gross_profit": 86007000,
      "operating_income": 61826000,
      "net_income": 59355000,
      "opex": 24181000,
      "cogs": 579274000,
      "rd": null,
      "sga": 18309000,
      "fcf": 17343000,
      "ocf": 37122000,
      "capex": -19779000,
      "gross_margin": 0.12927920683139907,
      "op_margin": 0.09293215949350725,
      "fcf_margin": 0.026068683759193485,
      "incr_op_margin_yoy": 0.0809527585591658,
      "rev_growth_yoy": 0.1787506976496957,
      "rev_growth_yoy_accel": -0.0013005877502015872,
      "fcf_margin_change": -0.020414111579515806
    },
    {
      "date": "2023-06-30T00:00:00",
      "quarter_label": "2023-06 (Q2)",
      "revenue": 655871000,
      "gross_profit": 82295000,
      "operating_income": 61402000,
      "net_income": 60786000,
      "opex": 20893000,
      "cogs": 573576000,
      "rd": null,
      "sga": 19869000,
      "fcf": 53150000,
      "ocf": 71088000,
      "capex": -17938000,
      "gross_margin": 0.12547436919760135,
      "op_margin": 0.09361901959379207,
      "fcf_margin": 0.08103727714748785,
      "incr_op_margin_yoy": 0.07350324279012309,
      "rev_growth_yoy": 0.11566594202158965,
      "rev_growth_yoy_accel": -0.06308475562810605,
      "fcf_margin_change": 0.054968593388294365
    },
    {
      "date": "2023-09-29T00:00:00",
      "quarter_label": "2023-09 (Q3)",
      "revenue": 685477000,
      "gross_profit": 84404000,
      "operating_income": 63975000,
      "net_income": 65089000,
      "opex": 20429000,
      "cogs": 601073000,
      "rd": null,
      "sga": 20429000,
      "fcf": 133614000,
      "ocf": 145049000,
      "capex": -11435000,
      "gross_margin": 0.12313177539144275,
      "op_margin": 0.09332917078180596,
      "fcf_margin": 0.1949212008572133,
      "incr_op_margin_yoy": 0.0593716719914803,
      "rev_growth_yoy": 0.04584478257751793,
      "rev_growth_yoy_accel": -0.06982115944407172,
      "op_leverage_ratio": Infinity,
      "fcf_margin_change": 0.11388392370972544
    },
    {
      "date": "2023-12-29T00:00:00",
      "quarter_label": "2023-12 (Q4)",
      "revenue": 712694000,
      "gross_profit": 88330000,
      "operating_income": 69014000,
      "net_income": 69110000,
      "opex": 19316000,
      "cogs": 624364000,
      "rd": null,
      "sga": 19316000,
      "fcf": 74364000,
      "ocf": 84165000,
      "capex": -9801000,
      "gross_margin": 0.12393818384888887,
      "op_margin": 0.09683538797857145,
      "fcf_margin": 0.10434211597123029,
      "incr_op_margin_yoy": 0.061969208410917846,
      "rev_growth_yoy": 0.06586047235050609,
      "rev_growth_yoy_accel": 0.020015689772988156,
      "op_leverage_ratio": Infinity,
      "fcf_margin_change": -0.090579084885983
    },
    {
      "date": "2024-03-29T00:00:00",
      "quarter_label": "2024-03 (Q1)",
      "revenue": 731535000,
      "gross_profit": 90935000,
      "operating_income": 71307000,
      "net_income": 80916000,
      "opex": 19628000,
      "cogs": 640600000,
      "rd": null,
      "sga": 19628000,
      "fcf": 87281000,
      "ocf": 100870000,
      "capex": -13589000,
      "gross_margin": 0.1243071076571866,
      "op_margin": 0.09747585556398532,
      "fcf_margin": 0.11931213134026397,
      "incr_op_margin_yoy": 0.1431007939143297,
      "rev_growth_yoy": 0.09958799364479069,
      "rev_growth_yoy_accel": 0.03372752129428461,
      "op_leverage_ratio": 1.6366787724123408,
      "fcf_margin_change": 0.014970015369033682
    },
    {
      "date": "2024-06-28T00:00:00",
      "quarter_label": "2024-06 (Q2)",
      "revenue": 753261000,
      "gross_profit": 92449000,
      "operating_income": 73309000,
      "net_income": 81066000,
      "opex": 19140000,
      "cogs": 660812000,
      "rd": null,
      "sga": 19108000,
      "fcf": 70359000,
      "ocf": 83062000,
      "capex": -12703000,
      "gross_margin": 0.12273169591947546,
      "op_margin": 0.09732217650986842,
      "fcf_margin": 0.0934058712717106,
      "incr_op_margin_yoy": 0.12226101242427354,
      "rev_growth_yoy": 0.14848956578351535,
      "rev_growth_yoy_accel": 0.04890157213872466,
      "op_leverage_ratio": Infinity,
      "fcf_margin_change": -0.02590626006855337
    },
    {
      "date": "2024-09-27T00:00:00",
      "quarter_label": "2024-09 (Q3)",
      "revenue": 804228000,
      "gross_profit": 99026000,
      "operating_income": 76938000,
      "net_income": 77394000,
      "opex": 22088000,
      "cogs": 705202000,
      "rd": null,
      "sga": 22031000,
      "fcf": 62932000,
      "ocf": 83182000,
      "capex": -20250000,
      "gross_margin": 0.1231317487080778,
      "op_margin": 0.095666900431221,
      "fcf_margin": 0.07825144113360888,
      "incr_op_margin_yoy": 0.10916118601106517,
      "rev_growth_yoy": 0.17323848940227024,
      "rev_growth_yoy_accel": 0.024748923618754887,
      "op_leverage_ratio": 0.43929680317145225,
      "fcf_margin_change": -0.015154430138101721
    },
    {
      "date": "2024-12-27T00:00:00",
      "quarter_label": "2024-12 (Q4)",
      "revenue": 833608000,
      "gross_profit": 100849000,
      "operating_income": 79597000,
      "net_income": 86636000,
      "opex": 21252000,
      "cogs": 732759000,
      "rd": null,
      "sga": 21206000,
      "fcf": 94004000,
      "ocf": 115904000,
      "capex": -21900000,
      "gross_margin": 0.12097892534620588,
      "op_margin": 0.09548492816767594,
      "fcf_margin": 0.11276763178856249,
      "incr_op_margin_yoy": 0.08752501778123294,
      "rev_growth_yoy": 0.1696576651410002,
      "rev_growth_yoy_accel": -0.0035808242612700436,
      "op_leverage_ratio": Infinity,
      "fcf_margin_change": 0.03451619065495361
    },
    {
      "date": "2025-03-28T00:00:00",
      "quarter_label": "2025-03 (Q1)",
      "revenue": 871799000,
      "gross_profit": 102183000,
      "operating_income": 78856000,
      "net_income": 81290000,
      "opex": 23327000,
      "cogs": 769616000,
      "rd": null,
      "sga": 22063000,
      "fcf": 45668000,
      "ocf": 74186000,
      "capex": -28518000,
      "gross_margin": 0.11720935674392836,
      "op_margin": 0.09045204227121159,
      "fcf_margin": 0.05238363430102581,
      "incr_op_margin_yoy": 0.053819939542576856,
      "rev_growth_yoy": 0.19173928793564218,
      "rev_growth_yoy_accel": 0.022081622794641986,
      "op_leverage_ratio": 0.46922469698565666,
      "fcf_margin_change": -0.06038399748753668
    },
    {
      "date": "2025-06-27T00:00:00",
      "quarter_label": "2025-06 (Q2)",
      "revenue": 909692000,
      "gross_profit": 111291000,
      "operating_income": 89056000,
      "net_income": 87207000,
      "opex": 22235000,
      "cogs": 798401000,
      "rd": null,
      "sga": 22166000,
      "fcf": 4683000,
      "ocf": 55093000,
      "capex": -50410000,
      "gross_margin": 0.12233920931480105,
      "op_margin": 0.09789687058916645,
      "fcf_margin": 0.00514789621102527,
      "incr_op_margin_yoy": 0.1006641906016071,
      "rev_growth_yoy": 0.20767171007127674,
      "rev_growth_yoy_accel": 0.01593242213563456,
      "op_leverage_ratio": Infinity,
      "fcf_margin_change": -0.047235738090000534
    },
    {
      "date": "2025-09-26T00:00:00",
      "quarter_label": "2025-09 (Q3)",
      "revenue": 978128000,
      "gross_profit": 116439000,
      "operating_income": 94193000,
      "net_income": 95926000,
      "opex": 22246000,
      "cogs": 861689000,
      "rd": null,
      "sga": 22246000,
      "fcf": 57302000,
      "ocf": 102568000,
      "capex": -45266000,
      "gross_margin": 0.11904270197765528,
      "op_margin": 0.09629925735691035,
      "fcf_margin": 0.05858333469648144,
      "incr_op_margin_yoy": 0.09922369177688327,
      "rev_growth_yoy": 0.2162322127555867,
      "rev_growth_yoy_accel": 0.008560502684309967,
      "op_leverage_ratio": Infinity,
      "fcf_margin_change": 0.05343543848545617
    }
  ],
  "signals": [
    {
      "quarter": "2025-09 (Q3)",
      "signal": "FCF MARGIN EXPANSION",
      "detail": "FCF margin: +0.5% -> +5.9% (+5.3%)",
      "severity": "MEDIUM"
    },
    {
      "quarter": "2025-09 (Q3)",
      "signal": "OPERATING LEVERAGE",
      "detail": "Rev growth +7.5% vs OpEx growth +0.0% (leverage: 152.1x)",
      "severity": "MEDIUM"
    },
    {
      "quarter": "2024-03 (Q1)",
      "signal": "OPERATING LEVERAGE",
      "detail": "Rev growth +2.6% vs OpEx growth +1.6% (leverage: 1.6x)",
      "severity": "MEDIUM"
    },
    {
      "quarter": "2023-09 (Q3)",
      "signal": "FCF MARGIN EXPANSION",
      "detail": "FCF margin: +8.1% -> +19.5% (+11.4%)",
      "severity": "MEDIUM"
    },
    {
      "quarter": "2023-09 (Q3)",
      "signal": "YoY REVENUE GROWTH DECELERATION",
      "detail": "YoY growth: +4.6% vs prior quarter YoY: +11.6% (decel: -7.0%)",
      "severity": "WARNING"
    },
    {
      "quarter": "2023-06 (Q2)",
      "signal": "FCF MARGIN EXPANSION",
      "detail": "FCF margin: +2.6% -> +8.1% (+5.5%)",
      "severity": "MEDIUM"
    },
    {
      "quarter": "2023-06 (Q2)",
      "signal": "YoY REVENUE GROWTH DECELERATION",
      "detail": "YoY growth: +11.6% vs prior quarter YoY: +17.9% (decel: -6.3%)",
      "severity": "WARNING"
    },
    {
      "quarter": "2022-09 (Q3)",
      "signal": "FCF MARGIN EXPANSION",
      "detail": "FCF margin: +0.4% -> +7.7% (+7.3%)",
      "severity": "MEDIUM"
    },
    {
      "quarter": "2022-09 (Q3)",
      "signal": "YoY REVENUE GROWTH ACCELERATION",
      "detail": "YoY growth: +20.6% vs prior quarter YoY: +15.4% (accel: +5.3%)",
      "severity": "MEDIUM"
    },
    {
      "quarter": "2022-03 (Q1)",
      "signal": "YoY REVENUE GROWTH DECELERATION",
      "detail": "YoY growth: +17.7% vs prior quarter YoY: +24.9% (decel: -7.1%)",
      "severity": "WARNING"
    },
    {
      "quarter": "2022-03 (Q1)",
      "signal": "INCREMENTAL MARGIN (YoY)",
      "detail": "YoY Incr OPM: +18.8% vs year-ago OPM: +7.9%",
      "severity": "MEDIUM"
    },
    {
      "quarter": "2021-03 (Q1)",
      "signal": "FCF TURNED POSITIVE",
      "detail": "FCF margin: -0.7% -> +5.7%",
      "severity": "HIGH"
    }
  ],
  "data_quality": {
    "n_quarters": 20,
    "coverage": {
      "revenue": [
        20,
        20
      ],
      "gross_profit": [
        20,
        20
      ],
      "op_income": [
        20,
        20
      ],
      "fcf": [
        20,
        20
      ]
    },
    "gaps": [],
    "warnings": []
  },
  "market_cap": null,
  "source": "SEC EDGAR",
  "last_updated": "2026-02-02T20:21:11.727852"
}