{
  "ticker": "FND",
  "name": "Floor & Decor Holdings, Inc.",
  "quarters": [
    {
      "date": "2020-12-31T00:00:00",
      "quarter_label": "2020-12 (Q4)",
      "revenue": 723652000,
      "gross_profit": 307540000,
      "operating_income": 68014000,
      "net_income": 57140000,
      "opex": 239526000,
      "cogs": 416112000,
      "rd": null,
      "sga": null,
      "fcf": 136479000,
      "ocf": 136479000,
      "capex": null,
      "gross_margin": 0.4249832792557749,
      "op_margin": 0.0939871651014576,
      "fcf_margin": 0.18859755794221533
    },
    {
      "date": "2021-04-01T00:00:00",
      "quarter_label": "2021-04 (Q2)",
      "revenue": 782537000,
      "gross_profit": 336933000,
      "operating_income": 95949000,
      "net_income": 75796000,
      "opex": 240984000,
      "cogs": 445604000,
      "rd": null,
      "sga": null,
      "fcf": 100996000,
      "ocf": 100996000,
      "capex": null,
      "gross_margin": 0.43056494453297417,
      "op_margin": 0.12261273268867798,
      "fcf_margin": 0.12906226798221682,
      "op_leverage_ratio": 13.36811123592385,
      "fcf_margin_change": -0.059535289959998516
    },
    {
      "date": "2021-07-01T00:00:00",
      "quarter_label": "2021-07 (Q3)",
      "revenue": 860108000,
      "gross_profit": 365438000,
      "operating_income": 98557000,
      "net_income": 82916000,
      "opex": 266881000,
      "cogs": 494670000,
      "rd": null,
      "sga": null,
      "fcf": 155621000,
      "ocf": 155621000,
      "capex": null,
      "gross_margin": 0.42487455063782686,
      "op_margin": 0.11458677282387793,
      "fcf_margin": 0.1809319294786236,
      "op_leverage_ratio": 0.9224296646319612,
      "fcf_margin_change": 0.05186966149640679
    },
    {
      "date": "2021-09-30T00:00:00",
      "quarter_label": "2021-09 (Q3)",
      "revenue": 876553000,
      "gross_profit": 365308000,
      "operating_income": 83397000,
      "net_income": 74645000,
      "opex": 281911000,
      "cogs": 511245000,
      "rd": null,
      "sga": null,
      "fcf": 108275000,
      "ocf": 108275000,
      "capex": null,
      "gross_margin": 0.4167551762414823,
      "op_margin": 0.09514199369576055,
      "fcf_margin": 0.1235236203629444,
      "op_leverage_ratio": 0.3394998340752089,
      "fcf_margin_change": -0.05740830911567921
    },
    {
      "date": "2021-12-30T00:00:00",
      "quarter_label": "2021-12 (Q4)",
      "revenue": 914335000,
      "gross_profit": 354587000,
      "operating_income": 61089000,
      "net_income": 49873000,
      "opex": 293498000,
      "cogs": 559748000,
      "rd": null,
      "sga": null,
      "fcf": -63550000,
      "ocf": -63550000,
      "capex": null,
      "gross_margin": 0.38780862594125787,
      "op_margin": 0.06681249213909563,
      "fcf_margin": -0.06950406579645316,
      "incr_op_margin_yoy": -0.036316819013755816,
      "rev_growth_yoy": 0.26350096455202227,
      "op_leverage_ratio": 1.0486915735688667,
      "fcf_margin_change": -0.19302768615939755
    },
    {
      "date": "2022-03-31T00:00:00",
      "quarter_label": "2022-03 (Q1)",
      "revenue": 1028734000,
      "gross_profit": 408058000,
      "operating_income": 93972000,
      "net_income": 70951000,
      "opex": 314086000,
      "cogs": 620676000,
      "rd": null,
      "sga": null,
      "fcf": -3333000,
      "ocf": -3333000,
      "capex": null,
      "gross_margin": 0.3966603611818021,
      "op_margin": 0.09134722872968133,
      "fcf_margin": -0.0032399045817480517,
      "incr_op_margin_yoy": -0.00803015471350179,
      "rev_growth_yoy": 0.314613877682461,
      "rev_growth_yoy_accel": 0.05111291313043875,
      "op_leverage_ratio": 1.7836427390146472,
      "fcf_margin_change": 0.0662641612147051
    },
    {
      "date": "2022-06-30T00:00:00",
      "quarter_label": "2022-06 (Q2)",
      "revenue": 1089846000,
      "gross_profit": 436282000,
      "operating_income": 106410000,
      "net_income": 81832000,
      "opex": 329872000,
      "cogs": 653564000,
      "rd": null,
      "sga": null,
      "fcf": 11186000,
      "ocf": 11186000,
      "capex": null,
      "gross_margin": 0.4003152739010833,
      "op_margin": 0.09763764788786673,
      "fcf_margin": 0.01026383544097056,
      "incr_op_margin_yoy": 0.03418241649182982,
      "rev_growth_yoy": 0.2671036660512401,
      "rev_growth_yoy_accel": -0.04751021163122093,
      "op_leverage_ratio": 1.1819521189923985,
      "fcf_margin_change": 0.013503740022718612
    },
    {
      "date": "2022-09-29T00:00:00",
      "quarter_label": "2022-09 (Q3)",
      "revenue": 1097824000,
      "gross_profit": 447475000,
      "operating_income": 101657000,
      "net_income": 76175000,
      "opex": 345818000,
      "cogs": 650349000,
      "rd": null,
      "sga": null,
      "fcf": -528000,
      "ocf": -528000,
      "capex": null,
      "gross_margin": 0.4076017649459294,
      "op_margin": 0.09259863147462617,
      "fcf_margin": -0.0004809514093333722,
      "incr_op_margin_yoy": 0.08252324073195312,
      "rev_growth_yoy": 0.25243311014850217,
      "rev_growth_yoy_accel": -0.014670555902737914,
      "fcf_margin_change": -0.01074478685030393
    },
    {
      "date": "2022-12-29T00:00:00",
      "quarter_label": "2022-12 (Q4)",
      "revenue": 1048069000,
      "gross_profit": 435901000,
      "operating_income": 94721000,
      "net_income": 69237000,
      "opex": 341180000,
      "cogs": 612168000,
      "rd": null,
      "sga": null,
      "fcf": 105125000,
      "ocf": 105125000,
      "capex": null,
      "gross_margin": 0.41590868540143827,
      "op_margin": 0.09037668321455934,
      "fcf_margin": 0.10030351055130912,
      "incr_op_margin_yoy": 0.25148428970942316,
      "rev_growth_yoy": 0.14626367797360923,
      "rev_growth_yoy_accel": -0.10616943217489294,
      "fcf_margin_change": 0.10078446196064249
    },
    {
      "date": "2023-03-30T00:00:00",
      "quarter_label": "2023-03 (Q1)",
      "revenue": 1122052000,
      "gross_profit": 469118000,
      "operating_income": 95516000,
      "net_income": 71524000,
      "opex": 373602000,
      "cogs": 652934000,
      "rd": null,
      "sga": null,
      "fcf": 250280000,
      "ocf": 250280000,
      "capex": null,
      "gross_margin": 0.4180893577124768,
      "op_margin": 0.0851261795353513,
      "fcf_margin": 0.22305561596075762,
      "incr_op_margin_yoy": 0.016545575344520884,
      "rev_growth_yoy": 0.09071149587745715,
      "rev_growth_yoy_accel": -0.05555218209615208,
      "op_leverage_ratio": 0.7428238269629222,
      "fcf_margin_change": 0.1227521054094485
    },
    {
      "date": "2023-06-29T00:00:00",
      "quarter_label": "2023-06 (Q2)",
      "revenue": 1135899000,
      "gross_profit": 479633000,
      "operating_income": 94974000,
      "net_income": 71452000,
      "opex": 384659000,
      "cogs": 656266000,
      "rd": null,
      "sga": null,
      "fcf": 226365000,
      "ocf": 226365000,
      "capex": null,
      "gross_margin": 0.42224968945302355,
      "op_margin": 0.08361130699120256,
      "fcf_margin": 0.19928268270330374,
      "incr_op_margin_yoy": -0.24832258484789266,
      "rev_growth_yoy": 0.04225642888995326,
      "rev_growth_yoy_accel": -0.04845506698750389,
      "op_leverage_ratio": 0.4169793911746999,
      "fcf_margin_change": -0.023772933257453888
    },
    {
      "date": "2023-09-28T00:00:00",
      "quarter_label": "2023-09 (Q3)",
      "revenue": 1107812000,
      "gross_profit": 467455000,
      "operating_income": 84772000,
      "net_income": 65923000,
      "opex": 382683000,
      "cogs": 640357000,
      "rd": null,
      "sga": null,
      "fcf": 222330000,
      "ocf": 222330000,
      "capex": null,
      "gross_margin": 0.4219623907305572,
      "op_margin": 0.07652200914956689,
      "fcf_margin": 0.20069289735081403,
      "incr_op_margin_yoy": -1.6905286343612336,
      "rev_growth_yoy": 0.009097997493222957,
      "rev_growth_yoy_accel": -0.033158431396730303,
      "fcf_margin_change": 0.0014102146475102884
    },
    {
      "date": "2023-12-28T00:00:00",
      "quarter_label": "2023-12 (Q4)",
      "revenue": 1048121000,
      "gross_profit": 442142000,
      "operating_income": 46166000,
      "net_income": 37081000,
      "opex": 395976000,
      "cogs": 605979000,
      "rd": null,
      "sga": null,
      "fcf": 104614000,
      "ocf": 104614000,
      "capex": null,
      "gross_margin": 0.4218425162743615,
      "op_margin": 0.04404644120287639,
      "fcf_margin": 0.09981099510457285,
      "rev_growth_yoy": 4.961505397068323e-05,
      "rev_growth_yoy_accel": -0.009048382439252274,
      "fcf_margin_change": -0.10088190224624118
    },
    {
      "date": "2024-03-28T00:00:00",
      "quarter_label": "2024-03 (Q1)",
      "revenue": 1097289000,
      "gross_profit": 470026000,
      "operating_income": 59311000,
      "net_income": 50032000,
      "opex": 410715000,
      "cogs": 627263000,
      "rd": null,
      "sga": null,
      "fcf": 147510000,
      "ocf": 147510000,
      "capex": null,
      "gross_margin": 0.428352056750774,
      "op_margin": 0.054052305272357604,
      "fcf_margin": 0.1344313120791332,
      "incr_op_margin_yoy": 1.4620603319468561,
      "rev_growth_yoy": -0.022069387158527413,
      "rev_growth_yoy_accel": -0.022119002212498098,
      "op_leverage_ratio": 1.2602942817772425,
      "fcf_margin_change": 0.03462031697456035
    },
    {
      "date": "2024-06-27T00:00:00",
      "quarter_label": "2024-06 (Q2)",
      "revenue": 1133139000,
      "gross_profit": 491034000,
      "operating_income": 71328000,
      "net_income": 56666000,
      "opex": 419706000,
      "cogs": 642105000,
      "rd": null,
      "sga": null,
      "fcf": 193970000,
      "ocf": 193970000,
      "capex": null,
      "gross_margin": 0.4333395991136127,
      "op_margin": 0.06294726419265421,
      "fcf_margin": 0.17117935222421962,
      "incr_op_margin_yoy": 8.567391304347826,
      "rev_growth_yoy": -0.002429793493963812,
      "rev_growth_yoy_accel": 0.019639593664563602,
      "op_leverage_ratio": 1.4924531298522106,
      "fcf_margin_change": 0.036748040145086425
    },
    {
      "date": "2024-09-26T00:00:00",
      "quarter_label": "2024-09 (Q3)",
      "revenue": 1117926000,
      "gross_profit": 485870000,
      "operating_income": 66317000,
      "net_income": 51690000,
      "opex": 419553000,
      "cogs": 632056000,
      "rd": null,
      "sga": null,
      "fcf": 160288000,
      "ocf": 160288000,
      "capex": null,
      "gross_margin": 0.43461731814091453,
      "op_margin": 0.059321457770907915,
      "fcf_margin": 0.14337979436921586,
      "incr_op_margin_yoy": -1.8246984378089777,
      "rev_growth_yoy": 0.00912970792878214,
      "rev_growth_yoy_accel": 0.011559501422745953,
      "fcf_margin_change": -0.027799557855003765
    },
    {
      "date": "2024-12-26T00:00:00",
      "quarter_label": "2024-12 (Q4)",
      "revenue": 1107416000,
      "gross_profit": 481321000,
      "operating_income": 59220000,
      "net_income": 47484000,
      "opex": 422101000,
      "cogs": 626095000,
      "rd": null,
      "sga": null,
      "fcf": 101387000,
      "ocf": 101387000,
      "capex": null,
      "gross_margin": 0.4346343198942403,
      "op_margin": 0.05347583925101317,
      "fcf_margin": 0.09155276788487796,
      "incr_op_margin_yoy": 0.22015346993844337,
      "rev_growth_yoy": 0.056572666705466255,
      "rev_growth_yoy_accel": 0.04744295877668411,
      "fcf_margin_change": -0.0518270264843379
    },
    {
      "date": "2025-03-27T00:00:00",
      "quarter_label": "2025-03 (Q1)",
      "revenue": 1160740000,
      "gross_profit": 508168000,
      "operating_income": 64229000,
      "net_income": 48878000,
      "opex": 443939000,
      "cogs": 652572000,
      "rd": null,
      "sga": null,
      "fcf": 71164000,
      "ocf": 71164000,
      "capex": null,
      "gross_margin": 0.43779657804504024,
      "op_margin": 0.05533452797353412,
      "fcf_margin": 0.06130916484311732,
      "incr_op_margin_yoy": 0.07750862870561535,
      "rev_growth_yoy": 0.057825240205634065,
      "rev_growth_yoy_accel": 0.0012525735001678098,
      "op_leverage_ratio": 0.9307122823435958,
      "fcf_margin_change": -0.030243603041760637
    },
    {
      "date": "2025-06-26T00:00:00",
      "quarter_label": "2025-06 (Q2)",
      "revenue": 1214150000,
      "gross_profit": 532688000,
      "operating_income": 81894000,
      "net_income": 63178000,
      "opex": 450794000,
      "cogs": 681462000,
      "rd": null,
      "sga": null,
      "fcf": 84112000,
      "ocf": 84112000,
      "capex": null,
      "gross_margin": 0.43873327018902114,
      "op_margin": 0.06744965613803895,
      "fcf_margin": 0.06927644854424907,
      "incr_op_margin_yoy": 0.13042673217217415,
      "rev_growth_yoy": 0.07149255298776232,
      "rev_growth_yoy_accel": 0.013667312782128252,
      "op_leverage_ratio": 2.9799121946490357,
      "fcf_margin_change": 0.007967283701131748
    },
    {
      "date": "2025-09-25T00:00:00",
      "quarter_label": "2025-09 (Q3)",
      "revenue": 1179527000,
      "gross_profit": 511956000,
      "operating_income": 72017000,
      "net_income": 57260000,
      "opex": 439939000,
      "cogs": 667571000,
      "rd": null,
      "sga": null,
      "fcf": 102492000,
      "ocf": 102492000,
      "capex": null,
      "gross_margin": 0.4340349987749327,
      "op_margin": 0.06105583000643478,
      "fcf_margin": 0.08689245773941588,
      "incr_op_margin_yoy": 0.09253096540640574,
      "rev_growth_yoy": 0.055102931678841,
      "rev_growth_yoy_accel": -0.01638962130892132,
      "fcf_margin_change": 0.017616009195166815
    }
  ],
  "signals": [
    {
      "quarter": "2025-06 (Q2)",
      "signal": "OPERATING LEVERAGE",
      "detail": "Rev growth +4.6% vs OpEx growth +1.5% (leverage: 3.0x)",
      "severity": "MEDIUM"
    },
    {
      "quarter": "2024-12 (Q4)",
      "signal": "INCREMENTAL MARGIN (YoY)",
      "detail": "YoY Incr OPM: +22.0% vs year-ago OPM: +4.4%",
      "severity": "MEDIUM"
    },
    {
      "quarter": "2024-06 (Q2)",
      "signal": "INCREMENTAL MARGIN (YoY)",
      "detail": "YoY Incr OPM: +856.7% vs year-ago OPM: +8.4%",
      "severity": "HIGH"
    },
    {
      "quarter": "2024-03 (Q1)",
      "signal": "INCREMENTAL MARGIN (YoY)",
      "detail": "YoY Incr OPM: +146.2% vs year-ago OPM: +8.5%",
      "severity": "HIGH"
    },
    {
      "quarter": "2023-03 (Q1)",
      "signal": "FCF MARGIN EXPANSION",
      "detail": "FCF margin: +10.0% -> +22.3% (+12.3%)",
      "severity": "MEDIUM"
    },
    {
      "quarter": "2023-03 (Q1)",
      "signal": "YoY REVENUE GROWTH DECELERATION",
      "detail": "YoY growth: +9.1% vs prior quarter YoY: +14.6% (decel: -5.6%)",
      "severity": "WARNING"
    },
    {
      "quarter": "2022-12 (Q4)",
      "signal": "FCF TURNED POSITIVE",
      "detail": "FCF margin: -0.0% -> +10.0%",
      "severity": "HIGH"
    },
    {
      "quarter": "2022-12 (Q4)",
      "signal": "YoY REVENUE GROWTH DECELERATION",
      "detail": "YoY growth: +14.6% vs prior quarter YoY: +25.2% (decel: -10.6%)",
      "severity": "WARNING"
    },
    {
      "quarter": "2022-12 (Q4)",
      "signal": "INCREMENTAL MARGIN (YoY)",
      "detail": "YoY Incr OPM: +25.1% vs year-ago OPM: +6.7%",
      "severity": "MEDIUM"
    },
    {
      "quarter": "2022-06 (Q2)",
      "signal": "FCF TURNED POSITIVE",
      "detail": "FCF margin: -0.3% -> +1.0%",
      "severity": "HIGH"
    },
    {
      "quarter": "2022-03 (Q1)",
      "signal": "FCF MARGIN EXPANSION",
      "detail": "FCF margin: -7.0% -> -0.3% (+6.6%)",
      "severity": "MEDIUM"
    },
    {
      "quarter": "2022-03 (Q1)",
      "signal": "OPERATING LEVERAGE",
      "detail": "Rev growth +12.5% vs OpEx growth +7.0% (leverage: 1.8x)",
      "severity": "MEDIUM"
    },
    {
      "quarter": "2022-03 (Q1)",
      "signal": "YoY REVENUE GROWTH ACCELERATION",
      "detail": "YoY growth: +31.5% vs prior quarter YoY: +26.4% (accel: +5.1%)",
      "severity": "MEDIUM"
    },
    {
      "quarter": "2021-07 (Q3)",
      "signal": "FCF MARGIN EXPANSION",
      "detail": "FCF margin: +12.9% -> +18.1% (+5.2%)",
      "severity": "MEDIUM"
    },
    {
      "quarter": "2021-04 (Q2)",
      "signal": "OPERATING LEVERAGE",
      "detail": "Rev growth +8.1% vs OpEx growth +0.6% (leverage: 13.4x)",
      "severity": "MEDIUM"
    }
  ],
  "data_quality": {
    "n_quarters": 20,
    "coverage": {
      "revenue": [
        20,
        20
      ],
      "gross_profit": [
        20,
        20
      ],
      "op_income": [
        20,
        20
      ],
      "fcf": [
        20,
        20
      ]
    },
    "gaps": [],
    "warnings": []
  },
  "market_cap": null,
  "source": "SEC EDGAR",
  "last_updated": "2026-02-02T20:47:24.820208",
  "sector": "Consumer Cyclical",
  "industry": "Home Improvement Retail"
}