{
  "ticker": "FNF",
  "name": "FIDELITY NATIONAL FINANCIAL, INC.",
  "quarters": [
    {
      "date": "2020-12-31T00:00:00",
      "quarter_label": "2020-12 (Q4)",
      "revenue": 3770000000,
      "gross_profit": null,
      "operating_income": null,
      "net_income": 801000000,
      "opex": null,
      "cogs": null,
      "rd": null,
      "sga": null,
      "fcf": 613000000,
      "ocf": 613000000,
      "capex": null,
      "gross_margin": null,
      "op_margin": null,
      "fcf_margin": 0.16259946949602122
    },
    {
      "date": "2021-03-31T00:00:00",
      "quarter_label": "2021-03 (Q1)",
      "revenue": 3100000000,
      "gross_profit": null,
      "operating_income": null,
      "net_income": 605000000,
      "opex": null,
      "cogs": null,
      "rd": null,
      "sga": null,
      "fcf": 665000000,
      "ocf": 665000000,
      "capex": null,
      "gross_margin": null,
      "op_margin": null,
      "fcf_margin": 0.21451612903225806,
      "fcf_margin_change": 0.05191665953623684
    },
    {
      "date": "2021-06-30T00:00:00",
      "quarter_label": "2021-06 (Q2)",
      "revenue": 3854000000,
      "gross_profit": null,
      "operating_income": null,
      "net_income": 552000000,
      "opex": null,
      "cogs": null,
      "rd": null,
      "sga": null,
      "fcf": 851000000,
      "ocf": 851000000,
      "capex": null,
      "gross_margin": null,
      "op_margin": null,
      "fcf_margin": 0.2208095485210171,
      "fcf_margin_change": 0.0062934194887590555
    },
    {
      "date": "2021-09-30T00:00:00",
      "quarter_label": "2021-09 (Q3)",
      "revenue": 3892000000,
      "gross_profit": null,
      "operating_income": null,
      "net_income": 732000000,
      "opex": null,
      "cogs": null,
      "rd": null,
      "sga": null,
      "fcf": 1084000000,
      "ocf": 1084000000,
      "capex": null,
      "gross_margin": null,
      "op_margin": null,
      "fcf_margin": 0.27852004110996914,
      "fcf_margin_change": 0.05771049258895203
    },
    {
      "date": "2021-12-31T00:00:00",
      "quarter_label": "2021-12 (Q4)",
      "revenue": 4797000000,
      "gross_profit": null,
      "operating_income": null,
      "net_income": 533000000,
      "opex": null,
      "cogs": null,
      "rd": null,
      "sga": null,
      "fcf": 1490000000,
      "ocf": 1490000000,
      "capex": null,
      "gross_margin": null,
      "op_margin": null,
      "fcf_margin": 0.31061079841567646,
      "rev_growth_yoy": 0.27241379310344827,
      "fcf_margin_change": 0.03209075730570732
    },
    {
      "date": "2022-03-31T00:00:00",
      "quarter_label": "2022-03 (Q1)",
      "revenue": 3165000000,
      "gross_profit": null,
      "operating_income": null,
      "net_income": 397000000,
      "opex": null,
      "cogs": null,
      "rd": null,
      "sga": null,
      "fcf": 667000000,
      "ocf": 667000000,
      "capex": null,
      "gross_margin": null,
      "op_margin": null,
      "fcf_margin": 0.21074249605055292,
      "rev_growth_yoy": 0.020967741935483872,
      "rev_growth_yoy_accel": -0.25144605116796437,
      "fcf_margin_change": -0.09986830236512353
    },
    {
      "date": "2022-06-30T00:00:00",
      "quarter_label": "2022-06 (Q2)",
      "revenue": 2631000000,
      "gross_profit": null,
      "operating_income": null,
      "net_income": 382000000,
      "opex": null,
      "cogs": null,
      "rd": null,
      "sga": null,
      "fcf": 828000000,
      "ocf": 828000000,
      "capex": null,
      "gross_margin": null,
      "op_margin": null,
      "fcf_margin": 0.314709236031927,
      "rev_growth_yoy": -0.3173326414115205,
      "rev_growth_yoy_accel": -0.3383003833470044,
      "fcf_margin_change": 0.1039667399813741
    },
    {
      "date": "2022-09-30T00:00:00",
      "quarter_label": "2022-09 (Q3)",
      "revenue": 3207000000,
      "gross_profit": null,
      "operating_income": null,
      "net_income": 289000000,
      "opex": null,
      "cogs": null,
      "rd": null,
      "sga": null,
      "fcf": 1482000000,
      "ocf": 1482000000,
      "capex": null,
      "gross_margin": null,
      "op_margin": null,
      "fcf_margin": 0.46211412535079516,
      "rev_growth_yoy": -0.17600205549845838,
      "rev_growth_yoy_accel": 0.14133058591306213,
      "fcf_margin_change": 0.14740488931886814
    },
    {
      "date": "2022-12-31T00:00:00",
      "quarter_label": "2022-12 (Q4)",
      "revenue": 2553000000,
      "gross_profit": null,
      "operating_income": null,
      "net_income": 68000000,
      "opex": null,
      "cogs": null,
      "rd": null,
      "sga": null,
      "fcf": 1378000000,
      "ocf": 1378000000,
      "capex": null,
      "gross_margin": null,
      "op_margin": null,
      "fcf_margin": 0.5397571484528007,
      "rev_growth_yoy": -0.46779237023139464,
      "rev_growth_yoy_accel": -0.29179031473293626,
      "fcf_margin_change": 0.07764302310200549
    },
    {
      "date": "2023-03-31T00:00:00",
      "quarter_label": "2023-03 (Q1)",
      "revenue": 2474000000,
      "gross_profit": null,
      "operating_income": null,
      "net_income": -59000000,
      "opex": null,
      "cogs": null,
      "rd": null,
      "sga": null,
      "fcf": 1418000000,
      "ocf": 1418000000,
      "capex": null,
      "gross_margin": null,
      "op_margin": null,
      "fcf_margin": 0.5731608730800324,
      "rev_growth_yoy": -0.2183254344391785,
      "rev_growth_yoy_accel": 0.24946693579221613,
      "fcf_margin_change": 0.033403724627231735
    },
    {
      "date": "2023-06-30T00:00:00",
      "quarter_label": "2023-06 (Q2)",
      "revenue": 3068000000,
      "gross_profit": null,
      "operating_income": null,
      "net_income": 219000000,
      "opex": null,
      "cogs": null,
      "rd": null,
      "sga": null,
      "fcf": 1721000000,
      "ocf": 1721000000,
      "capex": null,
      "gross_margin": null,
      "op_margin": null,
      "fcf_margin": 0.5609517601043025,
      "rev_growth_yoy": 0.1660965412390726,
      "rev_growth_yoy_accel": 0.3844219756782511,
      "fcf_margin_change": -0.012209112975729908
    },
    {
      "date": "2023-09-30T00:00:00",
      "quarter_label": "2023-09 (Q3)",
      "revenue": 2778000000,
      "gross_profit": null,
      "operating_income": null,
      "net_income": 426000000,
      "opex": null,
      "cogs": null,
      "rd": null,
      "sga": null,
      "fcf": 1076000000,
      "ocf": 1076000000,
      "capex": null,
      "gross_margin": null,
      "op_margin": null,
      "fcf_margin": 0.3873290136789057,
      "rev_growth_yoy": -0.13376987839101964,
      "rev_growth_yoy_accel": -0.29986641963009225,
      "fcf_margin_change": -0.17362274642539677
    },
    {
      "date": "2023-12-31T00:00:00",
      "quarter_label": "2023-12 (Q4)",
      "revenue": 3432000000,
      "gross_profit": null,
      "operating_income": null,
      "net_income": -69000000,
      "opex": null,
      "cogs": null,
      "rd": null,
      "sga": null,
      "fcf": 2263000000,
      "ocf": 2263000000,
      "capex": null,
      "gross_margin": null,
      "op_margin": null,
      "fcf_margin": 0.6593822843822844,
      "rev_growth_yoy": 0.34430082256169214,
      "rev_growth_yoy_accel": 0.47807070095271176,
      "fcf_margin_change": 0.2720532707033787
    },
    {
      "date": "2024-03-31T00:00:00",
      "quarter_label": "2024-03 (Q1)",
      "revenue": 3299000000,
      "gross_profit": null,
      "operating_income": null,
      "net_income": 248000000,
      "opex": null,
      "cogs": null,
      "rd": null,
      "sga": null,
      "fcf": 1591000000,
      "ocf": 1591000000,
      "capex": null,
      "gross_margin": null,
      "op_margin": null,
      "fcf_margin": 0.48226735374355867,
      "rev_growth_yoy": 0.33346806790622474,
      "rev_growth_yoy_accel": -0.010832754655467403,
      "fcf_margin_change": -0.17711493063872574
    },
    {
      "date": "2024-06-30T00:00:00",
      "quarter_label": "2024-06 (Q2)",
      "revenue": 3158000000,
      "gross_profit": null,
      "operating_income": null,
      "net_income": 306000000,
      "opex": null,
      "cogs": null,
      "rd": null,
      "sga": null,
      "fcf": 1363000000,
      "ocf": 1363000000,
      "capex": null,
      "gross_margin": null,
      "op_margin": null,
      "fcf_margin": 0.4316022799240025,
      "rev_growth_yoy": 0.029335071707953065,
      "rev_growth_yoy_accel": -0.30413299619827167,
      "fcf_margin_change": -0.05066507381955615
    },
    {
      "date": "2024-09-30T00:00:00",
      "quarter_label": "2024-09 (Q3)",
      "revenue": 3603000000,
      "gross_profit": null,
      "operating_income": null,
      "net_income": 266000000,
      "opex": null,
      "cogs": null,
      "rd": null,
      "sga": null,
      "fcf": 2366000000,
      "ocf": 2366000000,
      "capex": null,
      "gross_margin": null,
      "op_margin": null,
      "fcf_margin": 0.6566749930613378,
      "rev_growth_yoy": 0.296976241900648,
      "rev_growth_yoy_accel": 0.2676411701926949,
      "fcf_margin_change": 0.2250727131373353
    },
    {
      "date": "2024-12-31T00:00:00",
      "quarter_label": "2024-12 (Q4)",
      "revenue": 3621000000,
      "gross_profit": null,
      "operating_income": null,
      "net_income": 450000000,
      "opex": null,
      "cogs": null,
      "rd": null,
      "sga": null,
      "fcf": 1495000000,
      "ocf": 1495000000,
      "capex": null,
      "gross_margin": null,
      "op_margin": null,
      "fcf_margin": 0.41286937310135324,
      "rev_growth_yoy": 0.05506993006993007,
      "rev_growth_yoy_accel": -0.2419063118307179,
      "fcf_margin_change": -0.24380561995998457
    },
    {
      "date": "2025-03-31T00:00:00",
      "quarter_label": "2025-03 (Q1)",
      "revenue": 2729000000,
      "gross_profit": null,
      "operating_income": null,
      "net_income": 83000000,
      "opex": null,
      "cogs": null,
      "rd": null,
      "sga": null,
      "fcf": 1115000000,
      "ocf": 1115000000,
      "capex": null,
      "gross_margin": null,
      "op_margin": null,
      "fcf_margin": 0.40857456943935505,
      "rev_growth_yoy": -0.17277963019096695,
      "rev_growth_yoy_accel": -0.22784956026089703,
      "fcf_margin_change": -0.004294803661998192
    },
    {
      "date": "2025-06-30T00:00:00",
      "quarter_label": "2025-06 (Q2)",
      "revenue": 3635000000,
      "gross_profit": null,
      "operating_income": null,
      "net_income": 278000000,
      "opex": null,
      "cogs": null,
      "rd": null,
      "sga": null,
      "fcf": 1896000000,
      "ocf": 1896000000,
      "capex": null,
      "gross_margin": null,
      "op_margin": null,
      "fcf_margin": 0.5215955983493811,
      "rev_growth_yoy": 0.15104496516782773,
      "rev_growth_yoy_accel": 0.3238245953587947,
      "fcf_margin_change": 0.11302102891002602
    },
    {
      "date": "2025-09-30T00:00:00",
      "quarter_label": "2025-09 (Q3)",
      "revenue": 4030000000,
      "gross_profit": null,
      "operating_income": null,
      "net_income": 358000000,
      "opex": null,
      "cogs": null,
      "rd": null,
      "sga": null,
      "fcf": 1311000000,
      "ocf": 1311000000,
      "capex": null,
      "gross_margin": null,
      "op_margin": null,
      "fcf_margin": 0.32531017369727044,
      "rev_growth_yoy": 0.11851235081876214,
      "rev_growth_yoy_accel": -0.03253261434906558,
      "fcf_margin_change": -0.19628542465211063
    }
  ],
  "signals": [
    {
      "quarter": "2025-06 (Q2)",
      "signal": "FCF MARGIN EXPANSION",
      "detail": "FCF margin: +40.9% -> +52.2% (+11.3%)",
      "severity": "MEDIUM"
    },
    {
      "quarter": "2025-06 (Q2)",
      "signal": "YoY REVENUE GROWTH ACCELERATION",
      "detail": "YoY growth: +15.1% vs prior quarter YoY: -17.3% (accel: +32.4%)",
      "severity": "HIGH"
    },
    {
      "quarter": "2025-03 (Q1)",
      "signal": "YoY REVENUE GROWTH DECELERATION",
      "detail": "YoY growth: -17.3% vs prior quarter YoY: +5.5% (decel: -22.8%)",
      "severity": "WARNING"
    },
    {
      "quarter": "2024-12 (Q4)",
      "signal": "YoY REVENUE GROWTH DECELERATION",
      "detail": "YoY growth: +5.5% vs prior quarter YoY: +29.7% (decel: -24.2%)",
      "severity": "WARNING"
    },
    {
      "quarter": "2024-09 (Q3)",
      "signal": "FCF MARGIN EXPANSION",
      "detail": "FCF margin: +43.2% -> +65.7% (+22.5%)",
      "severity": "MEDIUM"
    },
    {
      "quarter": "2024-09 (Q3)",
      "signal": "YoY REVENUE GROWTH ACCELERATION",
      "detail": "YoY growth: +29.7% vs prior quarter YoY: +2.9% (accel: +26.8%)",
      "severity": "HIGH"
    },
    {
      "quarter": "2024-06 (Q2)",
      "signal": "YoY REVENUE GROWTH DECELERATION",
      "detail": "YoY growth: +2.9% vs prior quarter YoY: +33.3% (decel: -30.4%)",
      "severity": "WARNING"
    },
    {
      "quarter": "2023-12 (Q4)",
      "signal": "FCF MARGIN EXPANSION",
      "detail": "FCF margin: +38.7% -> +65.9% (+27.2%)",
      "severity": "MEDIUM"
    },
    {
      "quarter": "2023-12 (Q4)",
      "signal": "YoY REVENUE GROWTH ACCELERATION",
      "detail": "YoY growth: +34.4% vs prior quarter YoY: -13.4% (accel: +47.8%)",
      "severity": "HIGH"
    },
    {
      "quarter": "2023-09 (Q3)",
      "signal": "YoY REVENUE GROWTH DECELERATION",
      "detail": "YoY growth: -13.4% vs prior quarter YoY: +16.6% (decel: -30.0%)",
      "severity": "WARNING"
    },
    {
      "quarter": "2023-06 (Q2)",
      "signal": "YoY REVENUE GROWTH ACCELERATION",
      "detail": "YoY growth: +16.6% vs prior quarter YoY: -21.8% (accel: +38.4%)",
      "severity": "HIGH"
    },
    {
      "quarter": "2023-03 (Q1)",
      "signal": "YoY REVENUE GROWTH ACCELERATION",
      "detail": "YoY growth: -21.8% vs prior quarter YoY: -46.8% (accel: +24.9%)",
      "severity": "HIGH"
    },
    {
      "quarter": "2022-12 (Q4)",
      "signal": "FCF MARGIN EXPANSION",
      "detail": "FCF margin: +46.2% -> +54.0% (+7.8%)",
      "severity": "MEDIUM"
    },
    {
      "quarter": "2022-12 (Q4)",
      "signal": "YoY REVENUE GROWTH DECELERATION",
      "detail": "YoY growth: -46.8% vs prior quarter YoY: -17.6% (decel: -29.2%)",
      "severity": "WARNING"
    },
    {
      "quarter": "2022-09 (Q3)",
      "signal": "FCF MARGIN EXPANSION",
      "detail": "FCF margin: +31.5% -> +46.2% (+14.7%)",
      "severity": "MEDIUM"
    },
    {
      "quarter": "2022-09 (Q3)",
      "signal": "YoY REVENUE GROWTH ACCELERATION",
      "detail": "YoY growth: -17.6% vs prior quarter YoY: -31.7% (accel: +14.1%)",
      "severity": "MEDIUM"
    },
    {
      "quarter": "2022-06 (Q2)",
      "signal": "FCF MARGIN EXPANSION",
      "detail": "FCF margin: +21.1% -> +31.5% (+10.4%)",
      "severity": "MEDIUM"
    },
    {
      "quarter": "2022-06 (Q2)",
      "signal": "YoY REVENUE GROWTH DECELERATION",
      "detail": "YoY growth: -31.7% vs prior quarter YoY: +2.1% (decel: -33.8%)",
      "severity": "WARNING"
    },
    {
      "quarter": "2022-03 (Q1)",
      "signal": "YoY REVENUE GROWTH DECELERATION",
      "detail": "YoY growth: +2.1% vs prior quarter YoY: +27.2% (decel: -25.1%)",
      "severity": "WARNING"
    },
    {
      "quarter": "2021-09 (Q3)",
      "signal": "FCF MARGIN EXPANSION",
      "detail": "FCF margin: +22.1% -> +27.9% (+5.8%)",
      "severity": "MEDIUM"
    },
    {
      "quarter": "2021-03 (Q1)",
      "signal": "FCF MARGIN EXPANSION",
      "detail": "FCF margin: +16.3% -> +21.5% (+5.2%)",
      "severity": "MEDIUM"
    }
  ],
  "data_quality": {
    "n_quarters": 20,
    "coverage": {
      "revenue": [
        20,
        20
      ],
      "gross_profit": [
        0,
        20
      ],
      "op_income": [
        0,
        20
      ],
      "fcf": [
        20,
        20
      ]
    },
    "gaps": [],
    "warnings": [
      "gross_profit: no data",
      "op_income: no data"
    ]
  },
  "market_cap": null,
  "source": "SEC EDGAR",
  "last_updated": "2026-02-02T20:26:50.763734",
  "sector": "Financial Services",
  "industry": "Insurance - Specialty"
}