{
  "ticker": "FOA",
  "name": "FINANCE OF AMERICA COMPANIES INC.",
  "quarters": [
    {
      "date": "2020-09-30T00:00:00",
      "quarter_label": "2020-09 (Q3)",
      "revenue": 607258000,
      "gross_profit": null,
      "operating_income": -1058292,
      "net_income": -2077739,
      "opex": 362369000,
      "cogs": null,
      "rd": null,
      "sga": null,
      "fcf": null,
      "ocf": null,
      "capex": -1482000,
      "gross_margin": null,
      "op_margin": -0.0017427386712072957,
      "fcf_margin": null
    },
    {
      "date": "2020-12-31T00:00:00",
      "quarter_label": "2020-12 (Q4)",
      "revenue": 539154000,
      "gross_profit": null,
      "operating_income": -1071213,
      "net_income": -15266346,
      "opex": 382344000,
      "cogs": null,
      "rd": null,
      "sga": null,
      "fcf": -312734000,
      "ocf": -309318000,
      "capex": -3416000,
      "gross_margin": null,
      "op_margin": -0.001986840494552577,
      "fcf_margin": -0.5800457754185261
    },
    {
      "date": "2021-03-31T00:00:00",
      "quarter_label": "2021-03 (Q1)",
      "revenue": 507663000,
      "gross_profit": null,
      "operating_income": -9138787,
      "net_income": 810705,
      "opex": 373344000,
      "cogs": null,
      "rd": null,
      "sga": null,
      "fcf": 113865000,
      "ocf": 118043000,
      "capex": -4178000,
      "gross_margin": null,
      "op_margin": -0.018001680248511315,
      "fcf_margin": 0.2242924932484739,
      "fcf_margin_change": 0.804338268667
    },
    {
      "date": "2021-06-30T00:00:00",
      "quarter_label": "2021-06 (Q2)",
      "revenue": 389117000,
      "gross_profit": null,
      "operating_income": null,
      "net_income": 2265000,
      "opex": 400752000,
      "cogs": null,
      "rd": null,
      "sga": null,
      "fcf": -14567000,
      "ocf": -9652000,
      "capex": -4915000,
      "gross_margin": null,
      "op_margin": null,
      "fcf_margin": -0.03743604108789901,
      "fcf_margin_change": -0.2617285343363729
    },
    {
      "date": "2021-09-30T00:00:00",
      "quarter_label": "2021-09 (Q3)",
      "revenue": 456500000,
      "gross_profit": null,
      "operating_income": null,
      "net_income": 21384000,
      "opex": 411878000,
      "cogs": null,
      "rd": null,
      "sga": null,
      "fcf": -66682000,
      "ocf": -62961000,
      "capex": -3721000,
      "gross_margin": null,
      "op_margin": null,
      "fcf_margin": -0.1460722891566265,
      "rev_growth_yoy": -0.24826021229856174,
      "op_leverage_ratio": 6.237445736292061,
      "fcf_margin_change": -0.1086362480687275
    },
    {
      "date": "2022-03-31T00:00:00",
      "quarter_label": "2022-03 (Q1)",
      "revenue": 267434000,
      "gross_profit": null,
      "operating_income": null,
      "net_income": -8493000,
      "opex": 349536000,
      "cogs": null,
      "rd": null,
      "sga": null,
      "fcf": 319565000,
      "ocf": 323741000,
      "capex": -4176000,
      "gross_margin": null,
      "op_margin": null,
      "fcf_margin": 1.1949303379525416,
      "rev_growth_yoy": -0.4732056502049588,
      "rev_growth_yoy_accel": -0.22494543790639707,
      "fcf_margin_change": 1.3410026271091682
    },
    {
      "date": "2022-06-30T00:00:00",
      "quarter_label": "2022-06 (Q2)",
      "revenue": 141118000,
      "gross_profit": null,
      "operating_income": null,
      "net_income": -40680000,
      "opex": 325013000,
      "cogs": null,
      "rd": null,
      "sga": null,
      "fcf": 427670000,
      "ocf": 430919000,
      "capex": -3249000,
      "gross_margin": null,
      "op_margin": null,
      "fcf_margin": 3.0305843336781986,
      "rev_growth_yoy": -0.6373378701007666,
      "rev_growth_yoy_accel": -0.16413221989580778,
      "fcf_margin_change": 1.835653995725657
    },
    {
      "date": "2022-09-30T00:00:00",
      "quarter_label": "2022-09 (Q3)",
      "revenue": 71101000,
      "gross_profit": null,
      "operating_income": null,
      "net_income": -84486000,
      "opex": 258921000,
      "cogs": null,
      "rd": null,
      "sga": null,
      "fcf": 304585000,
      "ocf": 306355000,
      "capex": -1770000,
      "gross_margin": null,
      "op_margin": null,
      "fcf_margin": 4.2838356703843825,
      "rev_growth_yoy": -0.8442475355969332,
      "rev_growth_yoy_accel": -0.20690966549616663,
      "fcf_margin_change": 1.253251336706184
    },
    {
      "date": "2022-12-31T00:00:00",
      "quarter_label": "2022-12 (Q4)",
      "revenue": 93587000,
      "gross_profit": null,
      "operating_income": null,
      "net_income": -57023000,
      "opex": 215144000,
      "cogs": null,
      "rd": null,
      "sga": null,
      "fcf": 344763000,
      "ocf": 346804000,
      "capex": -2041000,
      "gross_margin": null,
      "op_margin": null,
      "fcf_margin": 3.6838770342034683,
      "op_leverage_ratio": Infinity,
      "fcf_margin_change": -0.5999586361809142
    },
    {
      "date": "2023-03-31T00:00:00",
      "quarter_label": "2023-03 (Q1)",
      "revenue": 140855000,
      "gross_profit": null,
      "operating_income": null,
      "net_income": 3054000,
      "opex": 83777000,
      "cogs": null,
      "rd": null,
      "sga": null,
      "fcf": 219895000,
      "ocf": 221818000,
      "capex": -1923000,
      "gross_margin": null,
      "op_margin": null,
      "fcf_margin": 1.5611444393170282,
      "rev_growth_yoy": -0.47330930248210773,
      "op_leverage_ratio": Infinity,
      "fcf_margin_change": -2.12273259488644
    },
    {
      "date": "2023-06-30T00:00:00",
      "quarter_label": "2023-06 (Q2)",
      "revenue": -111897000,
      "gross_profit": null,
      "operating_income": null,
      "net_income": -79140000,
      "opex": 110005000,
      "cogs": null,
      "rd": null,
      "sga": null,
      "fcf": -106136000,
      "ocf": -106136000,
      "capex": null,
      "gross_margin": null,
      "op_margin": null,
      "fcf_margin": 0.948515152327587,
      "rev_growth_yoy": -1.7929321560679714,
      "rev_growth_yoy_accel": -1.3196228535858636,
      "fcf_margin_change": -0.6126292869894412
    },
    {
      "date": "2023-09-30T00:00:00",
      "quarter_label": "2023-09 (Q3)",
      "revenue": -70440000,
      "gross_profit": null,
      "operating_income": null,
      "net_income": -65363000,
      "opex": 105426000,
      "cogs": null,
      "rd": null,
      "sga": null,
      "fcf": -125915000,
      "ocf": -125915000,
      "capex": null,
      "gross_margin": null,
      "op_margin": null,
      "fcf_margin": 1.787549687677456,
      "rev_growth_yoy": -1.9907033656348012,
      "rev_growth_yoy_accel": -0.1977712095668298,
      "fcf_margin_change": 0.8390345353498689
    },
    {
      "date": "2023-12-31T00:00:00",
      "quarter_label": "2023-12 (Q4)",
      "revenue": 275732000,
      "gross_profit": null,
      "operating_income": null,
      "net_income": 61361000,
      "opex": 92799000,
      "cogs": null,
      "rd": null,
      "sga": null,
      "fcf": -61335000,
      "ocf": -61335000,
      "capex": null,
      "gross_margin": null,
      "op_margin": null,
      "fcf_margin": -0.22244425746739588,
      "rev_growth_yoy": 1.9462639041747252,
      "rev_growth_yoy_accel": 3.9369672698095264,
      "fcf_margin_change": -2.009993945144852
    },
    {
      "date": "2024-03-31T00:00:00",
      "quarter_label": "2024-03 (Q1)",
      "revenue": 74682000,
      "gross_profit": null,
      "operating_income": null,
      "net_income": -7538000,
      "opex": 91315000,
      "cogs": null,
      "rd": null,
      "sga": null,
      "fcf": -132704000,
      "ocf": -132243000,
      "capex": -461000,
      "gross_margin": null,
      "op_margin": null,
      "fcf_margin": -1.7769208109049035,
      "rev_growth_yoy": -0.4697951794398495,
      "rev_growth_yoy_accel": -2.4160590836145746,
      "fcf_margin_change": -1.5544765534375076
    },
    {
      "date": "2024-06-30T00:00:00",
      "quarter_label": "2024-06 (Q2)",
      "revenue": 79039000,
      "gross_profit": null,
      "operating_income": null,
      "net_income": -2089000,
      "opex": 85047000,
      "cogs": null,
      "rd": null,
      "sga": null,
      "fcf": -103998000,
      "ocf": -103998000,
      "capex": null,
      "gross_margin": null,
      "op_margin": null,
      "fcf_margin": -1.3157808170649932,
      "op_leverage_ratio": Infinity,
      "fcf_margin_change": 0.46113999383991033
    },
    {
      "date": "2024-09-30T00:00:00",
      "quarter_label": "2024-09 (Q3)",
      "revenue": 290073000,
      "gross_profit": null,
      "operating_income": null,
      "net_income": 84203000,
      "opex": 80308000,
      "cogs": null,
      "rd": null,
      "sga": null,
      "fcf": -81369000,
      "ocf": -81369000,
      "capex": null,
      "gross_margin": null,
      "op_margin": null,
      "fcf_margin": -0.2805121469423214,
      "op_leverage_ratio": Infinity,
      "fcf_margin_change": 1.0352686701226719
    },
    {
      "date": "2024-12-31T00:00:00",
      "quarter_label": "2024-12 (Q4)",
      "revenue": -105623000,
      "gross_profit": null,
      "operating_income": null,
      "net_income": -59088000,
      "opex": 87056000,
      "cogs": null,
      "rd": null,
      "sga": null,
      "fcf": -106205000,
      "ocf": -106205000,
      "capex": null,
      "gross_margin": null,
      "op_margin": null,
      "fcf_margin": 1.0055101635060546,
      "rev_growth_yoy": -1.3830639896711299,
      "fcf_margin_change": 1.286022310448376
    },
    {
      "date": "2025-03-31T00:00:00",
      "quarter_label": "2025-03 (Q1)",
      "revenue": 165695000,
      "gross_profit": null,
      "operating_income": null,
      "net_income": 30209000,
      "opex": 86369000,
      "cogs": null,
      "rd": null,
      "sga": null,
      "fcf": -92082000,
      "ocf": -92082000,
      "capex": null,
      "gross_margin": null,
      "op_margin": null,
      "fcf_margin": -0.5557319170765563,
      "rev_growth_yoy": 1.218673843764227,
      "rev_growth_yoy_accel": 2.601737833435357,
      "fcf_margin_change": -1.5612420805826108
    },
    {
      "date": "2025-06-30T00:00:00",
      "quarter_label": "2025-06 (Q2)",
      "revenue": 177376000,
      "gross_profit": null,
      "operating_income": null,
      "net_income": 34923000,
      "opex": 89060000,
      "cogs": null,
      "rd": null,
      "sga": null,
      "fcf": -96473000,
      "ocf": -96473000,
      "capex": null,
      "gross_margin": null,
      "op_margin": null,
      "fcf_margin": -0.5438898159841241,
      "rev_growth_yoy": 1.244157947342451,
      "rev_growth_yoy_accel": 0.02548410357822406,
      "op_leverage_ratio": 2.262636631988125,
      "fcf_margin_change": 0.011842101092432222
    },
    {
      "date": "2025-09-30T00:00:00",
      "quarter_label": "2025-09 (Q3)",
      "revenue": 80848000,
      "gross_profit": null,
      "operating_income": null,
      "net_income": -9515000,
      "opex": 104594000,
      "cogs": null,
      "rd": null,
      "sga": null,
      "fcf": -149748000,
      "ocf": -149748000,
      "capex": null,
      "gross_margin": null,
      "op_margin": null,
      "fcf_margin": -1.852216505046507,
      "rev_growth_yoy": -0.7212839526601924,
      "rev_growth_yoy_accel": -1.9654419000026435,
      "fcf_margin_change": -1.3083266890623828
    }
  ],
  "signals": [
    {
      "quarter": "2025-09 (Q3)",
      "signal": "YoY REVENUE GROWTH DECELERATION",
      "detail": "YoY growth: -72.1% vs prior quarter YoY: +124.4% (decel: -196.5%)",
      "severity": "WARNING"
    },
    {
      "quarter": "2025-06 (Q2)",
      "signal": "OPERATING LEVERAGE",
      "detail": "Rev growth +7.0% vs OpEx growth +3.1% (leverage: 2.3x)",
      "severity": "MEDIUM"
    },
    {
      "quarter": "2025-03 (Q1)",
      "signal": "YoY REVENUE GROWTH ACCELERATION",
      "detail": "YoY growth: +121.9% vs prior quarter YoY: -138.3% (accel: +260.2%)",
      "severity": "HIGH"
    },
    {
      "quarter": "2024-12 (Q4)",
      "signal": "FCF TURNED POSITIVE",
      "detail": "FCF margin: -28.1% -> +100.6%",
      "severity": "HIGH"
    },
    {
      "quarter": "2024-09 (Q3)",
      "signal": "FCF MARGIN EXPANSION",
      "detail": "FCF margin: -131.6% -> -28.1% (+103.5%)",
      "severity": "MEDIUM"
    },
    {
      "quarter": "2024-06 (Q2)",
      "signal": "FCF MARGIN EXPANSION",
      "detail": "FCF margin: -177.7% -> -131.6% (+46.1%)",
      "severity": "MEDIUM"
    },
    {
      "quarter": "2024-03 (Q1)",
      "signal": "YoY REVENUE GROWTH DECELERATION",
      "detail": "YoY growth: -47.0% vs prior quarter YoY: +194.6% (decel: -241.6%)",
      "severity": "WARNING"
    },
    {
      "quarter": "2023-12 (Q4)",
      "signal": "YoY REVENUE GROWTH ACCELERATION",
      "detail": "YoY growth: +194.6% vs prior quarter YoY: -199.1% (accel: +393.7%)",
      "severity": "HIGH"
    },
    {
      "quarter": "2023-09 (Q3)",
      "signal": "FCF MARGIN EXPANSION",
      "detail": "FCF margin: +94.9% -> +178.8% (+83.9%)",
      "severity": "MEDIUM"
    },
    {
      "quarter": "2023-09 (Q3)",
      "signal": "YoY REVENUE GROWTH DECELERATION",
      "detail": "YoY growth: -199.1% vs prior quarter YoY: -179.3% (decel: -19.8%)",
      "severity": "WARNING"
    },
    {
      "quarter": "2023-06 (Q2)",
      "signal": "YoY REVENUE GROWTH DECELERATION",
      "detail": "YoY growth: -179.3% vs prior quarter YoY: -47.3% (decel: -132.0%)",
      "severity": "WARNING"
    },
    {
      "quarter": "2022-09 (Q3)",
      "signal": "FCF MARGIN EXPANSION",
      "detail": "FCF margin: +303.1% -> +428.4% (+125.3%)",
      "severity": "MEDIUM"
    },
    {
      "quarter": "2022-09 (Q3)",
      "signal": "YoY REVENUE GROWTH DECELERATION",
      "detail": "YoY growth: -84.4% vs prior quarter YoY: -63.7% (decel: -20.7%)",
      "severity": "WARNING"
    },
    {
      "quarter": "2022-06 (Q2)",
      "signal": "FCF MARGIN EXPANSION",
      "detail": "FCF margin: +119.5% -> +303.1% (+183.6%)",
      "severity": "MEDIUM"
    },
    {
      "quarter": "2022-06 (Q2)",
      "signal": "YoY REVENUE GROWTH DECELERATION",
      "detail": "YoY growth: -63.7% vs prior quarter YoY: -47.3% (decel: -16.4%)",
      "severity": "WARNING"
    },
    {
      "quarter": "2022-03 (Q1)",
      "signal": "FCF TURNED POSITIVE",
      "detail": "FCF margin: -14.6% -> +119.5%",
      "severity": "HIGH"
    },
    {
      "quarter": "2022-03 (Q1)",
      "signal": "YoY REVENUE GROWTH DECELERATION",
      "detail": "YoY growth: -47.3% vs prior quarter YoY: -24.8% (decel: -22.5%)",
      "severity": "WARNING"
    },
    {
      "quarter": "2021-09 (Q3)",
      "signal": "OPERATING LEVERAGE",
      "detail": "Rev growth +17.3% vs OpEx growth +2.8% (leverage: 6.2x)",
      "severity": "MEDIUM"
    },
    {
      "quarter": "2021-03 (Q1)",
      "signal": "FCF TURNED POSITIVE",
      "detail": "FCF margin: -58.0% -> +22.4%",
      "severity": "HIGH"
    }
  ],
  "data_quality": {
    "n_quarters": 20,
    "coverage": {
      "revenue": [
        20,
        20
      ],
      "gross_profit": [
        0,
        20
      ],
      "op_income": [
        3,
        20
      ],
      "fcf": [
        19,
        20
      ]
    },
    "gaps": [
      [
        "2021-09 (Q3)",
        "2022-03 (Q1)",
        182
      ]
    ],
    "warnings": [
      "gross_profit: no data",
      "op_income: 3/20Q",
      "gap: 1Q missing between 2021-09 (Q3) and 2022-03 (Q1)"
    ]
  },
  "market_cap": null,
  "source": "SEC EDGAR",
  "last_updated": "2026-02-02T22:51:24.732702"
}