{
  "ticker": "FONR",
  "name": "FONAR CORPORATION",
  "sector": "Healthcare",
  "industry": "Diagnostics & Research",
  "quarters": [
    {
      "date": "2021-03-31T00:00:00",
      "quarter_label": "2021-03 (Q1)",
      "revenue": 227000,
      "gross_profit": null,
      "operating_income": null,
      "net_income": 3868000,
      "opex": 18968000,
      "cogs": null,
      "rd": 419000,
      "sga": 6114000,
      "fcf": 2789000,
      "ocf": 3588000,
      "capex": -799000,
      "gross_margin": null,
      "op_margin": null,
      "fcf_margin": 12.286343612334802
    },
    {
      "date": "2021-06-30T00:00:00",
      "quarter_label": "2021-06 (Q2)",
      "revenue": 89264765,
      "gross_profit": null,
      "operating_income": null,
      "net_income": 720588,
      "opex": 20852150,
      "cogs": null,
      "rd": 392979,
      "sga": 7922044,
      "fcf": 5356910,
      "ocf": 5948001,
      "capex": -591091,
      "gross_margin": null,
      "op_margin": null,
      "fcf_margin": 0.060011472611841865,
      "op_leverage_ratio": 3948.7029031541933,
      "fcf_margin_change": -12.22633213972296
    },
    {
      "date": "2021-09-30T00:00:00",
      "quarter_label": "2021-09 (Q3)",
      "revenue": 23730000,
      "gross_profit": null,
      "operating_income": null,
      "net_income": 3887000,
      "opex": 17989000,
      "cogs": null,
      "rd": 386000,
      "sga": 5090000,
      "fcf": 61000,
      "ocf": 1241000,
      "capex": -1180000,
      "gross_margin": null,
      "op_margin": null,
      "fcf_margin": 0.0025705857564264642,
      "fcf_margin_change": -0.0574408868554154
    },
    {
      "date": "2021-12-31T00:00:00",
      "quarter_label": "2021-12 (Q4)",
      "revenue": 24479000,
      "gross_profit": null,
      "operating_income": null,
      "net_income": 4020000,
      "opex": 17996000,
      "cogs": null,
      "rd": 370000,
      "sga": 4770000,
      "fcf": 3628000,
      "ocf": 4554000,
      "capex": -926000,
      "gross_margin": null,
      "op_margin": null,
      "fcf_margin": 0.1482086686547653,
      "op_leverage_ratio": null,
      "fcf_margin_change": 0.14563808289833885
    },
    {
      "date": "2022-03-31T00:00:00",
      "quarter_label": "2022-03 (Q1)",
      "revenue": 24571000,
      "gross_profit": null,
      "operating_income": null,
      "net_income": 2291000,
      "opex": 18933000,
      "cogs": null,
      "rd": 354000,
      "sga": 6068000,
      "fcf": 2621000,
      "ocf": 4322000,
      "capex": -1701000,
      "gross_margin": null,
      "op_margin": null,
      "fcf_margin": 0.10667046518253226,
      "rev_growth_yoy": 107.24229074889868,
      "fcf_margin_change": -0.041538203472233054
    },
    {
      "date": "2022-06-30T00:00:00",
      "quarter_label": "2022-06 (Q2)",
      "revenue": 24812145,
      "gross_profit": null,
      "operating_income": null,
      "net_income": 2242906,
      "opex": 20667963,
      "cogs": null,
      "rd": 385181,
      "sga": 7584581,
      "fcf": 4446068,
      "ocf": 5184360,
      "capex": -738292,
      "gross_margin": null,
      "op_margin": null,
      "fcf_margin": 0.17918918336161585,
      "rev_growth_yoy": -0.7220387573977257,
      "rev_growth_yoy_accel": -107.96432950629641,
      "fcf_margin_change": 0.07251871817908359
    },
    {
      "date": "2022-09-30T00:00:00",
      "quarter_label": "2022-09 (Q3)",
      "revenue": 23191000,
      "gross_profit": null,
      "operating_income": null,
      "net_income": 2047000,
      "opex": 19280000,
      "cogs": null,
      "rd": 349000,
      "sga": 6334000,
      "fcf": 1758000,
      "ocf": 2697000,
      "capex": -939000,
      "gross_margin": null,
      "op_margin": null,
      "fcf_margin": 0.07580526928549869,
      "rev_growth_yoy": -0.02271386430678466,
      "rev_growth_yoy_accel": 0.699324893090941,
      "fcf_margin_change": -0.10338391407611716
    },
    {
      "date": "2022-12-31T00:00:00",
      "quarter_label": "2022-12 (Q4)",
      "revenue": 24256000,
      "gross_profit": null,
      "operating_income": null,
      "net_income": 2232000,
      "opex": 20024000,
      "cogs": null,
      "rd": 342000,
      "sga": 6598000,
      "fcf": 2742000,
      "ocf": 3165000,
      "capex": -423000,
      "gross_margin": null,
      "op_margin": null,
      "fcf_margin": 0.11304419525065963,
      "rev_growth_yoy": -0.009109849258548143,
      "rev_growth_yoy_accel": 0.013604015048236518,
      "op_leverage_ratio": 1.1900473070059159,
      "fcf_margin_change": 0.03723892596516094
    },
    {
      "date": "2023-03-31T00:00:00",
      "quarter_label": "2023-03 (Q1)",
      "revenue": 25422000,
      "gross_profit": null,
      "operating_income": null,
      "net_income": 3860000,
      "opex": 21255000,
      "cogs": null,
      "rd": 435000,
      "sga": 7143000,
      "fcf": 2096000,
      "ocf": 4287000,
      "capex": -2191000,
      "gross_margin": null,
      "op_margin": null,
      "fcf_margin": 0.08244827314924082,
      "rev_growth_yoy": 0.03463432501729681,
      "rev_growth_yoy_accel": 0.043744174275844955,
      "op_leverage_ratio": 0.7819376957189921,
      "fcf_margin_change": -0.030595922101418815
    },
    {
      "date": "2023-06-30T00:00:00",
      "quarter_label": "2023-06 (Q2)",
      "revenue": 25776101,
      "gross_profit": null,
      "operating_income": null,
      "net_income": 1236776,
      "opex": 23295839,
      "cogs": null,
      "rd": 441749,
      "sga": 9316932,
      "fcf": 3653046,
      "ocf": 4318130,
      "capex": -665084,
      "gross_margin": null,
      "op_margin": null,
      "fcf_margin": 0.14172221004255064,
      "rev_growth_yoy": 0.03885016793187369,
      "rev_growth_yoy_accel": 0.004215842914576877,
      "op_leverage_ratio": 0.14506739191822174,
      "fcf_margin_change": 0.05927393689330983
    },
    {
      "date": "2023-09-30T00:00:00",
      "quarter_label": "2023-09 (Q3)",
      "revenue": 25838000,
      "gross_profit": null,
      "operating_income": null,
      "net_income": 4106000,
      "opex": 19267000,
      "cogs": null,
      "rd": 467000,
      "sga": 4866000,
      "fcf": 2555000,
      "ocf": 2618000,
      "capex": -63000,
      "gross_margin": null,
      "op_margin": null,
      "fcf_margin": 0.0988853626441675,
      "rev_growth_yoy": 0.1141391056875512,
      "rev_growth_yoy_accel": 0.07528893775567752,
      "fcf_margin_change": -0.04283684739838314
    },
    {
      "date": "2023-12-31T00:00:00",
      "quarter_label": "2023-12 (Q4)",
      "revenue": 25386000,
      "gross_profit": null,
      "operating_income": null,
      "net_income": 3759000,
      "opex": 20501000,
      "cogs": null,
      "rd": 416000,
      "sga": 5587000,
      "fcf": 3942000,
      "ocf": 4071000,
      "capex": -129000,
      "gross_margin": null,
      "op_margin": null,
      "fcf_margin": 0.1552824391396833,
      "rev_growth_yoy": 0.04658641160949868,
      "rev_growth_yoy_accel": -0.06755269407805252,
      "fcf_margin_change": 0.056397076495515785
    },
    {
      "date": "2024-03-31T00:00:00",
      "quarter_label": "2024-03 (Q1)",
      "revenue": 25718000,
      "gross_profit": null,
      "operating_income": null,
      "net_income": 1872000,
      "opex": 21972000,
      "cogs": null,
      "rd": 414000,
      "sga": 7593000,
      "fcf": 2624000,
      "ocf": 2807000,
      "capex": -183000,
      "gross_margin": null,
      "op_margin": null,
      "fcf_margin": 0.10202970682012598,
      "rev_growth_yoy": 0.011643458421839352,
      "rev_growth_yoy_accel": -0.03494295318765933,
      "op_leverage_ratio": 0.18226621748778066,
      "fcf_margin_change": -0.05325273231955731
    },
    {
      "date": "2024-06-30T00:00:00",
      "quarter_label": "2024-06 (Q2)",
      "revenue": 25943089,
      "gross_profit": null,
      "operating_income": null,
      "net_income": 830396,
      "opex": 24609725,
      "cogs": null,
      "rd": 438949,
      "sga": 8822732,
      "fcf": 4182333,
      "ocf": 4597294,
      "capex": -414961,
      "gross_margin": null,
      "op_margin": null,
      "fcf_margin": 0.1612118356453235,
      "rev_growth_yoy": 0.006478404162056938,
      "rev_growth_yoy_accel": -0.005165054259782414,
      "fcf_margin_change": 0.05918212882519751
    },
    {
      "date": "2024-09-30T00:00:00",
      "quarter_label": "2024-09 (Q3)",
      "revenue": 24960000,
      "gross_profit": null,
      "operating_income": null,
      "net_income": 3135000,
      "opex": 20354000,
      "cogs": null,
      "rd": 307000,
      "sga": 5130000,
      "fcf": -148000,
      "ocf": 1657000,
      "capex": -1805000,
      "gross_margin": null,
      "op_margin": null,
      "fcf_margin": -0.005929487179487179,
      "rev_growth_yoy": -0.03398095827850453,
      "rev_growth_yoy_accel": -0.04045936244056147,
      "fcf_margin_change": -0.16714132282481067
    },
    {
      "date": "2024-12-31T00:00:00",
      "quarter_label": "2024-12 (Q4)",
      "revenue": 24950000,
      "gross_profit": null,
      "operating_income": null,
      "net_income": 1964000,
      "opex": 22515000,
      "cogs": null,
      "rd": 376000,
      "sga": 6927000,
      "fcf": 1495000,
      "ocf": 2242000,
      "capex": -747000,
      "gross_margin": null,
      "op_margin": null,
      "fcf_margin": 0.05991983967935872,
      "rev_growth_yoy": -0.017174820767352085,
      "rev_growth_yoy_accel": 0.016806137511152446,
      "fcf_margin_change": 0.0658493268588459
    },
    {
      "date": "2025-03-31T00:00:00",
      "quarter_label": "2025-03 (Q1)",
      "revenue": 27165000,
      "gross_profit": null,
      "operating_income": null,
      "net_income": 2506000,
      "opex": 23503000,
      "cogs": null,
      "rd": 441000,
      "sga": 7991000,
      "fcf": 2553000,
      "ocf": 3146000,
      "capex": -593000,
      "gross_margin": null,
      "op_margin": null,
      "fcf_margin": 0.0939812258420762,
      "rev_growth_yoy": 0.056264095186250876,
      "rev_growth_yoy_accel": 0.07343891595360297,
      "op_leverage_ratio": 2.023103900107908,
      "fcf_margin_change": 0.034061386162717484
    },
    {
      "date": "2025-06-30T00:00:00",
      "quarter_label": "2025-06 (Q2)",
      "revenue": 27276318,
      "gross_profit": null,
      "operating_income": null,
      "net_income": 729261,
      "opex": 26381561,
      "cogs": null,
      "rd": 452086,
      "sga": 9679163,
      "fcf": 3573301,
      "ocf": 4219882,
      "capex": -646581,
      "gross_margin": null,
      "op_margin": null,
      "fcf_margin": 0.1310037887078454,
      "rev_growth_yoy": 0.05139052639413911,
      "rev_growth_yoy_accel": -0.004873568792111767,
      "fcf_margin_change": 0.0370225628657692
    },
    {
      "date": "2025-09-30T00:00:00",
      "quarter_label": "2025-09 (Q3)",
      "revenue": 26043000,
      "gross_profit": null,
      "operating_income": null,
      "net_income": 2264000,
      "opex": 22849000,
      "cogs": null,
      "rd": 440000,
      "sga": 6813000,
      "fcf": -177000,
      "ocf": 1689000,
      "capex": -1866000,
      "gross_margin": null,
      "op_margin": null,
      "fcf_margin": -0.006796452021656491,
      "rev_growth_yoy": 0.043389423076923075,
      "rev_growth_yoy_accel": -0.008001103317216034,
      "fcf_margin_change": -0.1378002407295019
    },
    {
      "date": "2025-12-31T00:00:00",
      "quarter_label": "2025-12 (Q4)",
      "revenue": 25547000,
      "gross_profit": null,
      "operating_income": null,
      "net_income": 2056000,
      "opex": 22547000,
      "cogs": null,
      "rd": 455000,
      "sga": 6239000,
      "fcf": -227000,
      "ocf": 171000,
      "capex": -398000,
      "gross_margin": null,
      "op_margin": null,
      "fcf_margin": -0.008885583434454144,
      "rev_growth_yoy": 0.023927855711422846,
      "rev_growth_yoy_accel": -0.01946156736550023,
      "fcf_margin_change": -0.002089131412797652
    }
  ],
  "signals": [
    {
      "quarter": "2025-03 (Q1)",
      "signal": "OPERATING LEVERAGE",
      "detail": "Rev growth +8.9% vs OpEx growth +4.4% (leverage: 2.0x)",
      "severity": "MEDIUM"
    },
    {
      "quarter": "2025-03 (Q1)",
      "signal": "YoY REVENUE GROWTH ACCELERATION",
      "detail": "YoY growth: +5.6% vs prior quarter YoY: -1.7% (accel: +7.3%)",
      "severity": "MEDIUM"
    },
    {
      "quarter": "2024-12 (Q4)",
      "signal": "FCF TURNED POSITIVE",
      "detail": "FCF margin: -0.6% -> +6.0%",
      "severity": "HIGH"
    },
    {
      "quarter": "2024-06 (Q2)",
      "signal": "FCF MARGIN EXPANSION",
      "detail": "FCF margin: +10.2% -> +16.1% (+5.9%)",
      "severity": "MEDIUM"
    },
    {
      "quarter": "2023-12 (Q4)",
      "signal": "FCF MARGIN EXPANSION",
      "detail": "FCF margin: +9.9% -> +15.5% (+5.6%)",
      "severity": "MEDIUM"
    },
    {
      "quarter": "2023-12 (Q4)",
      "signal": "YoY REVENUE GROWTH DECELERATION",
      "detail": "YoY growth: +4.7% vs prior quarter YoY: +11.4% (decel: -6.8%)",
      "severity": "WARNING"
    },
    {
      "quarter": "2023-09 (Q3)",
      "signal": "YoY REVENUE GROWTH ACCELERATION",
      "detail": "YoY growth: +11.4% vs prior quarter YoY: +3.9% (accel: +7.5%)",
      "severity": "MEDIUM"
    },
    {
      "quarter": "2023-06 (Q2)",
      "signal": "FCF MARGIN EXPANSION",
      "detail": "FCF margin: +8.2% -> +14.2% (+5.9%)",
      "severity": "MEDIUM"
    },
    {
      "quarter": "2022-09 (Q3)",
      "signal": "YoY REVENUE GROWTH ACCELERATION",
      "detail": "YoY growth: -2.3% vs prior quarter YoY: -72.2% (accel: +69.9%)",
      "severity": "HIGH"
    },
    {
      "quarter": "2022-06 (Q2)",
      "signal": "FCF MARGIN EXPANSION",
      "detail": "FCF margin: +10.7% -> +17.9% (+7.3%)",
      "severity": "MEDIUM"
    },
    {
      "quarter": "2022-06 (Q2)",
      "signal": "YoY REVENUE GROWTH DECELERATION",
      "detail": "YoY growth: -72.2% vs prior quarter YoY: +10724.2% (decel: -10796.4%)",
      "severity": "WARNING"
    },
    {
      "quarter": "2021-12 (Q4)",
      "signal": "FCF MARGIN EXPANSION",
      "detail": "FCF margin: +0.3% -> +14.8% (+14.6%)",
      "severity": "MEDIUM"
    },
    {
      "quarter": "2021-12 (Q4)",
      "signal": "OPERATING LEVERAGE",
      "detail": "Rev growth +3.2% vs OpEx growth +0.0% (leverage: 81.1x)",
      "severity": "MEDIUM"
    },
    {
      "quarter": "2021-06 (Q2)",
      "signal": "OPERATING LEVERAGE",
      "detail": "Rev growth +39223.7% vs OpEx growth +9.9% (leverage: 3948.7x)",
      "severity": "MEDIUM"
    }
  ],
  "data_quality": {
    "n_quarters": 20,
    "coverage": {
      "revenue": [
        20,
        20
      ],
      "gross_profit": [
        0,
        20
      ],
      "op_income": [
        0,
        20
      ],
      "fcf": [
        20,
        20
      ]
    },
    "gaps": [],
    "warnings": [
      "gross_profit: no data",
      "op_income: no data"
    ]
  },
  "market_cap": null,
  "source": "SEC EDGAR",
  "last_updated": "2026-02-24T10:47:24.910459"
}