{
  "ticker": "FOR",
  "name": "FORESTAR GROUP INC.",
  "quarters": [
    {
      "date": "2021-03-31T00:00:00",
      "quarter_label": "2021-03 (Q1)",
      "revenue": 287100000,
      "gross_profit": 53300000,
      "operating_income": null,
      "net_income": 28400000,
      "opex": null,
      "cogs": 233800000,
      "rd": null,
      "sga": 16300000,
      "fcf": -90900000,
      "ocf": -90800000,
      "capex": -100000,
      "gross_margin": 0.1856495994427029,
      "op_margin": null,
      "fcf_margin": -0.3166144200626959
    },
    {
      "date": "2021-06-30T00:00:00",
      "quarter_label": "2021-06 (Q2)",
      "revenue": 312900000,
      "gross_profit": 55800000,
      "operating_income": null,
      "net_income": 15800000,
      "opex": null,
      "cogs": 257100000,
      "rd": null,
      "sga": 16900000,
      "fcf": -91400000,
      "ocf": -91100000,
      "capex": -300000,
      "gross_margin": 0.17833173537871524,
      "op_margin": null,
      "fcf_margin": -0.2921061041866411,
      "fcf_margin_change": 0.024508315876054787
    },
    {
      "date": "2021-09-30T00:00:00",
      "quarter_label": "2021-09 (Q3)",
      "revenue": 418700000,
      "gross_profit": 75900000,
      "operating_income": null,
      "net_income": 44000000,
      "opex": null,
      "cogs": 342800000,
      "rd": null,
      "sga": 19700000,
      "fcf": 36400000,
      "ocf": 37500000,
      "capex": -1100000,
      "gross_margin": 0.18127537616431813,
      "op_margin": null,
      "fcf_margin": 0.08693575352280869,
      "fcf_margin_change": 0.3790418577094498
    },
    {
      "date": "2021-12-31T00:00:00",
      "quarter_label": "2021-12 (Q4)",
      "revenue": 407600000,
      "gross_profit": 73400000,
      "operating_income": null,
      "net_income": 40500000,
      "opex": null,
      "cogs": 334200000,
      "rd": null,
      "sga": 21500000,
      "fcf": 4300000,
      "ocf": 5800000,
      "capex": -1500000,
      "gross_margin": 0.1800785083415113,
      "op_margin": null,
      "fcf_margin": 0.010549558390578999,
      "fcf_margin_change": -0.07638619513222969
    },
    {
      "date": "2022-03-31T00:00:00",
      "quarter_label": "2022-03 (Q1)",
      "revenue": 421600000,
      "gross_profit": 87500000,
      "operating_income": null,
      "net_income": 47800000,
      "opex": null,
      "cogs": 334100000,
      "rd": null,
      "sga": 24300000,
      "fcf": 69800000,
      "ocf": 70800000,
      "capex": -1000000,
      "gross_margin": 0.2075426944971537,
      "op_margin": null,
      "fcf_margin": 0.16555977229601518,
      "rev_growth_yoy": 0.46847788227098575,
      "fcf_margin_change": 0.15501021390543618
    },
    {
      "date": "2022-06-30T00:00:00",
      "quarter_label": "2022-06 (Q2)",
      "revenue": 308500000,
      "gross_profit": 73900000,
      "operating_income": null,
      "net_income": 39700000,
      "opex": null,
      "cogs": 234600000,
      "rd": null,
      "sga": 24100000,
      "fcf": -87500000,
      "ocf": -86800000,
      "capex": -700000,
      "gross_margin": 0.23954619124797408,
      "op_margin": null,
      "fcf_margin": -0.28363047001620745,
      "rev_growth_yoy": -0.014062000639181848,
      "rev_growth_yoy_accel": -0.4825398829101676,
      "fcf_margin_change": -0.4491902423122226
    },
    {
      "date": "2022-09-30T00:00:00",
      "quarter_label": "2022-09 (Q3)",
      "revenue": 381400000,
      "gross_profit": 89200000,
      "operating_income": null,
      "net_income": 50800000,
      "opex": null,
      "cogs": 292200000,
      "rd": null,
      "sga": 23700000,
      "fcf": 118600000,
      "ocf": 118900000,
      "capex": -300000,
      "gross_margin": 0.23387519664394338,
      "op_margin": null,
      "fcf_margin": 0.31095962244362874,
      "rev_growth_yoy": -0.08908526391210891,
      "rev_growth_yoy_accel": -0.07502326327292706,
      "fcf_margin_change": 0.5945900924598362
    },
    {
      "date": "2022-12-31T00:00:00",
      "quarter_label": "2022-12 (Q4)",
      "revenue": 216700000,
      "gross_profit": 47500000,
      "operating_income": null,
      "net_income": 20800000,
      "opex": null,
      "cogs": 169200000,
      "rd": null,
      "sga": 22900000,
      "fcf": -49900000,
      "ocf": -49800000,
      "capex": -100000,
      "gross_margin": 0.21919704660821412,
      "op_margin": null,
      "fcf_margin": -0.23027226580526072,
      "rev_growth_yoy": -0.468351324828263,
      "rev_growth_yoy_accel": -0.3792660609161541,
      "fcf_margin_change": -0.5412318882488895
    },
    {
      "date": "2023-03-31T00:00:00",
      "quarter_label": "2023-03 (Q1)",
      "revenue": 301500000,
      "gross_profit": 55900000,
      "operating_income": null,
      "net_income": 26900000,
      "opex": null,
      "cogs": 245600000,
      "rd": null,
      "sga": 22000000,
      "fcf": 70900000,
      "ocf": 71100000,
      "capex": -200000,
      "gross_margin": 0.18540630182421228,
      "op_margin": null,
      "fcf_margin": 0.2351575456053068,
      "rev_growth_yoy": -0.2848671726755218,
      "rev_growth_yoy_accel": 0.18348415215274122,
      "fcf_margin_change": 0.4654298114105675
    },
    {
      "date": "2023-06-30T00:00:00",
      "quarter_label": "2023-06 (Q2)",
      "revenue": 368900000,
      "gross_profit": 85000000,
      "operating_income": null,
      "net_income": 46800000,
      "opex": null,
      "cogs": 283900000,
      "rd": null,
      "sga": 26400000,
      "fcf": 114400000,
      "ocf": 114900000,
      "capex": -500000,
      "gross_margin": 0.2304147465437788,
      "op_margin": null,
      "fcf_margin": 0.31011114123068584,
      "rev_growth_yoy": 0.19578606158833065,
      "rev_growth_yoy_accel": 0.4806532342638524,
      "fcf_margin_change": 0.07495359562537904
    },
    {
      "date": "2023-09-30T00:00:00",
      "quarter_label": "2023-09 (Q3)",
      "revenue": 549800000,
      "gross_profit": 115700000,
      "operating_income": null,
      "net_income": 72400000,
      "opex": null,
      "cogs": 434100000,
      "rd": null,
      "sga": 26400000,
      "fcf": 227400000,
      "ocf": 227900000,
      "capex": -500000,
      "gross_margin": 0.21044016005820299,
      "op_margin": null,
      "fcf_margin": 0.41360494725354674,
      "rev_growth_yoy": 0.44153120083901415,
      "rev_growth_yoy_accel": 0.2457451392506835,
      "fcf_margin_change": 0.1034938060228609
    },
    {
      "date": "2023-12-31T00:00:00",
      "quarter_label": "2023-12 (Q4)",
      "revenue": 305900000,
      "gross_profit": 72900000,
      "operating_income": null,
      "net_income": 38200000,
      "opex": null,
      "cogs": 233000000,
      "rd": null,
      "sga": 28000000,
      "fcf": -156900000,
      "ocf": -156700000,
      "capex": -200000,
      "gross_margin": 0.2383131742399477,
      "op_margin": null,
      "fcf_margin": -0.5129127165740438,
      "rev_growth_yoy": 0.4116289801568989,
      "rev_growth_yoy_accel": -0.029902220682115233,
      "fcf_margin_change": -0.9265176638275905
    },
    {
      "date": "2024-03-31T00:00:00",
      "quarter_label": "2024-03 (Q1)",
      "revenue": 333800000,
      "gross_profit": 83100000,
      "operating_income": null,
      "net_income": 45000000,
      "opex": null,
      "cogs": 250700000,
      "rd": null,
      "sga": 29200000,
      "fcf": -59800000,
      "ocf": -59200000,
      "capex": -600000,
      "gross_margin": 0.24895146794487716,
      "op_margin": null,
      "fcf_margin": -0.17914919113241462,
      "rev_growth_yoy": 0.10713101160862355,
      "rev_growth_yoy_accel": -0.3044979685482754,
      "fcf_margin_change": 0.3337635254416292
    },
    {
      "date": "2024-06-30T00:00:00",
      "quarter_label": "2024-06 (Q2)",
      "revenue": 318400000,
      "gross_profit": 71500000,
      "operating_income": null,
      "net_income": 38700000,
      "opex": null,
      "cogs": 246900000,
      "rd": null,
      "sga": 29300000,
      "fcf": -62300000,
      "ocf": -61700000,
      "capex": -600000,
      "gross_margin": 0.2245603015075377,
      "op_margin": null,
      "fcf_margin": -0.19566582914572864,
      "rev_growth_yoy": -0.13689346706424504,
      "rev_growth_yoy_accel": -0.24402447867286858,
      "fcf_margin_change": -0.016516638013314017
    },
    {
      "date": "2024-09-30T00:00:00",
      "quarter_label": "2024-09 (Q3)",
      "revenue": 551400000,
      "gross_profit": 131900000,
      "operating_income": null,
      "net_income": 81600000,
      "opex": null,
      "cogs": 419500000,
      "rd": null,
      "sga": 32000000,
      "fcf": 118400000,
      "ocf": 119200000,
      "capex": -800000,
      "gross_margin": 0.23920928545520492,
      "op_margin": null,
      "fcf_margin": 0.21472615161407327,
      "rev_growth_yoy": 0.0029101491451436886,
      "rev_growth_yoy_accel": 0.13980361620938872,
      "fcf_margin_change": 0.4103919807598019
    },
    {
      "date": "2024-12-31T00:00:00",
      "quarter_label": "2024-12 (Q4)",
      "revenue": 250400000,
      "gross_profit": 55000000,
      "operating_income": null,
      "net_income": 16500000,
      "opex": null,
      "cogs": 195400000,
      "rd": null,
      "sga": 36000000,
      "fcf": -450000000,
      "ocf": -450000000,
      "capex": null,
      "gross_margin": 0.21964856230031948,
      "op_margin": null,
      "fcf_margin": -1.7971246006389776,
      "rev_growth_yoy": -0.18143184047074207,
      "rev_growth_yoy_accel": -0.18434198961588574,
      "fcf_margin_change": -2.011850752253051
    },
    {
      "date": "2025-03-31T00:00:00",
      "quarter_label": "2025-03 (Q1)",
      "revenue": 351000000,
      "gross_profit": 79200000,
      "operating_income": null,
      "net_income": 31600000,
      "opex": null,
      "cogs": 271800000,
      "rd": null,
      "sga": 38400000,
      "fcf": -20500000,
      "ocf": -19800000,
      "capex": -700000,
      "gross_margin": 0.22564102564102564,
      "op_margin": null,
      "fcf_margin": -0.0584045584045584,
      "rev_growth_yoy": 0.05152786099460755,
      "rev_growth_yoy_accel": 0.2329597014653496,
      "fcf_margin_change": 1.7387200422344191
    },
    {
      "date": "2025-06-30T00:00:00",
      "quarter_label": "2025-06 (Q2)",
      "revenue": 390500000,
      "gross_profit": 79700000,
      "operating_income": null,
      "net_income": 32900000,
      "opex": null,
      "cogs": 310800000,
      "rd": null,
      "sga": 37400000,
      "fcf": 15000000,
      "ocf": 15800000,
      "capex": -800000,
      "gross_margin": 0.20409731113956467,
      "op_margin": null,
      "fcf_margin": 0.03841229193341869,
      "rev_growth_yoy": 0.22644472361809045,
      "rev_growth_yoy_accel": 0.1749168626234829,
      "fcf_margin_change": 0.0968168503379771
    },
    {
      "date": "2025-09-30T00:00:00",
      "quarter_label": "2025-09 (Q3)",
      "revenue": 670500000,
      "gross_profit": 149600000,
      "operating_income": null,
      "net_income": 86900000,
      "opex": null,
      "cogs": 520900000,
      "rd": null,
      "sga": 42600000,
      "fcf": 255600000,
      "ocf": 256300000,
      "capex": -700000,
      "gross_margin": 0.22311707680835197,
      "op_margin": null,
      "fcf_margin": 0.3812080536912752,
      "rev_growth_yoy": 0.2159956474428727,
      "rev_growth_yoy_accel": -0.010449076175217759,
      "fcf_margin_change": 0.34279576175785653
    },
    {
      "date": "2025-12-31T00:00:00",
      "quarter_label": "2025-12 (Q4)",
      "revenue": 273000000,
      "gross_profit": 55000000,
      "operating_income": null,
      "net_income": 15400000,
      "opex": null,
      "cogs": 218000000,
      "rd": null,
      "sga": 36500000,
      "fcf": -157100000,
      "ocf": -157000000,
      "capex": -100000,
      "gross_margin": 0.20146520146520147,
      "op_margin": null,
      "fcf_margin": -0.5754578754578754,
      "rev_growth_yoy": 0.0902555910543131,
      "rev_growth_yoy_accel": -0.1257400563885596,
      "fcf_margin_change": -0.9566659291491506
    }
  ],
  "signals": [
    {
      "quarter": "2025-12 (Q4)",
      "signal": "YoY REVENUE GROWTH DECELERATION",
      "detail": "YoY growth: +9.0% vs prior quarter YoY: +21.6% (decel: -12.6%)",
      "severity": "WARNING"
    },
    {
      "quarter": "2025-09 (Q3)",
      "signal": "FCF MARGIN EXPANSION",
      "detail": "FCF margin: +3.8% -> +38.1% (+34.3%)",
      "severity": "MEDIUM"
    },
    {
      "quarter": "2025-06 (Q2)",
      "signal": "FCF TURNED POSITIVE",
      "detail": "FCF margin: -5.8% -> +3.8%",
      "severity": "HIGH"
    },
    {
      "quarter": "2025-06 (Q2)",
      "signal": "YoY REVENUE GROWTH ACCELERATION",
      "detail": "YoY growth: +22.6% vs prior quarter YoY: +5.2% (accel: +17.5%)",
      "severity": "HIGH"
    },
    {
      "quarter": "2025-03 (Q1)",
      "signal": "FCF MARGIN EXPANSION",
      "detail": "FCF margin: -179.7% -> -5.8% (+173.9%)",
      "severity": "MEDIUM"
    },
    {
      "quarter": "2025-03 (Q1)",
      "signal": "YoY REVENUE GROWTH ACCELERATION",
      "detail": "YoY growth: +5.2% vs prior quarter YoY: -18.1% (accel: +23.3%)",
      "severity": "HIGH"
    },
    {
      "quarter": "2024-12 (Q4)",
      "signal": "YoY REVENUE GROWTH DECELERATION",
      "detail": "YoY growth: -18.1% vs prior quarter YoY: +0.3% (decel: -18.4%)",
      "severity": "WARNING"
    },
    {
      "quarter": "2024-09 (Q3)",
      "signal": "FCF TURNED POSITIVE",
      "detail": "FCF margin: -19.6% -> +21.5%",
      "severity": "HIGH"
    },
    {
      "quarter": "2024-09 (Q3)",
      "signal": "YoY REVENUE GROWTH ACCELERATION",
      "detail": "YoY growth: +0.3% vs prior quarter YoY: -13.7% (accel: +14.0%)",
      "severity": "MEDIUM"
    },
    {
      "quarter": "2024-06 (Q2)",
      "signal": "YoY REVENUE GROWTH DECELERATION",
      "detail": "YoY growth: -13.7% vs prior quarter YoY: +10.7% (decel: -24.4%)",
      "severity": "WARNING"
    },
    {
      "quarter": "2024-03 (Q1)",
      "signal": "FCF MARGIN EXPANSION",
      "detail": "FCF margin: -51.3% -> -17.9% (+33.4%)",
      "severity": "MEDIUM"
    },
    {
      "quarter": "2024-03 (Q1)",
      "signal": "YoY REVENUE GROWTH DECELERATION",
      "detail": "YoY growth: +10.7% vs prior quarter YoY: +41.2% (decel: -30.4%)",
      "severity": "WARNING"
    },
    {
      "quarter": "2023-12 (Q4)",
      "signal": "GROSS MARGIN INFLECTION",
      "detail": "GM: +23.0% -> +21.0% -> +23.8% (reversal +2.8%)",
      "severity": "MEDIUM"
    },
    {
      "quarter": "2023-09 (Q3)",
      "signal": "FCF MARGIN EXPANSION",
      "detail": "FCF margin: +31.0% -> +41.4% (+10.3%)",
      "severity": "MEDIUM"
    },
    {
      "quarter": "2023-09 (Q3)",
      "signal": "YoY REVENUE GROWTH ACCELERATION",
      "detail": "YoY growth: +44.2% vs prior quarter YoY: +19.6% (accel: +24.6%)",
      "severity": "HIGH"
    },
    {
      "quarter": "2023-06 (Q2)",
      "signal": "FCF MARGIN EXPANSION",
      "detail": "FCF margin: +23.5% -> +31.0% (+7.5%)",
      "severity": "MEDIUM"
    },
    {
      "quarter": "2023-06 (Q2)",
      "signal": "GROSS MARGIN INFLECTION",
      "detail": "GM: +21.9% -> +18.5% -> +23.0% (reversal +4.5%)",
      "severity": "MEDIUM"
    },
    {
      "quarter": "2023-06 (Q2)",
      "signal": "YoY REVENUE GROWTH ACCELERATION",
      "detail": "YoY growth: +19.6% vs prior quarter YoY: -28.5% (accel: +48.1%)",
      "severity": "HIGH"
    },
    {
      "quarter": "2023-03 (Q1)",
      "signal": "FCF TURNED POSITIVE",
      "detail": "FCF margin: -23.0% -> +23.5%",
      "severity": "HIGH"
    },
    {
      "quarter": "2023-03 (Q1)",
      "signal": "YoY REVENUE GROWTH ACCELERATION",
      "detail": "YoY growth: -28.5% vs prior quarter YoY: -46.8% (accel: +18.3%)",
      "severity": "HIGH"
    },
    {
      "quarter": "2022-12 (Q4)",
      "signal": "YoY REVENUE GROWTH DECELERATION",
      "detail": "YoY growth: -46.8% vs prior quarter YoY: -8.9% (decel: -37.9%)",
      "severity": "WARNING"
    },
    {
      "quarter": "2022-09 (Q3)",
      "signal": "FCF TURNED POSITIVE",
      "detail": "FCF margin: -28.4% -> +31.1%",
      "severity": "HIGH"
    },
    {
      "quarter": "2022-09 (Q3)",
      "signal": "YoY REVENUE GROWTH DECELERATION",
      "detail": "YoY growth: -8.9% vs prior quarter YoY: -1.4% (decel: -7.5%)",
      "severity": "WARNING"
    },
    {
      "quarter": "2022-06 (Q2)",
      "signal": "YoY REVENUE GROWTH DECELERATION",
      "detail": "YoY growth: -1.4% vs prior quarter YoY: +46.8% (decel: -48.3%)",
      "severity": "WARNING"
    },
    {
      "quarter": "2022-03 (Q1)",
      "signal": "FCF MARGIN EXPANSION",
      "detail": "FCF margin: +1.1% -> +16.6% (+15.5%)",
      "severity": "MEDIUM"
    },
    {
      "quarter": "2022-03 (Q1)",
      "signal": "GROSS MARGIN INFLECTION",
      "detail": "GM: +18.1% -> +18.0% -> +20.8% (reversal +2.7%)",
      "severity": "MEDIUM"
    },
    {
      "quarter": "2021-09 (Q3)",
      "signal": "FCF TURNED POSITIVE",
      "detail": "FCF margin: -29.2% -> +8.7%",
      "severity": "HIGH"
    }
  ],
  "data_quality": {
    "n_quarters": 20,
    "coverage": {
      "revenue": [
        20,
        20
      ],
      "gross_profit": [
        20,
        20
      ],
      "op_income": [
        0,
        20
      ],
      "fcf": [
        20,
        20
      ]
    },
    "gaps": [],
    "warnings": [
      "op_income: no data"
    ]
  },
  "market_cap": null,
  "source": "SEC EDGAR",
  "last_updated": "2026-02-02T21:54:02.593128",
  "sector": "Real Estate",
  "industry": "Real Estate - Development"
}