{
  "ticker": "FOXA",
  "name": "FOX CORPORATION",
  "quarters": [
    {
      "date": "2020-12-31T00:00:00",
      "quarter_label": "2020-12 (Q4)",
      "revenue": 4087000000,
      "gross_profit": null,
      "operating_income": null,
      "net_income": null,
      "opex": null,
      "cogs": null,
      "rd": null,
      "sga": 442000000,
      "fcf": -155000000,
      "ocf": -30000000,
      "capex": -125000000,
      "gross_margin": null,
      "op_margin": null,
      "fcf_margin": -0.03792512845608025
    },
    {
      "date": "2021-03-31T00:00:00",
      "quarter_label": "2021-03 (Q1)",
      "revenue": 3215000000,
      "gross_profit": null,
      "operating_income": null,
      "net_income": null,
      "opex": null,
      "cogs": null,
      "rd": null,
      "sga": 437000000,
      "fcf": 1538000000,
      "ocf": 1629000000,
      "capex": -91000000,
      "gross_margin": null,
      "op_margin": null,
      "fcf_margin": 0.47838258164852254,
      "fcf_margin_change": 0.5163077101046027
    },
    {
      "date": "2021-06-30T00:00:00",
      "quarter_label": "2021-06 (Q2)",
      "revenue": 2890000000,
      "gross_profit": null,
      "operating_income": null,
      "net_income": null,
      "opex": null,
      "cogs": null,
      "rd": null,
      "sga": 540000000,
      "fcf": 622000000,
      "ocf": 773000000,
      "capex": -151000000,
      "gross_margin": null,
      "op_margin": null,
      "fcf_margin": 0.21522491349480968,
      "fcf_margin_change": -0.2631576681537129
    },
    {
      "date": "2021-09-30T00:00:00",
      "quarter_label": "2021-09 (Q3)",
      "revenue": 3045000000,
      "gross_profit": null,
      "operating_income": null,
      "net_income": null,
      "opex": null,
      "cogs": null,
      "rd": null,
      "sga": 415000000,
      "fcf": -24000000,
      "ocf": 29000000,
      "capex": -53000000,
      "gross_margin": null,
      "op_margin": null,
      "fcf_margin": -0.007881773399014778,
      "fcf_margin_change": -0.22310668689382446
    },
    {
      "date": "2021-12-31T00:00:00",
      "quarter_label": "2021-12 (Q4)",
      "revenue": 4441000000,
      "gross_profit": null,
      "operating_income": null,
      "net_income": null,
      "opex": null,
      "cogs": null,
      "rd": null,
      "sga": 468000000,
      "fcf": -753000000,
      "ocf": -685000000,
      "capex": -68000000,
      "gross_margin": null,
      "op_margin": null,
      "fcf_margin": -0.1695564062148165,
      "rev_growth_yoy": 0.08661609982872523,
      "fcf_margin_change": -0.16167463281580172
    },
    {
      "date": "2022-03-31T00:00:00",
      "quarter_label": "2022-03 (Q1)",
      "revenue": 3455000000,
      "gross_profit": null,
      "operating_income": null,
      "net_income": null,
      "opex": null,
      "cogs": null,
      "rd": null,
      "sga": 485000000,
      "fcf": 1537000000,
      "ocf": 1607000000,
      "capex": -70000000,
      "gross_margin": null,
      "op_margin": null,
      "fcf_margin": 0.44486251808972505,
      "rev_growth_yoy": 0.07465007776049767,
      "rev_growth_yoy_accel": -0.011966022068227555,
      "fcf_margin_change": 0.6144189243045415
    },
    {
      "date": "2022-06-30T00:00:00",
      "quarter_label": "2022-06 (Q2)",
      "revenue": 3033000000,
      "gross_profit": null,
      "operating_income": null,
      "net_income": null,
      "opex": null,
      "cogs": null,
      "rd": null,
      "sga": 552000000,
      "fcf": 817000000,
      "ocf": 933000000,
      "capex": -116000000,
      "gross_margin": null,
      "op_margin": null,
      "fcf_margin": 0.2693702604681833,
      "rev_growth_yoy": 0.04948096885813149,
      "rev_growth_yoy_accel": -0.025169108902366184,
      "fcf_margin_change": -0.17549225762154175
    },
    {
      "date": "2022-09-30T00:00:00",
      "quarter_label": "2022-09 (Q3)",
      "revenue": 3192000000,
      "gross_profit": null,
      "operating_income": null,
      "net_income": null,
      "opex": null,
      "cogs": null,
      "rd": null,
      "sga": 448000000,
      "fcf": 196000000,
      "ocf": 270000000,
      "capex": -74000000,
      "gross_margin": null,
      "op_margin": null,
      "fcf_margin": 0.06140350877192982,
      "rev_growth_yoy": 0.04827586206896552,
      "rev_growth_yoy_accel": -0.001205106789165973,
      "fcf_margin_change": -0.20796675169625348
    },
    {
      "date": "2022-12-31T00:00:00",
      "quarter_label": "2022-12 (Q4)",
      "revenue": 4605000000,
      "gross_profit": null,
      "operating_income": null,
      "net_income": null,
      "opex": null,
      "cogs": null,
      "rd": null,
      "sga": 550000000,
      "fcf": -610000000,
      "ocf": -531000000,
      "capex": -79000000,
      "gross_margin": null,
      "op_margin": null,
      "fcf_margin": -0.13246471226927253,
      "rev_growth_yoy": 0.0369286196802522,
      "rev_growth_yoy_accel": -0.011347242388713319,
      "fcf_margin_change": -0.19386822104120235
    },
    {
      "date": "2023-03-31T00:00:00",
      "quarter_label": "2023-03 (Q1)",
      "revenue": 4084000000,
      "gross_profit": null,
      "operating_income": null,
      "net_income": null,
      "opex": null,
      "cogs": null,
      "rd": null,
      "sga": 528000000,
      "fcf": 1484000000,
      "ocf": 1568000000,
      "capex": -84000000,
      "gross_margin": null,
      "op_margin": null,
      "fcf_margin": 0.3633692458374143,
      "rev_growth_yoy": 0.18205499276411,
      "rev_growth_yoy_accel": 0.14512637308385778,
      "fcf_margin_change": 0.49583395810668685
    },
    {
      "date": "2023-06-30T00:00:00",
      "quarter_label": "2023-06 (Q2)",
      "revenue": 3032000000,
      "gross_profit": null,
      "operating_income": null,
      "net_income": null,
      "opex": null,
      "cogs": null,
      "rd": null,
      "sga": 523000000,
      "fcf": 373000000,
      "ocf": 493000000,
      "capex": -120000000,
      "gross_margin": null,
      "op_margin": null,
      "fcf_margin": 0.12302110817941952,
      "rev_growth_yoy": -0.0003297065611605671,
      "rev_growth_yoy_accel": -0.18238469932527057,
      "fcf_margin_change": -0.2403481376579948
    },
    {
      "date": "2023-09-30T00:00:00",
      "quarter_label": "2023-09 (Q3)",
      "revenue": 3207000000,
      "gross_profit": null,
      "operating_income": null,
      "net_income": null,
      "opex": null,
      "cogs": null,
      "rd": null,
      "sga": 480000000,
      "fcf": -70000000,
      "ocf": 1000000,
      "capex": -71000000,
      "gross_margin": null,
      "op_margin": null,
      "fcf_margin": -0.02182725288431556,
      "rev_growth_yoy": 0.004699248120300752,
      "rev_growth_yoy_accel": 0.005028954681461318,
      "fcf_margin_change": -0.14484836106373508
    },
    {
      "date": "2023-12-31T00:00:00",
      "quarter_label": "2023-12 (Q4)",
      "revenue": 4234000000,
      "gross_profit": null,
      "operating_income": null,
      "net_income": null,
      "opex": null,
      "cogs": null,
      "rd": null,
      "sga": 495000000,
      "fcf": -615000000,
      "ocf": -536000000,
      "capex": -79000000,
      "gross_margin": null,
      "op_margin": null,
      "fcf_margin": -0.14525271610769958,
      "rev_growth_yoy": -0.08056460369163952,
      "rev_growth_yoy_accel": -0.08526385181194027,
      "fcf_margin_change": -0.12342546322338402
    },
    {
      "date": "2024-03-31T00:00:00",
      "quarter_label": "2024-03 (Q1)",
      "revenue": 3447000000,
      "gross_profit": null,
      "operating_income": null,
      "net_income": null,
      "opex": null,
      "cogs": null,
      "rd": null,
      "sga": 510000000,
      "fcf": 1393000000,
      "ocf": 1476000000,
      "capex": -83000000,
      "gross_margin": null,
      "op_margin": null,
      "fcf_margin": 0.40411952422396286,
      "rev_growth_yoy": -0.1559745347698335,
      "rev_growth_yoy_accel": -0.07540993107819398,
      "fcf_margin_change": 0.5493722403316624
    },
    {
      "date": "2024-06-30T00:00:00",
      "quarter_label": "2024-06 (Q2)",
      "revenue": 3092000000,
      "gross_profit": null,
      "operating_income": null,
      "net_income": null,
      "opex": null,
      "cogs": null,
      "rd": null,
      "sga": 539000000,
      "fcf": 787000000,
      "ocf": 899000000,
      "capex": -112000000,
      "gross_margin": null,
      "op_margin": null,
      "fcf_margin": 0.25452781371280725,
      "rev_growth_yoy": 0.01978891820580475,
      "rev_growth_yoy_accel": 0.17576345297563825,
      "fcf_margin_change": -0.1495917105111556
    },
    {
      "date": "2024-09-30T00:00:00",
      "quarter_label": "2024-09 (Q3)",
      "revenue": 3564000000,
      "gross_profit": null,
      "operating_income": null,
      "net_income": null,
      "opex": null,
      "cogs": null,
      "rd": null,
      "sga": 502000000,
      "fcf": 94000000,
      "ocf": 158000000,
      "capex": -64000000,
      "gross_margin": null,
      "op_margin": null,
      "fcf_margin": 0.026374859708193043,
      "rev_growth_yoy": 0.11131898971000935,
      "rev_growth_yoy_accel": 0.0915300715042046,
      "fcf_margin_change": -0.22815295400461422
    },
    {
      "date": "2024-12-31T00:00:00",
      "quarter_label": "2024-12 (Q4)",
      "revenue": 5078000000,
      "gross_profit": null,
      "operating_income": null,
      "net_income": null,
      "opex": null,
      "cogs": null,
      "rd": null,
      "sga": 525000000,
      "fcf": -436000000,
      "ocf": -362000000,
      "capex": -74000000,
      "gross_margin": null,
      "op_margin": null,
      "fcf_margin": -0.08586057502953919,
      "rev_growth_yoy": 0.19933868682097308,
      "rev_growth_yoy_accel": 0.08801969711096373,
      "fcf_margin_change": -0.11223543473773223
    },
    {
      "date": "2025-03-31T00:00:00",
      "quarter_label": "2025-03 (Q1)",
      "revenue": 4371000000,
      "gross_profit": null,
      "operating_income": null,
      "net_income": null,
      "opex": null,
      "cogs": null,
      "rd": null,
      "sga": 551000000,
      "fcf": 1941000000,
      "ocf": 2015000000,
      "capex": -74000000,
      "gross_margin": null,
      "op_margin": null,
      "fcf_margin": 0.44406314344543585,
      "rev_growth_yoy": 0.268059181897302,
      "rev_growth_yoy_accel": 0.06872049507632891,
      "fcf_margin_change": 0.529923718474975
    },
    {
      "date": "2025-06-30T00:00:00",
      "quarter_label": "2025-06 (Q2)",
      "revenue": 3287000000,
      "gross_profit": null,
      "operating_income": null,
      "net_income": null,
      "opex": null,
      "cogs": null,
      "rd": null,
      "sga": 590000000,
      "fcf": 1394000000,
      "ocf": 1513000000,
      "capex": -119000000,
      "gross_margin": null,
      "op_margin": null,
      "fcf_margin": 0.42409491937937327,
      "rev_growth_yoy": 0.0630659767141009,
      "rev_growth_yoy_accel": -0.20499320518320108,
      "fcf_margin_change": -0.01996822406606258
    },
    {
      "date": "2025-09-30T00:00:00",
      "quarter_label": "2025-09 (Q3)",
      "revenue": 3738000000,
      "gross_profit": null,
      "operating_income": null,
      "net_income": null,
      "opex": null,
      "cogs": null,
      "rd": null,
      "sga": 589000000,
      "fcf": -234000000,
      "ocf": -130000000,
      "capex": -104000000,
      "gross_margin": null,
      "op_margin": null,
      "fcf_margin": -0.06260032102728733,
      "rev_growth_yoy": 0.04882154882154882,
      "rev_growth_yoy_accel": -0.014244427892552078,
      "fcf_margin_change": -0.48669524040666057
    }
  ],
  "signals": [
    {
      "quarter": "2025-06 (Q2)",
      "signal": "YoY REVENUE GROWTH DECELERATION",
      "detail": "YoY growth: +6.3% vs prior quarter YoY: +26.8% (decel: -20.5%)",
      "severity": "WARNING"
    },
    {
      "quarter": "2025-03 (Q1)",
      "signal": "FCF TURNED POSITIVE",
      "detail": "FCF margin: -8.6% -> +44.4%",
      "severity": "HIGH"
    },
    {
      "quarter": "2025-03 (Q1)",
      "signal": "YoY REVENUE GROWTH ACCELERATION",
      "detail": "YoY growth: +26.8% vs prior quarter YoY: +19.9% (accel: +6.9%)",
      "severity": "MEDIUM"
    },
    {
      "quarter": "2024-12 (Q4)",
      "signal": "YoY REVENUE GROWTH ACCELERATION",
      "detail": "YoY growth: +19.9% vs prior quarter YoY: +11.1% (accel: +8.8%)",
      "severity": "MEDIUM"
    },
    {
      "quarter": "2024-09 (Q3)",
      "signal": "YoY REVENUE GROWTH ACCELERATION",
      "detail": "YoY growth: +11.1% vs prior quarter YoY: +2.0% (accel: +9.2%)",
      "severity": "MEDIUM"
    },
    {
      "quarter": "2024-06 (Q2)",
      "signal": "YoY REVENUE GROWTH ACCELERATION",
      "detail": "YoY growth: +2.0% vs prior quarter YoY: -15.6% (accel: +17.6%)",
      "severity": "HIGH"
    },
    {
      "quarter": "2024-03 (Q1)",
      "signal": "FCF TURNED POSITIVE",
      "detail": "FCF margin: -14.5% -> +40.4%",
      "severity": "HIGH"
    },
    {
      "quarter": "2024-03 (Q1)",
      "signal": "YoY REVENUE GROWTH DECELERATION",
      "detail": "YoY growth: -15.6% vs prior quarter YoY: -8.1% (decel: -7.5%)",
      "severity": "WARNING"
    },
    {
      "quarter": "2023-12 (Q4)",
      "signal": "YoY REVENUE GROWTH DECELERATION",
      "detail": "YoY growth: -8.1% vs prior quarter YoY: +0.5% (decel: -8.5%)",
      "severity": "WARNING"
    },
    {
      "quarter": "2023-06 (Q2)",
      "signal": "YoY REVENUE GROWTH DECELERATION",
      "detail": "YoY growth: -0.0% vs prior quarter YoY: +18.2% (decel: -18.2%)",
      "severity": "WARNING"
    },
    {
      "quarter": "2023-03 (Q1)",
      "signal": "FCF TURNED POSITIVE",
      "detail": "FCF margin: -13.2% -> +36.3%",
      "severity": "HIGH"
    },
    {
      "quarter": "2023-03 (Q1)",
      "signal": "YoY REVENUE GROWTH ACCELERATION",
      "detail": "YoY growth: +18.2% vs prior quarter YoY: +3.7% (accel: +14.5%)",
      "severity": "MEDIUM"
    },
    {
      "quarter": "2022-03 (Q1)",
      "signal": "FCF TURNED POSITIVE",
      "detail": "FCF margin: -17.0% -> +44.5%",
      "severity": "HIGH"
    },
    {
      "quarter": "2021-03 (Q1)",
      "signal": "FCF TURNED POSITIVE",
      "detail": "FCF margin: -3.8% -> +47.8%",
      "severity": "HIGH"
    }
  ],
  "data_quality": {
    "n_quarters": 20,
    "coverage": {
      "revenue": [
        20,
        20
      ],
      "gross_profit": [
        0,
        20
      ],
      "op_income": [
        0,
        20
      ],
      "fcf": [
        20,
        20
      ]
    },
    "gaps": [],
    "warnings": [
      "gross_profit: no data",
      "op_income: no data"
    ]
  },
  "market_cap": null,
  "source": "SEC EDGAR",
  "last_updated": "2026-02-02T20:08:27.117437",
  "sector": "Communication Services",
  "industry": "Entertainment"
}