{
  "ticker": "FPH",
  "name": "FIVE POINT HOLDINGS, LLC",
  "quarters": [
    {
      "date": "2020-12-31T00:00:00",
      "quarter_label": "2020-12 (Q4)",
      "revenue": 111715000,
      "gross_profit": null,
      "operating_income": null,
      "net_income": 782000,
      "opex": 103420000,
      "cogs": null,
      "rd": null,
      "sga": 24910000,
      "fcf": 37191000,
      "ocf": 37214000,
      "capex": -23000,
      "gross_margin": null,
      "op_margin": null,
      "fcf_margin": 0.33290963612764624
    },
    {
      "date": "2021-03-31T00:00:00",
      "quarter_label": "2021-03 (Q1)",
      "revenue": 13180000,
      "gross_profit": null,
      "operating_income": null,
      "net_income": -9779000,
      "opex": 31900000,
      "cogs": null,
      "rd": null,
      "sga": 19538000,
      "fcf": -52599000,
      "ocf": -52496000,
      "capex": -103000,
      "gross_margin": null,
      "op_margin": null,
      "fcf_margin": -3.9908194233687406,
      "fcf_margin_change": -4.323729059496387
    },
    {
      "date": "2021-06-30T00:00:00",
      "quarter_label": "2021-06 (Q2)",
      "revenue": 8304000,
      "gross_profit": null,
      "operating_income": null,
      "net_income": -2289000,
      "opex": 26484000,
      "cogs": null,
      "rd": null,
      "sga": 19218000,
      "fcf": -65372000,
      "ocf": -65338000,
      "capex": -34000,
      "gross_margin": null,
      "op_margin": null,
      "fcf_margin": -7.872350674373796,
      "fcf_margin_change": -3.8815312510050552
    },
    {
      "date": "2021-09-30T00:00:00",
      "quarter_label": "2021-09 (Q3)",
      "revenue": 20695000,
      "gross_profit": null,
      "operating_income": null,
      "net_income": -3848000,
      "opex": 30927000,
      "cogs": null,
      "rd": null,
      "sga": 20757000,
      "fcf": -44467000,
      "ocf": -44467000,
      "capex": null,
      "gross_margin": null,
      "op_margin": null,
      "fcf_margin": -2.1486832568253202,
      "op_leverage_ratio": 8.894597138578709,
      "fcf_margin_change": 5.723667417548476
    },
    {
      "date": "2021-12-31T00:00:00",
      "quarter_label": "2021-12 (Q4)",
      "revenue": 182215000,
      "gross_profit": null,
      "operating_income": null,
      "net_income": 22484000,
      "opex": 132100000,
      "cogs": null,
      "rd": null,
      "sga": 17605000,
      "fcf": 80864000,
      "ocf": 80881000,
      "capex": -17000,
      "gross_margin": null,
      "op_margin": null,
      "fcf_margin": 0.443783442636446,
      "rev_growth_yoy": 0.6310701338226737,
      "op_leverage_ratio": 2.385800040279873,
      "fcf_margin_change": 2.592466699461766
    },
    {
      "date": "2022-03-31T00:00:00",
      "quarter_label": "2022-03 (Q1)",
      "revenue": 4886000,
      "gross_profit": null,
      "operating_income": null,
      "net_income": -17130000,
      "opex": 40751000,
      "cogs": null,
      "rd": null,
      "sga": 16791000,
      "fcf": -57969000,
      "ocf": -57969000,
      "capex": null,
      "gross_margin": null,
      "op_margin": null,
      "fcf_margin": -11.864306180925093,
      "rev_growth_yoy": -0.6292867981790592,
      "rev_growth_yoy_accel": -1.260356932001733,
      "fcf_margin_change": -12.30808962356154
    },
    {
      "date": "2022-06-30T00:00:00",
      "quarter_label": "2022-06 (Q2)",
      "revenue": 5393000,
      "gross_profit": null,
      "operating_income": null,
      "net_income": -5111000,
      "opex": 17229000,
      "cogs": null,
      "rd": null,
      "sga": 12651000,
      "fcf": -75624000,
      "ocf": -75562000,
      "capex": -62000,
      "gross_margin": null,
      "op_margin": null,
      "fcf_margin": -14.022621917300205,
      "rev_growth_yoy": -0.3505539499036609,
      "rev_growth_yoy_accel": 0.2787328482753983,
      "op_leverage_ratio": Infinity,
      "fcf_margin_change": -2.158315736375112
    },
    {
      "date": "2022-09-30T00:00:00",
      "quarter_label": "2022-09 (Q3)",
      "revenue": 15416000,
      "gross_profit": null,
      "operating_income": null,
      "net_income": -4439000,
      "opex": 21098000,
      "cogs": null,
      "rd": null,
      "sga": 12030000,
      "fcf": -41492000,
      "ocf": -41492000,
      "capex": null,
      "gross_margin": null,
      "op_margin": null,
      "fcf_margin": -2.6914893617021276,
      "rev_growth_yoy": -0.25508576950954337,
      "rev_growth_yoy_accel": 0.09546818039411753,
      "op_leverage_ratio": 8.276155678289687,
      "fcf_margin_change": 11.331132555598078
    },
    {
      "date": "2022-12-31T00:00:00",
      "quarter_label": "2022-12 (Q4)",
      "revenue": 16999000,
      "gross_profit": null,
      "operating_income": null,
      "net_income": 11277000,
      "opex": 22445000,
      "cogs": null,
      "rd": null,
      "sga": 13119000,
      "fcf": -13292000,
      "ocf": -13279000,
      "capex": -13000,
      "gross_margin": null,
      "op_margin": null,
      "fcf_margin": -0.7819283487263957,
      "rev_growth_yoy": -0.9067091073731581,
      "rev_growth_yoy_accel": -0.6516233378636147,
      "op_leverage_ratio": 1.6083586736213284,
      "fcf_margin_change": 1.9095610129757319
    },
    {
      "date": "2023-03-31T00:00:00",
      "quarter_label": "2023-03 (Q1)",
      "revenue": 5701000,
      "gross_profit": null,
      "operating_income": null,
      "net_income": -4536000,
      "opex": 17290000,
      "cogs": null,
      "rd": null,
      "sga": 13752000,
      "fcf": -21638000,
      "ocf": -21638000,
      "capex": null,
      "gross_margin": null,
      "op_margin": null,
      "fcf_margin": -3.7954744781617262,
      "rev_growth_yoy": 0.16680311092918543,
      "rev_growth_yoy_accel": 1.0735122183023436,
      "fcf_margin_change": -3.0135461294353307
    },
    {
      "date": "2023-06-30T00:00:00",
      "quarter_label": "2023-06 (Q2)",
      "revenue": 21349000,
      "gross_profit": null,
      "operating_income": null,
      "net_income": 23571000,
      "opex": 24190000,
      "cogs": null,
      "rd": null,
      "sga": 12710000,
      "fcf": 59563000,
      "ocf": 59563000,
      "capex": null,
      "gross_margin": null,
      "op_margin": null,
      "fcf_margin": 2.7899667431729824,
      "rev_growth_yoy": 2.958650101984053,
      "rev_growth_yoy_accel": 2.791846991054868,
      "op_leverage_ratio": 6.877865820641688,
      "fcf_margin_change": 6.585441221334708
    },
    {
      "date": "2023-09-30T00:00:00",
      "quarter_label": "2023-09 (Q3)",
      "revenue": 65923000,
      "gross_profit": null,
      "operating_income": null,
      "net_income": 6603000,
      "opex": 54627000,
      "cogs": null,
      "rd": null,
      "sga": 11938000,
      "fcf": 27139000,
      "ocf": 27139000,
      "capex": null,
      "gross_margin": null,
      "op_margin": null,
      "fcf_margin": 0.41167725983344206,
      "rev_growth_yoy": 3.2762714063310847,
      "rev_growth_yoy_accel": 0.3176213043470315,
      "op_leverage_ratio": 1.6593503664260212,
      "fcf_margin_change": -2.3782894833395405
    },
    {
      "date": "2023-12-31T00:00:00",
      "quarter_label": "2023-12 (Q4)",
      "revenue": 118759000,
      "gross_profit": null,
      "operating_income": null,
      "net_income": 29756000,
      "opex": 89376000,
      "cogs": null,
      "rd": null,
      "sga": 13095000,
      "fcf": 89036000,
      "ocf": 89059000,
      "capex": -23000,
      "gross_margin": null,
      "op_margin": null,
      "fcf_margin": 0.7497200212194444,
      "rev_growth_yoy": 5.986234484381434,
      "rev_growth_yoy_accel": 2.7099630780503494,
      "op_leverage_ratio": 1.2599636277563557,
      "fcf_margin_change": 0.3380427613860023
    },
    {
      "date": "2024-03-31T00:00:00",
      "quarter_label": "2024-03 (Q1)",
      "revenue": 9935000,
      "gross_profit": null,
      "operating_income": null,
      "net_income": 2326000,
      "opex": 17802000,
      "cogs": null,
      "rd": null,
      "sga": 12916000,
      "fcf": -26516000,
      "ocf": -26424000,
      "capex": -92000,
      "gross_margin": null,
      "op_margin": null,
      "fcf_margin": -2.6689481630598895,
      "rev_growth_yoy": 0.7426767233818629,
      "rev_growth_yoy_accel": -5.243557760999571,
      "fcf_margin_change": -3.418668184279334
    },
    {
      "date": "2024-06-30T00:00:00",
      "quarter_label": "2024-06 (Q2)",
      "revenue": 51192000,
      "gross_profit": null,
      "operating_income": null,
      "net_income": 14722000,
      "opex": 25379000,
      "cogs": null,
      "rd": null,
      "sga": 12186000,
      "fcf": -23597000,
      "ocf": -23235000,
      "capex": -362000,
      "gross_margin": null,
      "op_margin": null,
      "fcf_margin": -0.46095092983278635,
      "rev_growth_yoy": 1.3978640685746404,
      "rev_growth_yoy_accel": 0.6551873451927775,
      "op_leverage_ratio": 9.756662519123411,
      "fcf_margin_change": 2.207997233227103
    },
    {
      "date": "2024-09-30T00:00:00",
      "quarter_label": "2024-09 (Q3)",
      "revenue": 17013000,
      "gross_profit": null,
      "operating_income": null,
      "net_income": 4756000,
      "opex": 17398000,
      "cogs": null,
      "rd": null,
      "sga": 11911000,
      "fcf": -18180000,
      "ocf": -17953000,
      "capex": -227000,
      "gross_margin": null,
      "op_margin": null,
      "fcf_margin": -1.0685946041262564,
      "rev_growth_yoy": -0.741926186611653,
      "rev_growth_yoy_accel": -2.1397902551862935,
      "fcf_margin_change": -0.6076436742934701
    },
    {
      "date": "2024-12-31T00:00:00",
      "quarter_label": "2024-12 (Q4)",
      "revenue": 159786000,
      "gross_profit": null,
      "operating_income": null,
      "net_income": 46493000,
      "opex": 109749000,
      "cogs": null,
      "rd": null,
      "sga": 14220000,
      "fcf": 183471000,
      "ocf": 183598000,
      "capex": -127000,
      "gross_margin": null,
      "op_margin": null,
      "fcf_margin": 1.1482295069655664,
      "rev_growth_yoy": 0.3454643437549996,
      "rev_growth_yoy_accel": 1.0873905303666527,
      "op_leverage_ratio": 1.5809673726060751,
      "fcf_margin_change": 2.2168241110918228
    },
    {
      "date": "2025-03-31T00:00:00",
      "quarter_label": "2025-03 (Q1)",
      "revenue": 13157000,
      "gross_profit": null,
      "operating_income": null,
      "net_income": 23284000,
      "opex": 19313000,
      "cogs": null,
      "rd": null,
      "sga": 14765000,
      "fcf": 56689000,
      "ocf": 56729000,
      "capex": -40000,
      "gross_margin": null,
      "op_margin": null,
      "fcf_margin": 4.30865698867523,
      "rev_growth_yoy": 0.3243080020130851,
      "rev_growth_yoy_accel": -0.021156341741914553,
      "fcf_margin_change": 3.1604274817096636
    },
    {
      "date": "2025-06-30T00:00:00",
      "quarter_label": "2025-06 (Q2)",
      "revenue": 7473000,
      "gross_profit": null,
      "operating_income": null,
      "net_income": 3320000,
      "opex": 19689000,
      "cogs": null,
      "rd": null,
      "sga": 15586000,
      "fcf": -71689000,
      "ocf": -71631000,
      "capex": -58000,
      "gross_margin": null,
      "op_margin": null,
      "fcf_margin": -9.593068379499531,
      "rev_growth_yoy": -0.8540201593999063,
      "rev_growth_yoy_accel": -1.1783281614129915,
      "fcf_margin_change": -13.90172536817476
    },
    {
      "date": "2025-09-30T00:00:00",
      "quarter_label": "2025-09 (Q3)",
      "revenue": 13488000,
      "gross_profit": null,
      "operating_income": null,
      "net_income": 21071000,
      "opex": 21380000,
      "cogs": null,
      "rd": null,
      "sga": 14294000,
      "fcf": 40424000,
      "ocf": 40424000,
      "capex": null,
      "gross_margin": null,
      "op_margin": null,
      "fcf_margin": 2.9970344009489915,
      "rev_growth_yoy": -0.20719449832481043,
      "rev_growth_yoy_accel": 0.6468256610750959,
      "op_leverage_ratio": 9.371750127781123,
      "fcf_margin_change": 12.590102780448522
    }
  ],
  "signals": [
    {
      "quarter": "2025-09 (Q3)",
      "signal": "FCF TURNED POSITIVE",
      "detail": "FCF margin: -959.3% -> +299.7%",
      "severity": "HIGH"
    },
    {
      "quarter": "2025-09 (Q3)",
      "signal": "OPERATING LEVERAGE",
      "detail": "Rev growth +80.5% vs OpEx growth +8.6% (leverage: 9.4x)",
      "severity": "MEDIUM"
    },
    {
      "quarter": "2025-09 (Q3)",
      "signal": "YoY REVENUE GROWTH ACCELERATION",
      "detail": "YoY growth: -20.7% vs prior quarter YoY: -85.4% (accel: +64.7%)",
      "severity": "HIGH"
    },
    {
      "quarter": "2025-06 (Q2)",
      "signal": "YoY REVENUE GROWTH DECELERATION",
      "detail": "YoY growth: -85.4% vs prior quarter YoY: +32.4% (decel: -117.8%)",
      "severity": "WARNING"
    },
    {
      "quarter": "2025-03 (Q1)",
      "signal": "FCF MARGIN EXPANSION",
      "detail": "FCF margin: +114.8% -> +430.9% (+316.0%)",
      "severity": "MEDIUM"
    },
    {
      "quarter": "2024-12 (Q4)",
      "signal": "FCF TURNED POSITIVE",
      "detail": "FCF margin: -106.9% -> +114.8%",
      "severity": "HIGH"
    },
    {
      "quarter": "2024-12 (Q4)",
      "signal": "OPERATING LEVERAGE",
      "detail": "Rev growth +839.2% vs OpEx growth +530.8% (leverage: 1.6x)",
      "severity": "MEDIUM"
    },
    {
      "quarter": "2024-12 (Q4)",
      "signal": "YoY REVENUE GROWTH ACCELERATION",
      "detail": "YoY growth: +34.5% vs prior quarter YoY: -74.2% (accel: +108.7%)",
      "severity": "HIGH"
    },
    {
      "quarter": "2024-09 (Q3)",
      "signal": "YoY REVENUE GROWTH DECELERATION",
      "detail": "YoY growth: -74.2% vs prior quarter YoY: +139.8% (decel: -214.0%)",
      "severity": "WARNING"
    },
    {
      "quarter": "2024-06 (Q2)",
      "signal": "FCF MARGIN EXPANSION",
      "detail": "FCF margin: -266.9% -> -46.1% (+220.8%)",
      "severity": "MEDIUM"
    },
    {
      "quarter": "2024-06 (Q2)",
      "signal": "OPERATING LEVERAGE",
      "detail": "Rev growth +415.3% vs OpEx growth +42.6% (leverage: 9.8x)",
      "severity": "MEDIUM"
    },
    {
      "quarter": "2024-06 (Q2)",
      "signal": "YoY REVENUE GROWTH ACCELERATION",
      "detail": "YoY growth: +139.8% vs prior quarter YoY: +74.3% (accel: +65.5%)",
      "severity": "HIGH"
    },
    {
      "quarter": "2024-03 (Q1)",
      "signal": "YoY REVENUE GROWTH DECELERATION",
      "detail": "YoY growth: +74.3% vs prior quarter YoY: +598.6% (decel: -524.4%)",
      "severity": "WARNING"
    },
    {
      "quarter": "2023-12 (Q4)",
      "signal": "FCF MARGIN EXPANSION",
      "detail": "FCF margin: +41.2% -> +75.0% (+33.8%)",
      "severity": "MEDIUM"
    },
    {
      "quarter": "2023-12 (Q4)",
      "signal": "YoY REVENUE GROWTH ACCELERATION",
      "detail": "YoY growth: +598.6% vs prior quarter YoY: +327.6% (accel: +271.0%)",
      "severity": "HIGH"
    },
    {
      "quarter": "2023-09 (Q3)",
      "signal": "OPERATING LEVERAGE",
      "detail": "Rev growth +208.8% vs OpEx growth +125.8% (leverage: 1.7x)",
      "severity": "MEDIUM"
    },
    {
      "quarter": "2023-09 (Q3)",
      "signal": "YoY REVENUE GROWTH ACCELERATION",
      "detail": "YoY growth: +327.6% vs prior quarter YoY: +295.9% (accel: +31.8%)",
      "severity": "HIGH"
    },
    {
      "quarter": "2023-06 (Q2)",
      "signal": "FCF TURNED POSITIVE",
      "detail": "FCF margin: -379.5% -> +279.0%",
      "severity": "HIGH"
    },
    {
      "quarter": "2023-06 (Q2)",
      "signal": "OPERATING LEVERAGE",
      "detail": "Rev growth +274.5% vs OpEx growth +39.9% (leverage: 6.9x)",
      "severity": "MEDIUM"
    },
    {
      "quarter": "2023-06 (Q2)",
      "signal": "YoY REVENUE GROWTH ACCELERATION",
      "detail": "YoY growth: +295.9% vs prior quarter YoY: +16.7% (accel: +279.2%)",
      "severity": "HIGH"
    },
    {
      "quarter": "2023-03 (Q1)",
      "signal": "YoY REVENUE GROWTH ACCELERATION",
      "detail": "YoY growth: +16.7% vs prior quarter YoY: -90.7% (accel: +107.4%)",
      "severity": "HIGH"
    },
    {
      "quarter": "2022-12 (Q4)",
      "signal": "FCF MARGIN EXPANSION",
      "detail": "FCF margin: -269.1% -> -78.2% (+191.0%)",
      "severity": "MEDIUM"
    },
    {
      "quarter": "2022-12 (Q4)",
      "signal": "OPERATING LEVERAGE",
      "detail": "Rev growth +10.3% vs OpEx growth +6.4% (leverage: 1.6x)",
      "severity": "MEDIUM"
    },
    {
      "quarter": "2022-12 (Q4)",
      "signal": "YoY REVENUE GROWTH DECELERATION",
      "detail": "YoY growth: -90.7% vs prior quarter YoY: -25.5% (decel: -65.2%)",
      "severity": "WARNING"
    },
    {
      "quarter": "2022-09 (Q3)",
      "signal": "FCF MARGIN EXPANSION",
      "detail": "FCF margin: -1402.3% -> -269.1% (+1133.1%)",
      "severity": "MEDIUM"
    },
    {
      "quarter": "2022-09 (Q3)",
      "signal": "OPERATING LEVERAGE",
      "detail": "Rev growth +185.9% vs OpEx growth +22.5% (leverage: 8.3x)",
      "severity": "MEDIUM"
    },
    {
      "quarter": "2022-09 (Q3)",
      "signal": "YoY REVENUE GROWTH ACCELERATION",
      "detail": "YoY growth: -25.5% vs prior quarter YoY: -35.1% (accel: +9.5%)",
      "severity": "MEDIUM"
    },
    {
      "quarter": "2022-06 (Q2)",
      "signal": "YoY REVENUE GROWTH ACCELERATION",
      "detail": "YoY growth: -35.1% vs prior quarter YoY: -62.9% (accel: +27.9%)",
      "severity": "HIGH"
    },
    {
      "quarter": "2022-03 (Q1)",
      "signal": "YoY REVENUE GROWTH DECELERATION",
      "detail": "YoY growth: -62.9% vs prior quarter YoY: +63.1% (decel: -126.0%)",
      "severity": "WARNING"
    },
    {
      "quarter": "2021-12 (Q4)",
      "signal": "FCF TURNED POSITIVE",
      "detail": "FCF margin: -214.9% -> +44.4%",
      "severity": "HIGH"
    },
    {
      "quarter": "2021-12 (Q4)",
      "signal": "OPERATING LEVERAGE",
      "detail": "Rev growth +780.5% vs OpEx growth +327.1% (leverage: 2.4x)",
      "severity": "MEDIUM"
    },
    {
      "quarter": "2021-09 (Q3)",
      "signal": "FCF MARGIN EXPANSION",
      "detail": "FCF margin: -787.2% -> -214.9% (+572.4%)",
      "severity": "MEDIUM"
    },
    {
      "quarter": "2021-09 (Q3)",
      "signal": "OPERATING LEVERAGE",
      "detail": "Rev growth +149.2% vs OpEx growth +16.8% (leverage: 8.9x)",
      "severity": "MEDIUM"
    }
  ],
  "data_quality": {
    "n_quarters": 20,
    "coverage": {
      "revenue": [
        20,
        20
      ],
      "gross_profit": [
        0,
        20
      ],
      "op_income": [
        0,
        20
      ],
      "fcf": [
        20,
        20
      ]
    },
    "gaps": [],
    "warnings": [
      "gross_profit: no data",
      "op_income: no data"
    ]
  },
  "market_cap": null,
  "source": "SEC EDGAR",
  "last_updated": "2026-02-02T22:08:03.487447"
}