{
  "ticker": "FPI",
  "name": "Farmland Partners Inc.",
  "quarters": [
    {
      "date": "2020-12-31T00:00:00",
      "quarter_label": "2020-12 (Q4)",
      "revenue": 17917000,
      "gross_profit": null,
      "operating_income": 9701000,
      "net_income": 6036000,
      "opex": 8216000,
      "cogs": null,
      "rd": null,
      "sga": null,
      "fcf": 9565000,
      "ocf": 9565000,
      "capex": null,
      "gross_margin": null,
      "op_margin": 0.5414410894681029,
      "fcf_margin": 0.5338505330133393
    },
    {
      "date": "2021-03-31T00:00:00",
      "quarter_label": "2021-03 (Q1)",
      "revenue": 11575000,
      "gross_profit": null,
      "operating_income": 3098000,
      "net_income": 2360000,
      "opex": 8477000,
      "cogs": null,
      "rd": null,
      "sga": null,
      "fcf": 11406000,
      "ocf": 11406000,
      "capex": null,
      "gross_margin": null,
      "op_margin": 0.26764578833693303,
      "fcf_margin": 0.9853995680345572,
      "fcf_margin_change": 0.4515490350212179
    },
    {
      "date": "2021-06-30T00:00:00",
      "quarter_label": "2021-06 (Q2)",
      "revenue": 10013000,
      "gross_profit": null,
      "operating_income": 955000,
      "net_income": -2735000,
      "opex": 9058000,
      "cogs": null,
      "rd": null,
      "sga": null,
      "fcf": -3189000,
      "ocf": -3189000,
      "capex": null,
      "gross_margin": null,
      "op_margin": 0.09537601118545891,
      "fcf_margin": -0.31848596824128633,
      "fcf_margin_change": -1.3038855362758435
    },
    {
      "date": "2021-09-30T00:00:00",
      "quarter_label": "2021-09 (Q3)",
      "revenue": 10105000,
      "gross_profit": null,
      "operating_income": 1434000,
      "net_income": -2554000,
      "opex": 8671000,
      "cogs": null,
      "rd": null,
      "sga": null,
      "fcf": -6979000,
      "ocf": -6979000,
      "capex": null,
      "gross_margin": null,
      "op_margin": 0.14190994557149925,
      "fcf_margin": -0.6906481939633845,
      "fcf_margin_change": -0.37216222572209817
    },
    {
      "date": "2021-12-31T00:00:00",
      "quarter_label": "2021-12 (Q4)",
      "revenue": 20046000,
      "gross_profit": null,
      "operating_income": 11323000,
      "net_income": 12919000,
      "opex": 8720000,
      "cogs": null,
      "rd": null,
      "sga": null,
      "fcf": 6618000,
      "ocf": 6618000,
      "capex": null,
      "gross_margin": null,
      "op_margin": 0.5648508430609598,
      "fcf_margin": 0.3301406764441784,
      "incr_op_margin_yoy": 0.7618600281822452,
      "rev_growth_yoy": 0.11882569626611598,
      "op_leverage_ratio": 174.087208797423,
      "fcf_margin_change": 1.020788870407563
    },
    {
      "date": "2022-03-31T00:00:00",
      "quarter_label": "2022-03 (Q1)",
      "revenue": 13890000,
      "gross_profit": null,
      "operating_income": 4320000,
      "net_income": 1106000,
      "opex": 9570000,
      "cogs": null,
      "rd": null,
      "sga": null,
      "fcf": 10309000,
      "ocf": 10309000,
      "capex": null,
      "gross_margin": null,
      "op_margin": 0.31101511879049676,
      "fcf_margin": 0.7421886249100071,
      "incr_op_margin_yoy": 0.5278617710583153,
      "rev_growth_yoy": 0.2,
      "rev_growth_yoy_accel": 0.08117430373388403,
      "fcf_margin_change": 0.41204794846582876
    },
    {
      "date": "2022-06-30T00:00:00",
      "quarter_label": "2022-06 (Q2)",
      "revenue": 12357000,
      "gross_profit": null,
      "operating_income": 3455000,
      "net_income": 2916000,
      "opex": 8902000,
      "cogs": null,
      "rd": null,
      "sga": null,
      "fcf": -1871000,
      "ocf": -1871000,
      "capex": null,
      "gross_margin": null,
      "op_margin": 0.279598608076394,
      "fcf_margin": -0.15141215505381564,
      "incr_op_margin_yoy": 1.0665529010238908,
      "rev_growth_yoy": 0.2340956756216918,
      "rev_growth_yoy_accel": 0.0340956756216918,
      "fcf_margin_change": -0.8936007799638228
    },
    {
      "date": "2022-09-30T00:00:00",
      "quarter_label": "2022-09 (Q3)",
      "revenue": 13140000,
      "gross_profit": null,
      "operating_income": 4725000,
      "net_income": 1094000,
      "opex": 8415000,
      "cogs": null,
      "rd": null,
      "sga": null,
      "fcf": 318000,
      "ocf": 318000,
      "capex": null,
      "gross_margin": null,
      "op_margin": 0.3595890410958904,
      "fcf_margin": 0.024200913242009132,
      "incr_op_margin_yoy": 1.084349258649094,
      "rev_growth_yoy": 0.30034636318654134,
      "rev_growth_yoy_accel": 0.06625068756484953,
      "op_leverage_ratio": Infinity,
      "fcf_margin_change": 0.17561306829582476
    },
    {
      "date": "2022-12-31T00:00:00",
      "quarter_label": "2022-12 (Q4)",
      "revenue": 21823000,
      "gross_profit": null,
      "operating_income": 12478000,
      "net_income": 6559000,
      "opex": 9349000,
      "cogs": null,
      "rd": null,
      "sga": null,
      "fcf": 8295000,
      "ocf": 8295000,
      "capex": null,
      "gross_margin": null,
      "op_margin": 0.5717820647940246,
      "fcf_margin": 0.38010356046373095,
      "incr_op_margin_yoy": 0.6499718626899268,
      "rev_growth_yoy": 0.08864611393794274,
      "rev_growth_yoy_accel": -0.2117002492485986,
      "op_leverage_ratio": 5.953627790325893,
      "fcf_margin_change": 0.3559026472217218
    },
    {
      "date": "2023-03-31T00:00:00",
      "quarter_label": "2023-03 (Q1)",
      "revenue": 12672000,
      "gross_profit": null,
      "operating_income": 4837000,
      "net_income": 1676000,
      "opex": 7835000,
      "cogs": null,
      "rd": null,
      "sga": null,
      "fcf": 15839000,
      "ocf": 15839000,
      "capex": null,
      "gross_margin": null,
      "op_margin": 0.38170770202020204,
      "fcf_margin": 1.2499210858585859,
      "incr_op_margin_yoy": -0.4244663382594417,
      "rev_growth_yoy": -0.0876889848812095,
      "rev_growth_yoy_accel": -0.17633509881915224,
      "fcf_margin_change": 0.8698175253948549
    },
    {
      "date": "2023-06-30T00:00:00",
      "quarter_label": "2023-06 (Q2)",
      "revenue": 11584000,
      "gross_profit": null,
      "operating_income": 2757000,
      "net_income": 7711000,
      "opex": 8827000,
      "cogs": null,
      "rd": null,
      "sga": null,
      "fcf": -6445000,
      "ocf": -6445000,
      "capex": null,
      "gross_margin": null,
      "op_margin": 0.2380006906077348,
      "fcf_margin": -0.5563708563535912,
      "rev_growth_yoy": -0.0625556364813466,
      "rev_growth_yoy_accel": 0.025133348399862906,
      "fcf_margin_change": -1.806291942212177
    },
    {
      "date": "2023-09-30T00:00:00",
      "quarter_label": "2023-09 (Q3)",
      "revenue": 11617000,
      "gross_profit": null,
      "operating_income": 15000,
      "net_income": 4210000,
      "opex": 11602000,
      "cogs": null,
      "rd": null,
      "sga": null,
      "fcf": -3662000,
      "ocf": -3662000,
      "capex": null,
      "gross_margin": null,
      "op_margin": 0.0012912111560643884,
      "fcf_margin": -0.315227683567186,
      "incr_op_margin_yoy": 3.09258043335522,
      "rev_growth_yoy": -0.11590563165905632,
      "rev_growth_yoy_accel": -0.05334999517770972,
      "fcf_margin_change": 0.24114317278640518
    },
    {
      "date": "2023-12-31T00:00:00",
      "quarter_label": "2023-12 (Q4)",
      "revenue": 21592000,
      "gross_profit": null,
      "operating_income": null,
      "net_income": 17317000,
      "opex": 11201000,
      "cogs": null,
      "rd": null,
      "sga": null,
      "fcf": 7155000,
      "ocf": 7155000,
      "capex": null,
      "gross_margin": null,
      "op_margin": null,
      "fcf_margin": 0.33137273064097816,
      "rev_growth_yoy": -0.010585162443293772,
      "rev_growth_yoy_accel": 0.10532046921576255,
      "op_leverage_ratio": Infinity,
      "fcf_margin_change": 0.6466004142081642
    },
    {
      "date": "2024-03-31T00:00:00",
      "quarter_label": "2024-03 (Q1)",
      "revenue": 11990000,
      "gross_profit": null,
      "operating_income": null,
      "net_income": 1373000,
      "opex": 6843000,
      "cogs": null,
      "rd": null,
      "sga": null,
      "fcf": 11897000,
      "ocf": 11897000,
      "capex": null,
      "gross_margin": null,
      "op_margin": null,
      "fcf_margin": 0.9922435362802335,
      "rev_growth_yoy": -0.05381944444444445,
      "rev_growth_yoy_accel": -0.043234282001150676,
      "fcf_margin_change": 0.6608708056392554
    },
    {
      "date": "2024-06-30T00:00:00",
      "quarter_label": "2024-06 (Q2)",
      "revenue": 11445000,
      "gross_profit": null,
      "operating_income": null,
      "net_income": -2002000,
      "opex": 8205000,
      "cogs": null,
      "rd": null,
      "sga": null,
      "fcf": -6089000,
      "ocf": -6089000,
      "capex": null,
      "gross_margin": null,
      "op_margin": null,
      "fcf_margin": -0.5320227173438182,
      "rev_growth_yoy": -0.011999309392265194,
      "rev_growth_yoy_accel": 0.041820135052179255,
      "fcf_margin_change": -1.5242662536240519
    },
    {
      "date": "2024-09-30T00:00:00",
      "quarter_label": "2024-09 (Q3)",
      "revenue": 13317000,
      "gross_profit": null,
      "operating_income": null,
      "net_income": 1793000,
      "opex": 8094000,
      "cogs": null,
      "rd": null,
      "sga": null,
      "fcf": -4280000,
      "ocf": -4280000,
      "capex": null,
      "gross_margin": null,
      "op_margin": null,
      "fcf_margin": -0.321393707291432,
      "rev_growth_yoy": 0.14633726435396402,
      "rev_growth_yoy_accel": 0.15833657374622923,
      "op_leverage_ratio": Infinity,
      "fcf_margin_change": 0.2106290100523862
    },
    {
      "date": "2024-12-31T00:00:00",
      "quarter_label": "2024-12 (Q4)",
      "revenue": 21474000,
      "gross_profit": null,
      "operating_income": null,
      "net_income": 58746000,
      "opex": 10397000,
      "cogs": null,
      "rd": null,
      "sga": null,
      "fcf": 14614000,
      "ocf": 14614000,
      "capex": null,
      "gross_margin": null,
      "op_margin": null,
      "fcf_margin": 0.6805439135698985,
      "rev_growth_yoy": -0.005464987032234161,
      "rev_growth_yoy_accel": -0.15180225138619818,
      "op_leverage_ratio": 2.1527486455319407,
      "fcf_margin_change": 1.0019376208613306
    },
    {
      "date": "2025-03-31T00:00:00",
      "quarter_label": "2025-03 (Q1)",
      "revenue": 10252000,
      "gross_profit": null,
      "operating_income": null,
      "net_income": 2039000,
      "opex": 6399000,
      "cogs": null,
      "rd": null,
      "sga": null,
      "fcf": 6370000,
      "ocf": 6370000,
      "capex": null,
      "gross_margin": null,
      "op_margin": null,
      "fcf_margin": 0.6213421771361686,
      "rev_growth_yoy": -0.14495412844036698,
      "rev_growth_yoy_accel": -0.13948914140813282,
      "fcf_margin_change": -0.059201736433729946
    },
    {
      "date": "2025-06-30T00:00:00",
      "quarter_label": "2025-06 (Q2)",
      "revenue": 9960000,
      "gross_profit": null,
      "operating_income": null,
      "net_income": 7602000,
      "opex": 24093000,
      "cogs": null,
      "rd": null,
      "sga": null,
      "fcf": -2184000,
      "ocf": -2184000,
      "capex": null,
      "gross_margin": null,
      "op_margin": null,
      "fcf_margin": -0.21927710843373494,
      "rev_growth_yoy": -0.12975098296199214,
      "rev_growth_yoy_accel": 0.015203145478374841,
      "fcf_margin_change": -0.8406192855699035
    },
    {
      "date": "2025-09-30T00:00:00",
      "quarter_label": "2025-09 (Q3)",
      "revenue": 11251000,
      "gross_profit": null,
      "operating_income": null,
      "net_income": 483000,
      "opex": 8244000,
      "cogs": null,
      "rd": null,
      "sga": null,
      "fcf": -1953000,
      "ocf": -1953000,
      "capex": null,
      "gross_margin": null,
      "op_margin": null,
      "fcf_margin": -0.1735845702604213,
      "rev_growth_yoy": -0.15514004655703237,
      "rev_growth_yoy_accel": -0.02538906359504023,
      "op_leverage_ratio": Infinity,
      "fcf_margin_change": 0.045692538173313646
    }
  ],
  "signals": [
    {
      "quarter": "2025-03 (Q1)",
      "signal": "YoY REVENUE GROWTH DECELERATION",
      "detail": "YoY growth: -14.5% vs prior quarter YoY: -0.5% (decel: -13.9%)",
      "severity": "WARNING"
    },
    {
      "quarter": "2024-12 (Q4)",
      "signal": "FCF TURNED POSITIVE",
      "detail": "FCF margin: -32.1% -> +68.1%",
      "severity": "HIGH"
    },
    {
      "quarter": "2024-12 (Q4)",
      "signal": "OPERATING LEVERAGE",
      "detail": "Rev growth +61.3% vs OpEx growth +28.5% (leverage: 2.2x)",
      "severity": "MEDIUM"
    },
    {
      "quarter": "2024-12 (Q4)",
      "signal": "YoY REVENUE GROWTH DECELERATION",
      "detail": "YoY growth: -0.5% vs prior quarter YoY: +14.6% (decel: -15.2%)",
      "severity": "WARNING"
    },
    {
      "quarter": "2024-09 (Q3)",
      "signal": "FCF MARGIN EXPANSION",
      "detail": "FCF margin: -53.2% -> -32.1% (+21.1%)",
      "severity": "MEDIUM"
    },
    {
      "quarter": "2024-09 (Q3)",
      "signal": "YoY REVENUE GROWTH ACCELERATION",
      "detail": "YoY growth: +14.6% vs prior quarter YoY: -1.2% (accel: +15.8%)",
      "severity": "HIGH"
    },
    {
      "quarter": "2024-03 (Q1)",
      "signal": "FCF MARGIN EXPANSION",
      "detail": "FCF margin: +33.1% -> +99.2% (+66.1%)",
      "severity": "MEDIUM"
    },
    {
      "quarter": "2023-12 (Q4)",
      "signal": "FCF TURNED POSITIVE",
      "detail": "FCF margin: -31.5% -> +33.1%",
      "severity": "HIGH"
    },
    {
      "quarter": "2023-12 (Q4)",
      "signal": "YoY REVENUE GROWTH ACCELERATION",
      "detail": "YoY growth: -1.1% vs prior quarter YoY: -11.6% (accel: +10.5%)",
      "severity": "MEDIUM"
    },
    {
      "quarter": "2023-09 (Q3)",
      "signal": "FCF MARGIN EXPANSION",
      "detail": "FCF margin: -55.6% -> -31.5% (+24.1%)",
      "severity": "MEDIUM"
    },
    {
      "quarter": "2023-09 (Q3)",
      "signal": "YoY REVENUE GROWTH DECELERATION",
      "detail": "YoY growth: -11.6% vs prior quarter YoY: -6.3% (decel: -5.3%)",
      "severity": "WARNING"
    },
    {
      "quarter": "2023-09 (Q3)",
      "signal": "INCREMENTAL MARGIN (YoY)",
      "detail": "YoY Incr OPM: +309.3% vs year-ago OPM: +36.0%",
      "severity": "HIGH"
    },
    {
      "quarter": "2023-03 (Q1)",
      "signal": "FCF MARGIN EXPANSION",
      "detail": "FCF margin: +38.0% -> +125.0% (+87.0%)",
      "severity": "MEDIUM"
    },
    {
      "quarter": "2023-03 (Q1)",
      "signal": "YoY REVENUE GROWTH DECELERATION",
      "detail": "YoY growth: -8.8% vs prior quarter YoY: +8.9% (decel: -17.6%)",
      "severity": "WARNING"
    },
    {
      "quarter": "2022-12 (Q4)",
      "signal": "FCF MARGIN EXPANSION",
      "detail": "FCF margin: +2.4% -> +38.0% (+35.6%)",
      "severity": "MEDIUM"
    },
    {
      "quarter": "2022-12 (Q4)",
      "signal": "OPERATING LEVERAGE",
      "detail": "Rev growth +66.1% vs OpEx growth +11.1% (leverage: 6.0x)",
      "severity": "MEDIUM"
    },
    {
      "quarter": "2022-12 (Q4)",
      "signal": "YoY REVENUE GROWTH DECELERATION",
      "detail": "YoY growth: +8.9% vs prior quarter YoY: +30.0% (decel: -21.2%)",
      "severity": "WARNING"
    },
    {
      "quarter": "2022-09 (Q3)",
      "signal": "FCF TURNED POSITIVE",
      "detail": "FCF margin: -15.1% -> +2.4%",
      "severity": "HIGH"
    },
    {
      "quarter": "2022-09 (Q3)",
      "signal": "YoY REVENUE GROWTH ACCELERATION",
      "detail": "YoY growth: +30.0% vs prior quarter YoY: +23.4% (accel: +6.6%)",
      "severity": "MEDIUM"
    },
    {
      "quarter": "2022-09 (Q3)",
      "signal": "INCREMENTAL MARGIN (YoY)",
      "detail": "YoY Incr OPM: +108.4% vs year-ago OPM: +14.2%",
      "severity": "HIGH"
    },
    {
      "quarter": "2022-06 (Q2)",
      "signal": "INCREMENTAL MARGIN (YoY)",
      "detail": "YoY Incr OPM: +106.7% vs year-ago OPM: +9.5%",
      "severity": "HIGH"
    },
    {
      "quarter": "2022-03 (Q1)",
      "signal": "FCF MARGIN EXPANSION",
      "detail": "FCF margin: +33.0% -> +74.2% (+41.2%)",
      "severity": "MEDIUM"
    },
    {
      "quarter": "2022-03 (Q1)",
      "signal": "YoY REVENUE GROWTH ACCELERATION",
      "detail": "YoY growth: +20.0% vs prior quarter YoY: +11.9% (accel: +8.1%)",
      "severity": "MEDIUM"
    },
    {
      "quarter": "2022-03 (Q1)",
      "signal": "INCREMENTAL MARGIN (YoY)",
      "detail": "YoY Incr OPM: +52.8% vs year-ago OPM: +26.8%",
      "severity": "HIGH"
    },
    {
      "quarter": "2021-12 (Q4)",
      "signal": "FCF TURNED POSITIVE",
      "detail": "FCF margin: -69.1% -> +33.0%",
      "severity": "HIGH"
    },
    {
      "quarter": "2021-12 (Q4)",
      "signal": "OPERATING LEVERAGE",
      "detail": "Rev growth +98.4% vs OpEx growth +0.6% (leverage: 174.1x)",
      "severity": "MEDIUM"
    },
    {
      "quarter": "2021-12 (Q4)",
      "signal": "INCREMENTAL MARGIN (YoY)",
      "detail": "YoY Incr OPM: +76.2% vs year-ago OPM: +54.1%",
      "severity": "HIGH"
    },
    {
      "quarter": "2021-03 (Q1)",
      "signal": "FCF MARGIN EXPANSION",
      "detail": "FCF margin: +53.4% -> +98.5% (+45.2%)",
      "severity": "MEDIUM"
    }
  ],
  "data_quality": {
    "n_quarters": 20,
    "coverage": {
      "revenue": [
        20,
        20
      ],
      "gross_profit": [
        0,
        20
      ],
      "op_income": [
        12,
        20
      ],
      "fcf": [
        20,
        20
      ]
    },
    "gaps": [],
    "warnings": [
      "gross_profit: no data",
      "op_income: 12/20Q"
    ]
  },
  "market_cap": null,
  "source": "SEC EDGAR",
  "last_updated": "2026-02-02T22:26:12.439278",
  "sector": "Real Estate",
  "industry": "REIT - Specialty"
}