{
  "ticker": "FR",
  "name": "FIRST INDUSTRIAL REALTY TRUST, INC.",
  "quarters": [
    {
      "date": "2020-12-31T00:00:00",
      "quarter_label": "2020-12 (Q4)",
      "revenue": 112289000,
      "gross_profit": null,
      "operating_income": null,
      "net_income": 83727000,
      "opex": 71692000,
      "cogs": null,
      "rd": null,
      "sga": null,
      "fcf": 50291000,
      "ocf": 50291000,
      "capex": null,
      "gross_margin": null,
      "op_margin": null,
      "fcf_margin": 0.44787111827516496
    },
    {
      "date": "2021-03-31T00:00:00",
      "quarter_label": "2021-03 (Q1)",
      "revenue": 116259000,
      "gross_profit": null,
      "operating_income": null,
      "net_income": 62198000,
      "opex": 73781000,
      "cogs": null,
      "rd": null,
      "sga": null,
      "fcf": 41405000,
      "ocf": 41405000,
      "capex": null,
      "gross_margin": null,
      "op_margin": null,
      "fcf_margin": 0.35614447053561443,
      "op_leverage_ratio": 1.2133484751983383,
      "fcf_margin_change": -0.09172664773955053
    },
    {
      "date": "2021-06-30T00:00:00",
      "quarter_label": "2021-06 (Q2)",
      "revenue": 117398000,
      "gross_profit": null,
      "operating_income": null,
      "net_income": 51936000,
      "opex": 72663000,
      "cogs": null,
      "rd": null,
      "sga": null,
      "fcf": 77079000,
      "ocf": 77079000,
      "capex": null,
      "gross_margin": null,
      "op_margin": null,
      "fcf_margin": 0.656561440569686,
      "fcf_margin_change": 0.3004169700340716
    },
    {
      "date": "2021-09-30T00:00:00",
      "quarter_label": "2021-09 (Q3)",
      "revenue": 121082000,
      "gross_profit": null,
      "operating_income": null,
      "net_income": 42446000,
      "opex": 75137000,
      "cogs": null,
      "rd": null,
      "sga": null,
      "fcf": 77953000,
      "ocf": 77953000,
      "capex": null,
      "gross_margin": null,
      "op_margin": null,
      "fcf_margin": 0.6438033729208306,
      "op_leverage_ratio": 0.9216638470853792,
      "fcf_margin_change": -0.012758067648855453
    },
    {
      "date": "2021-12-31T00:00:00",
      "quarter_label": "2021-12 (Q4)",
      "revenue": 121551000,
      "gross_profit": null,
      "operating_income": null,
      "net_income": 114417000,
      "opex": 75282000,
      "cogs": null,
      "rd": null,
      "sga": null,
      "fcf": 70458000,
      "ocf": 70458000,
      "capex": null,
      "gross_margin": null,
      "op_margin": null,
      "fcf_margin": 0.5796579213663401,
      "rev_growth_yoy": 0.08248359144706961,
      "fcf_margin_change": -0.06414545155449047
    },
    {
      "date": "2022-03-31T00:00:00",
      "quarter_label": "2022-03 (Q1)",
      "revenue": 125513000,
      "gross_profit": null,
      "operating_income": null,
      "net_income": 36258000,
      "opex": 78066000,
      "cogs": null,
      "rd": null,
      "sga": null,
      "fcf": 59898000,
      "ocf": 59898000,
      "capex": null,
      "gross_margin": null,
      "op_margin": null,
      "fcf_margin": 0.4772254666847259,
      "rev_growth_yoy": 0.07959813863872904,
      "rev_growth_yoy_accel": -0.0028854528083405717,
      "op_leverage_ratio": 0.8814097544978281,
      "fcf_margin_change": -0.10243245468161422
    },
    {
      "date": "2022-06-30T00:00:00",
      "quarter_label": "2022-06 (Q2)",
      "revenue": 130049000,
      "gross_profit": null,
      "operating_income": null,
      "net_income": 116991000,
      "opex": 79579000,
      "cogs": null,
      "rd": null,
      "sga": null,
      "fcf": 198991000,
      "ocf": 198991000,
      "capex": null,
      "gross_margin": null,
      "op_margin": null,
      "fcf_margin": 1.5301232612323048,
      "rev_growth_yoy": 0.10776163137361795,
      "rev_growth_yoy_accel": 0.028163492734888912,
      "op_leverage_ratio": 1.864692976165934,
      "fcf_margin_change": 1.052897794547579
    },
    {
      "date": "2022-09-30T00:00:00",
      "quarter_label": "2022-09 (Q3)",
      "revenue": 139753000,
      "gross_profit": null,
      "operating_income": null,
      "net_income": 123888000,
      "opex": 82652000,
      "cogs": null,
      "rd": null,
      "sga": null,
      "fcf": 87133000,
      "ocf": 87133000,
      "capex": null,
      "gross_margin": null,
      "op_margin": null,
      "fcf_margin": 0.6234785657552968,
      "rev_growth_yoy": 0.15420128507953287,
      "rev_growth_yoy_accel": 0.04643965370591492,
      "op_leverage_ratio": 1.9323228431831634,
      "fcf_margin_change": -0.906644695477008
    },
    {
      "date": "2022-12-31T00:00:00",
      "quarter_label": "2022-12 (Q4)",
      "revenue": 144614000,
      "gross_profit": null,
      "operating_income": null,
      "net_income": 81997000,
      "opex": 85667000,
      "cogs": null,
      "rd": null,
      "sga": null,
      "fcf": 64921000,
      "ocf": 64921000,
      "capex": null,
      "gross_margin": null,
      "op_margin": null,
      "fcf_margin": 0.4489261067393198,
      "rev_growth_yoy": 0.18973928639007495,
      "rev_growth_yoy_accel": 0.03553800131054208,
      "op_leverage_ratio": 0.9535215927451439,
      "fcf_margin_change": -0.174552459015977
    },
    {
      "date": "2023-03-31T00:00:00",
      "quarter_label": "2023-03 (Q1)",
      "revenue": 149423000,
      "gross_profit": null,
      "operating_income": null,
      "net_income": 55967000,
      "opex": 92092000,
      "cogs": null,
      "rd": null,
      "sga": null,
      "fcf": 70318000,
      "ocf": 70318000,
      "capex": null,
      "gross_margin": null,
      "op_margin": null,
      "fcf_margin": 0.4705968960601781,
      "rev_growth_yoy": 0.19049819540605356,
      "rev_growth_yoy_accel": 0.0007589090159786094,
      "op_leverage_ratio": 0.44338894916234545,
      "fcf_margin_change": 0.021670789320858308
    },
    {
      "date": "2023-06-30T00:00:00",
      "quarter_label": "2023-06 (Q2)",
      "revenue": 152223000,
      "gross_profit": null,
      "operating_income": null,
      "net_income": 54636000,
      "opex": 91214000,
      "cogs": null,
      "rd": null,
      "sga": null,
      "fcf": 85791000,
      "ocf": 85791000,
      "capex": null,
      "gross_margin": null,
      "op_margin": null,
      "fcf_margin": 0.5635876313040736,
      "rev_growth_yoy": 0.17050496351375252,
      "rev_growth_yoy_accel": -0.01999323189230104,
      "op_leverage_ratio": Infinity,
      "fcf_margin_change": 0.0929907352438955
    },
    {
      "date": "2023-09-30T00:00:00",
      "quarter_label": "2023-09 (Q3)",
      "revenue": 155105000,
      "gross_profit": null,
      "operating_income": null,
      "net_income": 75012000,
      "opex": 92720000,
      "cogs": null,
      "rd": null,
      "sga": null,
      "fcf": 84335000,
      "ocf": 84335000,
      "capex": null,
      "gross_margin": null,
      "op_margin": null,
      "fcf_margin": 0.5437284420231456,
      "rev_growth_yoy": 0.10985095132125965,
      "rev_growth_yoy_accel": -0.060654012192492876,
      "op_leverage_ratio": 1.146701099968498,
      "fcf_margin_change": -0.019859189280928002
    },
    {
      "date": "2023-12-31T00:00:00",
      "quarter_label": "2023-12 (Q4)",
      "revenue": 157276000,
      "gross_profit": null,
      "operating_income": null,
      "net_income": 89201000,
      "opex": 93368000,
      "cogs": null,
      "rd": null,
      "sga": null,
      "fcf": 64371000,
      "ocf": 64371000,
      "capex": null,
      "gross_margin": null,
      "op_margin": null,
      "fcf_margin": 0.4092868587705689,
      "rev_growth_yoy": 0.08755722129254428,
      "rev_growth_yoy_accel": -0.02229373002871536,
      "op_leverage_ratio": 2.0027762953093107,
      "fcf_margin_change": -0.1344415832525767
    },
    {
      "date": "2024-03-31T00:00:00",
      "quarter_label": "2024-03 (Q1)",
      "revenue": 162272000,
      "gross_profit": null,
      "operating_income": null,
      "net_income": 68452000,
      "opex": 101040000,
      "cogs": null,
      "rd": null,
      "sga": null,
      "fcf": 62499000,
      "ocf": 62499000,
      "capex": null,
      "gross_margin": null,
      "op_margin": null,
      "fcf_margin": 0.3851496253204496,
      "rev_growth_yoy": 0.0859907778588303,
      "rev_growth_yoy_accel": -0.001566443433713982,
      "op_leverage_ratio": 0.38658895007630034,
      "fcf_margin_change": -0.02413723345011931
    },
    {
      "date": "2024-06-30T00:00:00",
      "quarter_label": "2024-06 (Q2)",
      "revenue": 164136000,
      "gross_profit": null,
      "operating_income": null,
      "net_income": 51318000,
      "opex": 96091000,
      "cogs": null,
      "rd": null,
      "sga": null,
      "fcf": 107735000,
      "ocf": 107735000,
      "capex": null,
      "gross_margin": null,
      "op_margin": null,
      "fcf_margin": 0.6563764195545158,
      "rev_growth_yoy": 0.07826018407205218,
      "rev_growth_yoy_accel": -0.007730593786778123,
      "op_leverage_ratio": Infinity,
      "fcf_margin_change": 0.27122679423406615
    },
    {
      "date": "2024-09-30T00:00:00",
      "quarter_label": "2024-09 (Q3)",
      "revenue": 167645000,
      "gross_profit": null,
      "operating_income": null,
      "net_income": 99363000,
      "opex": 97837000,
      "cogs": null,
      "rd": null,
      "sga": null,
      "fcf": 105474000,
      "ocf": 105474000,
      "capex": null,
      "gross_margin": null,
      "op_margin": null,
      "fcf_margin": 0.6291508843091056,
      "rev_growth_yoy": 0.0808484574965346,
      "rev_growth_yoy_accel": 0.0025882734244824235,
      "op_leverage_ratio": 1.1765706117425823,
      "fcf_margin_change": -0.02722553524541016
    },
    {
      "date": "2024-12-31T00:00:00",
      "quarter_label": "2024-12 (Q4)",
      "revenue": 175588000,
      "gross_profit": null,
      "operating_income": null,
      "net_income": 68421000,
      "opex": 102256000,
      "cogs": null,
      "rd": null,
      "sga": null,
      "fcf": 76780000,
      "ocf": 76780000,
      "capex": null,
      "gross_margin": null,
      "op_margin": null,
      "fcf_margin": 0.4372736177870925,
      "rev_growth_yoy": 0.11643225921310307,
      "rev_growth_yoy_accel": 0.03558380171656847,
      "op_leverage_ratio": 1.0489941909288472,
      "fcf_margin_change": -0.1918772665220131
    },
    {
      "date": "2025-03-31T00:00:00",
      "quarter_label": "2025-03 (Q1)",
      "revenue": 177074000,
      "gross_profit": null,
      "operating_income": null,
      "net_income": 48103000,
      "opex": 108179000,
      "cogs": null,
      "rd": null,
      "sga": null,
      "fcf": 88566000,
      "ocf": 88566000,
      "capex": null,
      "gross_margin": null,
      "op_margin": null,
      "fcf_margin": 0.5001637733377006,
      "rev_growth_yoy": 0.09121721553934135,
      "rev_growth_yoy_accel": -0.02521504367376172,
      "fcf_margin_change": 0.06289015555060806
    },
    {
      "date": "2025-06-30T00:00:00",
      "quarter_label": "2025-06 (Q2)",
      "revenue": 180163000,
      "gross_profit": null,
      "operating_income": null,
      "net_income": 55185000,
      "opex": 101212000,
      "cogs": null,
      "rd": null,
      "sga": null,
      "fcf": 126054000,
      "ocf": 126054000,
      "capex": null,
      "gross_margin": null,
      "op_margin": null,
      "fcf_margin": 0.6996664131924979,
      "rev_growth_yoy": 0.09764463615538334,
      "rev_growth_yoy_accel": 0.0064274206160419844,
      "op_leverage_ratio": Infinity,
      "fcf_margin_change": 0.19950263985479733
    },
    {
      "date": "2025-09-30T00:00:00",
      "quarter_label": "2025-09 (Q3)",
      "revenue": 181430000,
      "gross_profit": null,
      "operating_income": null,
      "net_income": 65306000,
      "opex": 100675000,
      "cogs": null,
      "rd": null,
      "sga": null,
      "fcf": 124608000,
      "ocf": 124608000,
      "capex": null,
      "gross_margin": null,
      "op_margin": null,
      "fcf_margin": 0.6868103400760623,
      "rev_growth_yoy": 0.08222732559873543,
      "rev_growth_yoy_accel": -0.015417310556647912,
      "fcf_margin_change": -0.012856073116435551
    }
  ],
  "signals": [
    {
      "quarter": "2025-06 (Q2)",
      "signal": "FCF MARGIN EXPANSION",
      "detail": "FCF margin: +50.0% -> +70.0% (+20.0%)",
      "severity": "MEDIUM"
    },
    {
      "quarter": "2025-03 (Q1)",
      "signal": "FCF MARGIN EXPANSION",
      "detail": "FCF margin: +43.7% -> +50.0% (+6.3%)",
      "severity": "MEDIUM"
    },
    {
      "quarter": "2024-06 (Q2)",
      "signal": "FCF MARGIN EXPANSION",
      "detail": "FCF margin: +38.5% -> +65.6% (+27.1%)",
      "severity": "MEDIUM"
    },
    {
      "quarter": "2023-12 (Q4)",
      "signal": "OPERATING LEVERAGE",
      "detail": "Rev growth +1.4% vs OpEx growth +0.7% (leverage: 2.0x)",
      "severity": "MEDIUM"
    },
    {
      "quarter": "2023-09 (Q3)",
      "signal": "YoY REVENUE GROWTH DECELERATION",
      "detail": "YoY growth: +11.0% vs prior quarter YoY: +17.1% (decel: -6.1%)",
      "severity": "WARNING"
    },
    {
      "quarter": "2023-06 (Q2)",
      "signal": "FCF MARGIN EXPANSION",
      "detail": "FCF margin: +47.1% -> +56.4% (+9.3%)",
      "severity": "MEDIUM"
    },
    {
      "quarter": "2022-09 (Q3)",
      "signal": "OPERATING LEVERAGE",
      "detail": "Rev growth +7.5% vs OpEx growth +3.9% (leverage: 1.9x)",
      "severity": "MEDIUM"
    },
    {
      "quarter": "2022-06 (Q2)",
      "signal": "FCF MARGIN EXPANSION",
      "detail": "FCF margin: +47.7% -> +153.0% (+105.3%)",
      "severity": "MEDIUM"
    },
    {
      "quarter": "2022-06 (Q2)",
      "signal": "OPERATING LEVERAGE",
      "detail": "Rev growth +3.6% vs OpEx growth +1.9% (leverage: 1.9x)",
      "severity": "MEDIUM"
    },
    {
      "quarter": "2021-06 (Q2)",
      "signal": "FCF MARGIN EXPANSION",
      "detail": "FCF margin: +35.6% -> +65.7% (+30.0%)",
      "severity": "MEDIUM"
    }
  ],
  "data_quality": {
    "n_quarters": 20,
    "coverage": {
      "revenue": [
        20,
        20
      ],
      "gross_profit": [
        0,
        20
      ],
      "op_income": [
        0,
        20
      ],
      "fcf": [
        20,
        20
      ]
    },
    "gaps": [],
    "warnings": [
      "gross_profit: no data",
      "op_income: no data"
    ]
  },
  "market_cap": null,
  "source": "SEC EDGAR",
  "last_updated": "2026-02-02T20:46:37.889702",
  "sector": "Real Estate",
  "industry": "REIT - Industrial"
}