{
  "ticker": "FREVS",
  "name": "FIRST REAL ESTATE INVESTMENT TRUST OF NEW JERSEY, INC.",
  "quarters": [
    {
      "date": "2021-01-31T00:00:00",
      "quarter_label": "2021-01 (Q1)",
      "revenue": 12754000,
      "gross_profit": null,
      "operating_income": 3908000,
      "net_income": 558000,
      "opex": 8846000,
      "cogs": null,
      "rd": null,
      "sga": null,
      "fcf": 5161000,
      "ocf": 5161000,
      "capex": null,
      "gross_margin": null,
      "op_margin": 0.3064136741414458,
      "fcf_margin": 0.404657362396111
    },
    {
      "date": "2021-04-30T00:00:00",
      "quarter_label": "2021-04 (Q2)",
      "revenue": 12804000,
      "gross_profit": null,
      "operating_income": 3086000,
      "net_income": 9000,
      "opex": 9718000,
      "cogs": null,
      "rd": null,
      "sga": null,
      "fcf": 3609000,
      "ocf": 3609000,
      "capex": null,
      "gross_margin": null,
      "op_margin": 0.24101843174008122,
      "fcf_margin": 0.2818650421743205,
      "fcf_margin_change": -0.12279232022179049
    },
    {
      "date": "2021-07-31T00:00:00",
      "quarter_label": "2021-07 (Q3)",
      "revenue": 12542000,
      "gross_profit": null,
      "operating_income": 3437000,
      "net_income": 209000,
      "opex": 9105000,
      "cogs": null,
      "rd": null,
      "sga": null,
      "fcf": 1425000,
      "ocf": 1425000,
      "capex": null,
      "gross_margin": null,
      "op_margin": 0.2740392281932706,
      "fcf_margin": 0.11361824270451283,
      "fcf_margin_change": -0.1682467994698077
    },
    {
      "date": "2021-10-31T00:00:00",
      "quarter_label": "2021-10 (Q4)",
      "revenue": 12191000,
      "gross_profit": null,
      "operating_income": 3071000,
      "net_income": 151000,
      "opex": 9120000,
      "cogs": null,
      "rd": null,
      "sga": null,
      "fcf": 2024000,
      "ocf": 2024000,
      "capex": null,
      "gross_margin": null,
      "op_margin": 0.25190714461487984,
      "fcf_margin": 0.16602411615125912,
      "fcf_margin_change": 0.052405873446746284
    },
    {
      "date": "2022-01-31T00:00:00",
      "quarter_label": "2022-01 (Q1)",
      "revenue": 10649000,
      "gross_profit": null,
      "operating_income": 2176000,
      "net_income": 45777000,
      "opex": 8473000,
      "cogs": null,
      "rd": null,
      "sga": null,
      "fcf": 2895000,
      "ocf": 2895000,
      "capex": null,
      "gross_margin": null,
      "op_margin": 0.20433843553385295,
      "fcf_margin": 0.27185651234857733,
      "incr_op_margin_yoy": 0.8228028503562945,
      "rev_growth_yoy": -0.16504625999686373,
      "fcf_margin_change": 0.10583239619731821
    },
    {
      "date": "2022-04-30T00:00:00",
      "quarter_label": "2022-04 (Q2)",
      "revenue": 6615000,
      "gross_profit": null,
      "operating_income": 1752000,
      "net_income": -352000,
      "opex": 4863000,
      "cogs": null,
      "rd": null,
      "sga": null,
      "fcf": 25000,
      "ocf": 25000,
      "capex": null,
      "gross_margin": null,
      "op_margin": 0.26485260770975055,
      "fcf_margin": 0.003779289493575208,
      "incr_op_margin_yoy": 0.21554370657618355,
      "rev_growth_yoy": -0.4833645735707591,
      "rev_growth_yoy_accel": -0.3183183135738954,
      "fcf_margin_change": -0.26807722285500213
    },
    {
      "date": "2022-07-31T00:00:00",
      "quarter_label": "2022-07 (Q3)",
      "revenue": 6959000,
      "gross_profit": null,
      "operating_income": 1997000,
      "net_income": 1121000,
      "opex": 4962000,
      "cogs": null,
      "rd": null,
      "sga": null,
      "fcf": 2877000,
      "ocf": 2877000,
      "capex": null,
      "gross_margin": null,
      "op_margin": 0.28696651817789914,
      "fcf_margin": 0.4134214686018106,
      "incr_op_margin_yoy": 0.25792584631918325,
      "rev_growth_yoy": -0.4451443151012598,
      "rev_growth_yoy_accel": 0.038220258469499335,
      "op_leverage_ratio": 2.554451544927735,
      "fcf_margin_change": 0.4096421791082354
    },
    {
      "date": "2022-10-31T00:00:00",
      "quarter_label": "2022-10 (Q4)",
      "revenue": 7048000,
      "gross_profit": null,
      "operating_income": 10047000,
      "net_income": -554000,
      "opex": 5981000,
      "cogs": null,
      "rd": null,
      "sga": null,
      "fcf": 1518000,
      "ocf": 1518000,
      "capex": null,
      "gross_margin": null,
      "op_margin": 1.425510783200908,
      "fcf_margin": 0.21538024971623154,
      "incr_op_margin_yoy": -1.356406766478709,
      "rev_growth_yoy": -0.4218685915839554,
      "rev_growth_yoy_accel": 0.023275723517304392,
      "op_leverage_ratio": 0.06227672216110597,
      "fcf_margin_change": -0.19804121888557907
    },
    {
      "date": "2023-01-31T00:00:00",
      "quarter_label": "2023-01 (Q1)",
      "revenue": 6979000,
      "gross_profit": null,
      "operating_income": 3620000,
      "net_income": 419000,
      "opex": 4936000,
      "cogs": null,
      "rd": null,
      "sga": null,
      "fcf": -862000,
      "ocf": -862000,
      "capex": null,
      "gross_margin": null,
      "op_margin": 0.5186989540048718,
      "fcf_margin": -0.12351339733486173,
      "incr_op_margin_yoy": -0.39346049046321524,
      "rev_growth_yoy": -0.3446332989013053,
      "rev_growth_yoy_accel": 0.07723529268265011,
      "fcf_margin_change": -0.33889364705109326
    },
    {
      "date": "2023-04-30T00:00:00",
      "quarter_label": "2023-04 (Q2)",
      "revenue": 6916000,
      "gross_profit": null,
      "operating_income": 3526000,
      "net_income": 97000,
      "opex": 5145000,
      "cogs": null,
      "rd": null,
      "sga": null,
      "fcf": 1170000,
      "ocf": 1170000,
      "capex": null,
      "gross_margin": null,
      "op_margin": 0.5098322729901678,
      "fcf_margin": 0.16917293233082706,
      "rev_growth_yoy": 0.0455026455026455,
      "rev_growth_yoy_accel": 0.3901359444039508,
      "fcf_margin_change": 0.2926863296656888
    },
    {
      "date": "2023-07-31T00:00:00",
      "quarter_label": "2023-07 (Q3)",
      "revenue": 7296000,
      "gross_profit": null,
      "operating_income": 3828000,
      "net_income": -412000,
      "opex": 5786000,
      "cogs": null,
      "rd": null,
      "sga": null,
      "fcf": 1570000,
      "ocf": 1570000,
      "capex": null,
      "gross_margin": null,
      "op_margin": 0.524671052631579,
      "fcf_margin": 0.21518640350877194,
      "rev_growth_yoy": 0.0484264980600661,
      "rev_growth_yoy_accel": 0.0029238525574206004,
      "op_leverage_ratio": 0.4410176407056282,
      "fcf_margin_change": 0.04601347117794488
    },
    {
      "date": "2023-10-31T00:00:00",
      "quarter_label": "2023-10 (Q4)",
      "revenue": 7153000,
      "gross_profit": null,
      "operating_income": 3716000,
      "net_income": 656000,
      "opex": 5074000,
      "cogs": null,
      "rd": null,
      "sga": null,
      "fcf": 803000,
      "ocf": 803000,
      "capex": null,
      "gross_margin": null,
      "op_margin": 0.5195023067244513,
      "fcf_margin": 0.1122605899622536,
      "rev_growth_yoy": 0.014897843359818388,
      "rev_growth_yoy_accel": -0.03352865470024771,
      "fcf_margin_change": -0.10292581354651834
    },
    {
      "date": "2024-01-31T00:00:00",
      "quarter_label": "2024-01 (Q1)",
      "revenue": 6999000,
      "gross_profit": null,
      "operating_income": 3519000,
      "net_income": -512000,
      "opex": 6042000,
      "cogs": null,
      "rd": null,
      "sga": null,
      "fcf": 934000,
      "ocf": 934000,
      "capex": null,
      "gross_margin": null,
      "op_margin": 0.5027861123017574,
      "fcf_margin": 0.13344763537648235,
      "rev_growth_yoy": 0.002865740077374982,
      "rev_growth_yoy_accel": -0.012032103282443406,
      "fcf_margin_change": 0.02118704541422875
    },
    {
      "date": "2024-04-30T00:00:00",
      "quarter_label": "2024-04 (Q2)",
      "revenue": 7275000,
      "gross_profit": null,
      "operating_income": 3765000,
      "net_income": 533000,
      "opex": 5343000,
      "cogs": null,
      "rd": null,
      "sga": null,
      "fcf": 573000,
      "ocf": 573000,
      "capex": null,
      "gross_margin": null,
      "op_margin": 0.5175257731958763,
      "fcf_margin": 0.07876288659793815,
      "rev_growth_yoy": 0.05190861769809138,
      "rev_growth_yoy_accel": 0.0490428776207164,
      "op_leverage_ratio": Infinity,
      "fcf_margin_change": -0.05468474877854421
    },
    {
      "date": "2024-07-31T00:00:00",
      "quarter_label": "2024-07 (Q3)",
      "revenue": 7147000,
      "gross_profit": null,
      "operating_income": 3857000,
      "net_income": 14791000,
      "opex": 4984000,
      "cogs": null,
      "rd": null,
      "sga": null,
      "fcf": 18475000,
      "ocf": 18475000,
      "capex": null,
      "gross_margin": null,
      "op_margin": 0.5396669931439765,
      "fcf_margin": 2.5850006995942354,
      "rev_growth_yoy": -0.02042214912280702,
      "rev_growth_yoy_accel": -0.0723307668208984,
      "fcf_margin_change": 2.5062378129962974
    },
    {
      "date": "2024-10-31T00:00:00",
      "quarter_label": "2024-10 (Q4)",
      "revenue": 7257000,
      "gross_profit": null,
      "operating_income": 3910000,
      "net_income": 1040000,
      "opex": 4776000,
      "cogs": null,
      "rd": null,
      "sga": null,
      "fcf": 181000,
      "ocf": 181000,
      "capex": null,
      "gross_margin": null,
      "op_margin": 0.5387901336640485,
      "fcf_margin": 0.024941435855036515,
      "rev_growth_yoy": 0.014539354117153642,
      "rev_growth_yoy_accel": 0.03496150323996066,
      "op_leverage_ratio": Infinity,
      "fcf_margin_change": -2.560059263739199
    },
    {
      "date": "2025-01-31T00:00:00",
      "quarter_label": "2025-01 (Q1)",
      "revenue": 7269000,
      "gross_profit": null,
      "operating_income": 3561000,
      "net_income": 614000,
      "opex": 5304000,
      "cogs": null,
      "rd": null,
      "sga": null,
      "fcf": 1519000,
      "ocf": 1519000,
      "capex": null,
      "gross_margin": null,
      "op_margin": 0.4898885678910442,
      "fcf_margin": 0.20896959691842068,
      "rev_growth_yoy": 0.03857693956279468,
      "rev_growth_yoy_accel": 0.02403758544564104,
      "fcf_margin_change": 0.18402816106338415
    },
    {
      "date": "2025-04-30T00:00:00",
      "quarter_label": "2025-04 (Q2)",
      "revenue": 7258000,
      "gross_profit": null,
      "operating_income": 3821000,
      "net_income": 894000,
      "opex": 4990000,
      "cogs": null,
      "rd": null,
      "sga": null,
      "fcf": 743000,
      "ocf": 743000,
      "capex": null,
      "gross_margin": null,
      "op_margin": 0.5264535684761642,
      "fcf_margin": 0.10236979884265637,
      "rev_growth_yoy": -0.002336769759450172,
      "rev_growth_yoy_accel": -0.040913709322244855,
      "fcf_margin_change": -0.10659979807576431
    },
    {
      "date": "2025-07-31T00:00:00",
      "quarter_label": "2025-07 (Q3)",
      "revenue": 7244000,
      "gross_profit": null,
      "operating_income": 3669000,
      "net_income": 879000,
      "opex": 4964000,
      "cogs": null,
      "rd": null,
      "sga": null,
      "fcf": 1666000,
      "ocf": 1666000,
      "capex": null,
      "gross_margin": null,
      "op_margin": 0.5064881281060187,
      "fcf_margin": 0.22998343456653783,
      "rev_growth_yoy": 0.013572128165663914,
      "rev_growth_yoy_accel": 0.015908897925114088,
      "fcf_margin_change": 0.12761363572388146
    },
    {
      "date": "2025-10-31T00:00:00",
      "quarter_label": "2025-10 (Q4)",
      "revenue": 7546000,
      "gross_profit": null,
      "operating_income": 4116000,
      "net_income": 1122000,
      "opex": 4849000,
      "cogs": null,
      "rd": null,
      "sga": null,
      "fcf": 2320000,
      "ocf": 2320000,
      "capex": null,
      "gross_margin": null,
      "op_margin": 0.5454545454545454,
      "fcf_margin": 0.3074476543864299,
      "rev_growth_yoy": 0.0398236185751688,
      "rev_growth_yoy_accel": 0.026251490409504884,
      "op_leverage_ratio": Infinity,
      "fcf_margin_change": 0.07746421981989207
    }
  ],
  "signals": [
    {
      "quarter": "2025-10 (Q4)",
      "signal": "FCF MARGIN EXPANSION",
      "detail": "FCF margin: +23.0% -> +30.7% (+7.7%)",
      "severity": "MEDIUM"
    },
    {
      "quarter": "2025-07 (Q3)",
      "signal": "FCF MARGIN EXPANSION",
      "detail": "FCF margin: +10.2% -> +23.0% (+12.8%)",
      "severity": "MEDIUM"
    },
    {
      "quarter": "2025-01 (Q1)",
      "signal": "FCF MARGIN EXPANSION",
      "detail": "FCF margin: +2.5% -> +20.9% (+18.4%)",
      "severity": "MEDIUM"
    },
    {
      "quarter": "2024-07 (Q3)",
      "signal": "FCF MARGIN EXPANSION",
      "detail": "FCF margin: +7.9% -> +258.5% (+250.6%)",
      "severity": "MEDIUM"
    },
    {
      "quarter": "2024-07 (Q3)",
      "signal": "YoY REVENUE GROWTH DECELERATION",
      "detail": "YoY growth: -2.0% vs prior quarter YoY: +5.2% (decel: -7.2%)",
      "severity": "WARNING"
    },
    {
      "quarter": "2023-04 (Q2)",
      "signal": "FCF TURNED POSITIVE",
      "detail": "FCF margin: -12.4% -> +16.9%",
      "severity": "HIGH"
    },
    {
      "quarter": "2023-04 (Q2)",
      "signal": "YoY REVENUE GROWTH ACCELERATION",
      "detail": "YoY growth: +4.6% vs prior quarter YoY: -34.5% (accel: +39.0%)",
      "severity": "HIGH"
    },
    {
      "quarter": "2023-01 (Q1)",
      "signal": "YoY REVENUE GROWTH ACCELERATION",
      "detail": "YoY growth: -34.5% vs prior quarter YoY: -42.2% (accel: +7.7%)",
      "severity": "MEDIUM"
    },
    {
      "quarter": "2022-07 (Q3)",
      "signal": "FCF MARGIN EXPANSION",
      "detail": "FCF margin: +0.4% -> +41.3% (+41.0%)",
      "severity": "MEDIUM"
    },
    {
      "quarter": "2022-07 (Q3)",
      "signal": "OPERATING LEVERAGE",
      "detail": "Rev growth +5.2% vs OpEx growth +2.0% (leverage: 2.6x)",
      "severity": "MEDIUM"
    },
    {
      "quarter": "2022-04 (Q2)",
      "signal": "YoY REVENUE GROWTH DECELERATION",
      "detail": "YoY growth: -48.3% vs prior quarter YoY: -16.5% (decel: -31.8%)",
      "severity": "WARNING"
    },
    {
      "quarter": "2022-01 (Q1)",
      "signal": "FCF MARGIN EXPANSION",
      "detail": "FCF margin: +16.6% -> +27.2% (+10.6%)",
      "severity": "MEDIUM"
    },
    {
      "quarter": "2022-01 (Q1)",
      "signal": "INCREMENTAL MARGIN (YoY)",
      "detail": "YoY Incr OPM: +82.3% vs year-ago OPM: +30.6%",
      "severity": "HIGH"
    },
    {
      "quarter": "2021-10 (Q4)",
      "signal": "FCF MARGIN EXPANSION",
      "detail": "FCF margin: +11.4% -> +16.6% (+5.2%)",
      "severity": "MEDIUM"
    }
  ],
  "data_quality": {
    "n_quarters": 20,
    "coverage": {
      "revenue": [
        20,
        20
      ],
      "gross_profit": [
        0,
        20
      ],
      "op_income": [
        20,
        20
      ],
      "fcf": [
        20,
        20
      ]
    },
    "gaps": [],
    "warnings": [
      "gross_profit: no data"
    ]
  },
  "market_cap": null,
  "source": "SEC EDGAR",
  "last_updated": "2026-02-02T23:19:18.406204",
  "sector": "Real Estate",
  "industry": "REIT - Residential"
}