{
  "ticker": "FRHC",
  "name": "FREEDOM HOLDING CORP.",
  "quarters": [
    {
      "date": "2020-12-31T00:00:00",
      "quarter_label": "2020-12 (Q4)",
      "revenue": 100233000,
      "gross_profit": null,
      "operating_income": null,
      "net_income": 42321000,
      "opex": 21921000,
      "cogs": null,
      "rd": null,
      "sga": null,
      "fcf": 308659000,
      "ocf": 307541000,
      "capex": 1118000,
      "gross_margin": null,
      "op_margin": null,
      "fcf_margin": 3.0794149631358936
    },
    {
      "date": "2021-03-31T00:00:00",
      "quarter_label": "2021-03 (Q1)",
      "revenue": 126193000,
      "gross_profit": null,
      "operating_income": null,
      "net_income": 52764000,
      "opex": 25220000,
      "cogs": null,
      "rd": null,
      "sga": null,
      "fcf": -75687000,
      "ocf": -75180000,
      "capex": -507000,
      "gross_margin": null,
      "op_margin": null,
      "fcf_margin": -0.5997717781493427,
      "op_leverage_ratio": 1.7209648714614985,
      "fcf_margin_change": -3.6791867412852364
    },
    {
      "date": "2021-06-30T00:00:00",
      "quarter_label": "2021-06 (Q2)",
      "revenue": 124137000,
      "gross_profit": null,
      "operating_income": null,
      "net_income": 51708000,
      "opex": 30318000,
      "cogs": null,
      "rd": null,
      "sga": null,
      "fcf": -64290000,
      "ocf": -62387000,
      "capex": -1903000,
      "gross_margin": null,
      "op_margin": null,
      "fcf_margin": -0.5178955508832983,
      "fcf_margin_change": 0.08187622726604438
    },
    {
      "date": "2021-09-30T00:00:00",
      "quarter_label": "2021-09 (Q3)",
      "revenue": 312815000,
      "gross_profit": null,
      "operating_income": null,
      "net_income": 204512000,
      "opex": 36569000,
      "cogs": null,
      "rd": null,
      "sga": null,
      "fcf": 82361000,
      "ocf": 83234000,
      "capex": -873000,
      "gross_margin": null,
      "op_margin": null,
      "fcf_margin": 0.2632898038776913,
      "op_leverage_ratio": 7.371757972022043,
      "fcf_margin_change": 0.7811853547609896
    },
    {
      "date": "2021-12-31T00:00:00",
      "quarter_label": "2021-12 (Q4)",
      "revenue": 145684000,
      "gross_profit": null,
      "operating_income": null,
      "net_income": 51229000,
      "opex": 93992000,
      "cogs": null,
      "rd": null,
      "sga": null,
      "fcf": -659772000,
      "ocf": -658482000,
      "capex": -1290000,
      "gross_margin": null,
      "op_margin": null,
      "fcf_margin": -4.52878833639933,
      "rev_growth_yoy": 0.45345345345345345,
      "fcf_margin_change": -4.792078140277021
    },
    {
      "date": "2022-03-31T00:00:00",
      "quarter_label": "2022-03 (Q1)",
      "revenue": -17972000,
      "gross_profit": null,
      "operating_income": null,
      "net_income": -89586000,
      "opex": 90278000,
      "cogs": null,
      "rd": null,
      "sga": null,
      "fcf": 229713000,
      "ocf": 231270000,
      "capex": -1557000,
      "gross_margin": null,
      "op_margin": null,
      "fcf_margin": -12.781716002670821,
      "rev_growth_yoy": -1.1424167743060234,
      "rev_growth_yoy_accel": -1.5958702277594767,
      "fcf_margin_change": -8.252927666271491
    },
    {
      "date": "2022-06-30T00:00:00",
      "quarter_label": "2022-06 (Q2)",
      "revenue": 226608000,
      "gross_profit": null,
      "operating_income": null,
      "net_income": 61067000,
      "opex": 155500000,
      "cogs": null,
      "rd": null,
      "sga": null,
      "fcf": -270322000,
      "ocf": -265422000,
      "capex": -4900000,
      "gross_margin": null,
      "op_margin": null,
      "fcf_margin": -1.1929058109157664,
      "rev_growth_yoy": 0.8254670243360158,
      "rev_growth_yoy_accel": 1.9678837986420392,
      "fcf_margin_change": 11.588810191755055
    },
    {
      "date": "2022-09-30T00:00:00",
      "quarter_label": "2022-09 (Q3)",
      "revenue": 180312000,
      "gross_profit": null,
      "operating_income": null,
      "net_income": 26262000,
      "opex": 118455000,
      "cogs": null,
      "rd": null,
      "sga": null,
      "fcf": 227620000,
      "ocf": 240015000,
      "capex": -12395000,
      "gross_margin": null,
      "op_margin": null,
      "fcf_margin": 1.2623674519721373,
      "rev_growth_yoy": -0.42358262871026003,
      "rev_growth_yoy_accel": -1.2490496530462758,
      "fcf_margin_change": 2.4552732628879035
    },
    {
      "date": "2022-12-31T00:00:00",
      "quarter_label": "2022-12 (Q4)",
      "revenue": 214548000,
      "gross_profit": null,
      "operating_income": null,
      "net_income": 62864000,
      "opex": 163088000,
      "cogs": null,
      "rd": null,
      "sga": null,
      "fcf": -450434000,
      "ocf": -440384000,
      "capex": -10050000,
      "gross_margin": null,
      "op_margin": null,
      "fcf_margin": -2.099455599679326,
      "rev_growth_yoy": 0.4726943247027814,
      "rev_growth_yoy_accel": 0.8962769534130415,
      "op_leverage_ratio": 0.5039131657972729,
      "fcf_margin_change": -3.3618230516514633
    },
    {
      "date": "2023-03-31T00:00:00",
      "quarter_label": "2023-03 (Q1)",
      "revenue": 229007000,
      "gross_profit": null,
      "operating_income": null,
      "net_income": 54949000,
      "opex": 158390000,
      "cogs": null,
      "rd": null,
      "sga": null,
      "fcf": -497089000,
      "ocf": -485892000,
      "capex": -11197000,
      "gross_margin": null,
      "op_margin": null,
      "fcf_margin": -2.1706279720707227,
      "op_leverage_ratio": Infinity,
      "fcf_margin_change": -0.07117237239139662
    },
    {
      "date": "2023-06-30T00:00:00",
      "quarter_label": "2023-06 (Q2)",
      "revenue": 316210000,
      "gross_profit": null,
      "operating_income": null,
      "net_income": 68102000,
      "opex": 231633000,
      "cogs": null,
      "rd": null,
      "sga": null,
      "fcf": -924816000,
      "ocf": -914134000,
      "capex": -10682000,
      "gross_margin": null,
      "op_margin": null,
      "fcf_margin": -2.9246892887637963,
      "rev_growth_yoy": 0.39540528136694203,
      "op_leverage_ratio": 0.8234634032117716,
      "fcf_margin_change": -0.7540613166930736
    },
    {
      "date": "2023-09-30T00:00:00",
      "quarter_label": "2023-09 (Q3)",
      "revenue": 435581000,
      "gross_profit": null,
      "operating_income": null,
      "net_income": 115847000,
      "opex": 300894000,
      "cogs": null,
      "rd": null,
      "sga": null,
      "fcf": -446319000,
      "ocf": -437555000,
      "capex": -8764000,
      "gross_margin": null,
      "op_margin": null,
      "fcf_margin": -1.0246521312913097,
      "rev_growth_yoy": 1.415707218598873,
      "rev_growth_yoy_accel": 1.020301937231931,
      "op_leverage_ratio": 1.2625102310470797,
      "fcf_margin_change": 1.9000371574724866
    },
    {
      "date": "2023-12-31T00:00:00",
      "quarter_label": "2023-12 (Q4)",
      "revenue": 418634000,
      "gross_profit": null,
      "operating_income": null,
      "net_income": 96368000,
      "opex": 307015000,
      "cogs": null,
      "rd": null,
      "sga": null,
      "fcf": -38490000,
      "ocf": -21666000,
      "capex": -16824000,
      "gross_margin": null,
      "op_margin": null,
      "fcf_margin": -0.0919418871854651,
      "rev_growth_yoy": 0.9512370192218058,
      "rev_growth_yoy_accel": -0.46447019937706724,
      "fcf_margin_change": 0.9327102441058446
    },
    {
      "date": "2024-03-31T00:00:00",
      "quarter_label": "2024-03 (Q1)",
      "revenue": 464655000,
      "gross_profit": null,
      "operating_income": null,
      "net_income": 95223000,
      "opex": 360167000,
      "cogs": null,
      "rd": null,
      "sga": null,
      "fcf": 308993000,
      "ocf": 308993000,
      "capex": null,
      "gross_margin": null,
      "op_margin": null,
      "fcf_margin": 0.6649944582539734,
      "rev_growth_yoy": 1.0289991135642143,
      "rev_growth_yoy_accel": 0.07776209434240844,
      "op_leverage_ratio": 0.6349821803737518,
      "fcf_margin_change": 0.7569363454394386
    },
    {
      "date": "2024-06-30T00:00:00",
      "quarter_label": "2024-06 (Q2)",
      "revenue": 450715000,
      "gross_profit": 446431000,
      "operating_income": null,
      "net_income": 34400000,
      "opex": 409117000,
      "cogs": 4284000,
      "rd": null,
      "sga": null,
      "fcf": 829888000,
      "ocf": 854066000,
      "capex": -24178000,
      "gross_margin": 0.9904951022264624,
      "op_margin": null,
      "fcf_margin": 1.8412699821394896,
      "rev_growth_yoy": 0.42536605420448437,
      "rev_growth_yoy_accel": -0.6036330593597299,
      "fcf_margin_change": 1.1762755238855163
    },
    {
      "date": "2024-09-30T00:00:00",
      "quarter_label": "2024-09 (Q3)",
      "revenue": 580900000,
      "gross_profit": 575661000,
      "operating_income": null,
      "net_income": 114658000,
      "opex": 452413000,
      "cogs": 5239000,
      "rd": null,
      "sga": null,
      "fcf": -447457000,
      "ocf": -437994000,
      "capex": -9463000,
      "gross_margin": 0.9909812360130832,
      "op_margin": null,
      "fcf_margin": -0.7702823205370976,
      "rev_growth_yoy": 0.3336210716261729,
      "rev_growth_yoy_accel": -0.09174498257831148,
      "op_leverage_ratio": 2.7293465778493413,
      "fcf_margin_change": -2.611552302676587
    },
    {
      "date": "2024-12-31T00:00:00",
      "quarter_label": "2024-12 (Q4)",
      "revenue": 655190000,
      "gross_profit": null,
      "operating_income": null,
      "net_income": 78281000,
      "opex": 556862000,
      "cogs": null,
      "rd": null,
      "sga": null,
      "fcf": -92701000,
      "ocf": -72761000,
      "capex": -19940000,
      "gross_margin": null,
      "op_margin": null,
      "fcf_margin": -0.14148720218562555,
      "rev_growth_yoy": 0.5650663825680666,
      "rev_growth_yoy_accel": 0.23144531094189374,
      "op_leverage_ratio": 0.5539362304388151,
      "fcf_margin_change": 0.628795118351472
    },
    {
      "date": "2025-03-31T00:00:00",
      "quarter_label": "2025-03 (Q1)",
      "revenue": 363722000,
      "gross_profit": null,
      "operating_income": null,
      "net_income": -142689000,
      "opex": 519189000,
      "cogs": null,
      "rd": null,
      "sga": null,
      "fcf": 1337747000,
      "ocf": 1337747000,
      "capex": null,
      "gross_margin": null,
      "op_margin": null,
      "fcf_margin": 3.677938095578491,
      "rev_growth_yoy": -0.21722137930292368,
      "rev_growth_yoy_accel": -0.7822877618709903,
      "fcf_margin_change": 3.8194252977641168
    },
    {
      "date": "2025-06-30T00:00:00",
      "quarter_label": "2025-06 (Q2)",
      "revenue": 533423000,
      "gross_profit": 519520000,
      "operating_income": null,
      "net_income": 30396000,
      "opex": 492908000,
      "cogs": 13903000,
      "rd": null,
      "sga": null,
      "fcf": 450044000,
      "ocf": 480831000,
      "capex": -30787000,
      "gross_margin": 0.9739362569667974,
      "op_margin": null,
      "fcf_margin": 0.8436906545087107,
      "rev_growth_yoy": 0.1835039881077843,
      "rev_growth_yoy_accel": 0.40072536741070797,
      "op_leverage_ratio": Infinity,
      "fcf_margin_change": -2.83424744106978
    },
    {
      "date": "2025-09-30T00:00:00",
      "quarter_label": "2025-09 (Q3)",
      "revenue": 526107000,
      "gross_profit": 510968000,
      "operating_income": null,
      "net_income": 38721000,
      "opex": 465621000,
      "cogs": 15139000,
      "rd": null,
      "sga": null,
      "fcf": 456354000,
      "ocf": 535281000,
      "capex": -78927000,
      "gross_margin": 0.9712244847531015,
      "op_margin": null,
      "fcf_margin": 0.8674167042065587,
      "rev_growth_yoy": -0.09432432432432432,
      "rev_growth_yoy_accel": -0.2778283124321086,
      "fcf_margin_change": 0.023726049697847973
    }
  ],
  "signals": [
    {
      "quarter": "2025-09 (Q3)",
      "signal": "YoY REVENUE GROWTH DECELERATION",
      "detail": "YoY growth: -9.4% vs prior quarter YoY: +18.4% (decel: -27.8%)",
      "severity": "WARNING"
    },
    {
      "quarter": "2025-06 (Q2)",
      "signal": "YoY REVENUE GROWTH ACCELERATION",
      "detail": "YoY growth: +18.4% vs prior quarter YoY: -21.7% (accel: +40.1%)",
      "severity": "HIGH"
    },
    {
      "quarter": "2025-03 (Q1)",
      "signal": "FCF TURNED POSITIVE",
      "detail": "FCF margin: -14.1% -> +367.8%",
      "severity": "HIGH"
    },
    {
      "quarter": "2025-03 (Q1)",
      "signal": "YoY REVENUE GROWTH DECELERATION",
      "detail": "YoY growth: -21.7% vs prior quarter YoY: +56.5% (decel: -78.2%)",
      "severity": "WARNING"
    },
    {
      "quarter": "2024-12 (Q4)",
      "signal": "FCF MARGIN EXPANSION",
      "detail": "FCF margin: -77.0% -> -14.1% (+62.9%)",
      "severity": "MEDIUM"
    },
    {
      "quarter": "2024-12 (Q4)",
      "signal": "YoY REVENUE GROWTH ACCELERATION",
      "detail": "YoY growth: +56.5% vs prior quarter YoY: +33.4% (accel: +23.1%)",
      "severity": "HIGH"
    },
    {
      "quarter": "2024-09 (Q3)",
      "signal": "OPERATING LEVERAGE",
      "detail": "Rev growth +28.9% vs OpEx growth +10.6% (leverage: 2.7x)",
      "severity": "MEDIUM"
    },
    {
      "quarter": "2024-09 (Q3)",
      "signal": "YoY REVENUE GROWTH DECELERATION",
      "detail": "YoY growth: +33.4% vs prior quarter YoY: +42.5% (decel: -9.2%)",
      "severity": "WARNING"
    },
    {
      "quarter": "2024-06 (Q2)",
      "signal": "FCF MARGIN EXPANSION",
      "detail": "FCF margin: +66.5% -> +184.1% (+117.6%)",
      "severity": "MEDIUM"
    },
    {
      "quarter": "2024-06 (Q2)",
      "signal": "YoY REVENUE GROWTH DECELERATION",
      "detail": "YoY growth: +42.5% vs prior quarter YoY: +102.9% (decel: -60.4%)",
      "severity": "WARNING"
    },
    {
      "quarter": "2024-03 (Q1)",
      "signal": "FCF TURNED POSITIVE",
      "detail": "FCF margin: -9.2% -> +66.5%",
      "severity": "HIGH"
    },
    {
      "quarter": "2024-03 (Q1)",
      "signal": "YoY REVENUE GROWTH ACCELERATION",
      "detail": "YoY growth: +102.9% vs prior quarter YoY: +95.1% (accel: +7.8%)",
      "severity": "MEDIUM"
    },
    {
      "quarter": "2023-12 (Q4)",
      "signal": "FCF MARGIN EXPANSION",
      "detail": "FCF margin: -102.5% -> -9.2% (+93.3%)",
      "severity": "MEDIUM"
    },
    {
      "quarter": "2023-12 (Q4)",
      "signal": "YoY REVENUE GROWTH DECELERATION",
      "detail": "YoY growth: +95.1% vs prior quarter YoY: +141.6% (decel: -46.4%)",
      "severity": "WARNING"
    },
    {
      "quarter": "2023-09 (Q3)",
      "signal": "FCF MARGIN EXPANSION",
      "detail": "FCF margin: -292.5% -> -102.5% (+190.0%)",
      "severity": "MEDIUM"
    },
    {
      "quarter": "2023-09 (Q3)",
      "signal": "YoY REVENUE GROWTH ACCELERATION",
      "detail": "YoY growth: +141.6% vs prior quarter YoY: +39.5% (accel: +102.0%)",
      "severity": "HIGH"
    },
    {
      "quarter": "2022-12 (Q4)",
      "signal": "YoY REVENUE GROWTH ACCELERATION",
      "detail": "YoY growth: +47.3% vs prior quarter YoY: -42.4% (accel: +89.6%)",
      "severity": "HIGH"
    },
    {
      "quarter": "2022-09 (Q3)",
      "signal": "FCF TURNED POSITIVE",
      "detail": "FCF margin: -119.3% -> +126.2%",
      "severity": "HIGH"
    },
    {
      "quarter": "2022-09 (Q3)",
      "signal": "YoY REVENUE GROWTH DECELERATION",
      "detail": "YoY growth: -42.4% vs prior quarter YoY: +82.5% (decel: -124.9%)",
      "severity": "WARNING"
    },
    {
      "quarter": "2022-06 (Q2)",
      "signal": "FCF MARGIN EXPANSION",
      "detail": "FCF margin: -1278.2% -> -119.3% (+1158.9%)",
      "severity": "MEDIUM"
    },
    {
      "quarter": "2022-06 (Q2)",
      "signal": "YoY REVENUE GROWTH ACCELERATION",
      "detail": "YoY growth: +82.5% vs prior quarter YoY: -114.2% (accel: +196.8%)",
      "severity": "HIGH"
    },
    {
      "quarter": "2022-03 (Q1)",
      "signal": "YoY REVENUE GROWTH DECELERATION",
      "detail": "YoY growth: -114.2% vs prior quarter YoY: +45.3% (decel: -159.6%)",
      "severity": "WARNING"
    },
    {
      "quarter": "2021-09 (Q3)",
      "signal": "FCF TURNED POSITIVE",
      "detail": "FCF margin: -51.8% -> +26.3%",
      "severity": "HIGH"
    },
    {
      "quarter": "2021-09 (Q3)",
      "signal": "OPERATING LEVERAGE",
      "detail": "Rev growth +152.0% vs OpEx growth +20.6% (leverage: 7.4x)",
      "severity": "MEDIUM"
    },
    {
      "quarter": "2021-06 (Q2)",
      "signal": "FCF MARGIN EXPANSION",
      "detail": "FCF margin: -60.0% -> -51.8% (+8.2%)",
      "severity": "MEDIUM"
    },
    {
      "quarter": "2021-03 (Q1)",
      "signal": "OPERATING LEVERAGE",
      "detail": "Rev growth +25.9% vs OpEx growth +15.0% (leverage: 1.7x)",
      "severity": "MEDIUM"
    }
  ],
  "data_quality": {
    "n_quarters": 20,
    "coverage": {
      "revenue": [
        20,
        20
      ],
      "gross_profit": [
        4,
        20
      ],
      "op_income": [
        0,
        20
      ],
      "fcf": [
        20,
        20
      ]
    },
    "gaps": [],
    "warnings": [
      "gross_profit: 4/20Q",
      "op_income: no data"
    ]
  },
  "market_cap": null,
  "source": "SEC EDGAR",
  "last_updated": "2026-02-02T20:47:03.284378",
  "sector": "Financial Services",
  "industry": "Financial Conglomerates"
}