{
  "ticker": "FRO",
  "name": "FRONTLINE PLC",
  "quarters": [
    {
      "date": "2011-09-30T00:00:00",
      "quarter_label": "2011-09 (Q3)",
      "revenue": 173914000,
      "gross_profit": null,
      "operating_income": -135814000,
      "net_income": -166156000,
      "opex": 313515000,
      "cogs": null,
      "rd": null,
      "sga": null,
      "fcf": null,
      "ocf": null,
      "capex": null,
      "gross_margin": null,
      "op_margin": -0.7809262049058731,
      "fcf_margin": null
    },
    {
      "date": "2011-12-31T00:00:00",
      "quarter_label": "2011-12 (Q4)",
      "revenue": 181981000,
      "gross_profit": null,
      "operating_income": -305533000,
      "net_income": -343666000,
      "opex": 174636000,
      "cogs": null,
      "rd": null,
      "sga": null,
      "fcf": 19047000,
      "ocf": 19047000,
      "capex": null,
      "gross_margin": null,
      "op_margin": -1.6789280199581276,
      "fcf_margin": 0.10466477269605069,
      "op_leverage_ratio": Infinity
    },
    {
      "date": "2012-03-31T00:00:00",
      "quarter_label": "2012-03 (Q1)",
      "revenue": 149253000,
      "gross_profit": null,
      "operating_income": 17591000,
      "net_income": 7175000,
      "opex": 142612000,
      "cogs": null,
      "rd": null,
      "sga": null,
      "fcf": 13545000,
      "ocf": 13545000,
      "capex": null,
      "gross_margin": null,
      "op_margin": 0.11786027751535982,
      "fcf_margin": 0.09075194468452895,
      "fcf_margin_change": -0.013912828011521744
    },
    {
      "date": "2012-09-30T00:00:00",
      "quarter_label": "2012-09 (Q3)",
      "revenue": 126809000,
      "gross_profit": null,
      "operating_income": -25975000,
      "net_income": -49017000,
      "opex": 156072000,
      "cogs": null,
      "rd": null,
      "sga": null,
      "fcf": null,
      "ocf": null,
      "capex": null,
      "gross_margin": null,
      "op_margin": -0.2048356189229471,
      "fcf_margin": null,
      "incr_op_margin_yoy": -2.3317906803948625,
      "rev_growth_yoy": -0.27085226031256826
    },
    {
      "date": "2012-12-31T00:00:00",
      "quarter_label": "2012-12 (Q4)",
      "revenue": 197436000,
      "gross_profit": null,
      "operating_income": 6693000,
      "net_income": -16566000,
      "opex": 188183000,
      "cogs": null,
      "rd": null,
      "sga": null,
      "fcf": 23702000,
      "ocf": 23702000,
      "capex": null,
      "gross_margin": null,
      "op_margin": 0.03389959277943232,
      "fcf_margin": 0.1200490285459592,
      "incr_op_margin_yoy": 20.202264639275317,
      "rev_growth_yoy": 0.08492644836548871,
      "rev_growth_yoy_accel": 0.35577870867805694,
      "op_leverage_ratio": 2.7070223823470685
    },
    {
      "date": "2013-03-31T00:00:00",
      "quarter_label": "2013-03 (Q1)",
      "revenue": 125903000,
      "gross_profit": null,
      "operating_income": -127000,
      "net_income": -18755000,
      "opex": 135241000,
      "cogs": null,
      "rd": null,
      "sga": null,
      "fcf": -28648000,
      "ocf": -28648000,
      "capex": null,
      "gross_margin": null,
      "op_margin": -0.0010087130568771196,
      "fcf_margin": -0.2275402492394939,
      "incr_op_margin_yoy": 0.7588008565310492,
      "rev_growth_yoy": -0.15644576658425627,
      "rev_growth_yoy_accel": -0.24137221494974498,
      "fcf_margin_change": -0.3475892777854531
    },
    {
      "date": "2013-06-30T00:00:00",
      "quarter_label": "2013-06 (Q2)",
      "revenue": 121222000,
      "gross_profit": null,
      "operating_income": -100055000,
      "net_income": -120277000,
      "opex": 221798000,
      "cogs": null,
      "rd": null,
      "sga": null,
      "fcf": -17155000,
      "ocf": -17155000,
      "capex": null,
      "gross_margin": null,
      "op_margin": -0.8253864810017983,
      "fcf_margin": -0.14151721634686773,
      "fcf_margin_change": 0.08602303289262617
    },
    {
      "date": "2013-12-31T00:00:00",
      "quarter_label": "2013-12 (Q4)",
      "revenue": 143571000,
      "gross_profit": null,
      "operating_income": 20416000,
      "net_income": -13031000,
      "opex": 136981000,
      "cogs": null,
      "rd": null,
      "sga": null,
      "fcf": 71772000,
      "ocf": 71772000,
      "capex": null,
      "gross_margin": null,
      "op_margin": 0.1422014195067249,
      "fcf_margin": 0.4999059698685668,
      "incr_op_margin_yoy": -0.2547665459946162,
      "rev_growth_yoy": -0.2728225855467088,
      "op_leverage_ratio": Infinity,
      "fcf_margin_change": 0.6414231862154345
    },
    {
      "date": "2014-06-30T00:00:00",
      "quarter_label": "2014-06 (Q2)",
      "revenue": 118972000,
      "gross_profit": null,
      "operating_income": -65548000,
      "net_income": -78230000,
      "opex": 184520000,
      "cogs": null,
      "rd": null,
      "sga": null,
      "fcf": null,
      "ocf": null,
      "capex": null,
      "gross_margin": null,
      "op_margin": -0.5509531654506943,
      "fcf_margin": null,
      "incr_op_margin_yoy": -15.336444444444444,
      "rev_growth_yoy": -0.018560987279536718,
      "rev_growth_yoy_accel": 0.2542615982671721
    }
  ],
  "signals": [
    {
      "quarter": "2014-06 (Q2)",
      "signal": "YoY REVENUE GROWTH ACCELERATION",
      "detail": "YoY growth: -1.9% vs prior quarter YoY: -27.3% (accel: +25.4%)",
      "severity": "HIGH"
    },
    {
      "quarter": "2013-12 (Q4)",
      "signal": "FCF TURNED POSITIVE",
      "detail": "FCF margin: -14.2% -> +50.0%",
      "severity": "HIGH"
    },
    {
      "quarter": "2013-12 (Q4)",
      "signal": "OP MARGIN TURNED POSITIVE (QoQ)",
      "detail": "Op margin: -82.5% -> +14.2%",
      "severity": "HIGH"
    },
    {
      "quarter": "2013-06 (Q2)",
      "signal": "FCF MARGIN EXPANSION",
      "detail": "FCF margin: -22.8% -> -14.2% (+8.6%)",
      "severity": "MEDIUM"
    },
    {
      "quarter": "2013-03 (Q1)",
      "signal": "YoY REVENUE GROWTH DECELERATION",
      "detail": "YoY growth: -15.6% vs prior quarter YoY: +8.5% (decel: -24.1%)",
      "severity": "WARNING"
    },
    {
      "quarter": "2012-12 (Q4)",
      "signal": "OPERATING LEVERAGE",
      "detail": "Rev growth +55.7% vs OpEx growth +20.6% (leverage: 2.7x)",
      "severity": "MEDIUM"
    },
    {
      "quarter": "2012-12 (Q4)",
      "signal": "YoY REVENUE GROWTH ACCELERATION",
      "detail": "YoY growth: +8.5% vs prior quarter YoY: -27.1% (accel: +35.6%)",
      "severity": "HIGH"
    },
    {
      "quarter": "2012-12 (Q4)",
      "signal": "OP MARGIN TURNED POSITIVE (YoY)",
      "detail": "Op margin: -167.9% (year-ago) -> +3.4%",
      "severity": "HIGH"
    },
    {
      "quarter": "2012-12 (Q4)",
      "signal": "OP MARGIN TURNED POSITIVE (QoQ)",
      "detail": "Op margin: -20.5% -> +3.4%",
      "severity": "HIGH"
    },
    {
      "quarter": "2012-03 (Q1)",
      "signal": "OP MARGIN TURNED POSITIVE (QoQ)",
      "detail": "Op margin: -167.9% -> +11.8%",
      "severity": "HIGH"
    }
  ],
  "data_quality": {
    "n_quarters": 9,
    "coverage": {
      "revenue": [
        9,
        9
      ],
      "gross_profit": [
        0,
        9
      ],
      "op_income": [
        9,
        9
      ],
      "fcf": [
        6,
        9
      ]
    },
    "gaps": [
      [
        "2012-03 (Q1)",
        "2012-09 (Q3)",
        183
      ],
      [
        "2013-06 (Q2)",
        "2013-12 (Q4)",
        184
      ],
      [
        "2013-12 (Q4)",
        "2014-06 (Q2)",
        181
      ]
    ],
    "warnings": [
      "gross_profit: no data",
      "fcf: 6/9Q",
      "gap: 1Q missing between 2012-03 (Q1) and 2012-09 (Q3)",
      "gap: 1Q missing between 2013-06 (Q2) and 2013-12 (Q4)",
      "gap: 1Q missing between 2013-12 (Q4) and 2014-06 (Q2)"
    ]
  },
  "market_cap": null,
  "source": "SEC EDGAR",
  "last_updated": "2026-02-02T20:56:23.249662"
}