{
  "ticker": "FRPH",
  "name": "FRP HOLDINGS, INC.",
  "quarters": [
    {
      "date": "2020-12-31T00:00:00",
      "quarter_label": "2020-12 (Q4)",
      "revenue": 5853000,
      "gross_profit": null,
      "operating_income": 1555000,
      "net_income": 1493000,
      "opex": 4298000,
      "cogs": null,
      "rd": null,
      "sga": null,
      "fcf": -9084000,
      "ocf": 5260000,
      "capex": -14344000,
      "gross_margin": null,
      "op_margin": 0.2656757218520417,
      "fcf_margin": -1.5520246027678113
    },
    {
      "date": "2021-03-31T00:00:00",
      "quarter_label": "2021-03 (Q1)",
      "revenue": 5853000,
      "gross_profit": null,
      "operating_income": 1442000,
      "net_income": 28373000,
      "opex": 4411000,
      "cogs": null,
      "rd": null,
      "sga": null,
      "fcf": 33000,
      "ocf": 3420000,
      "capex": -3387000,
      "gross_margin": null,
      "op_margin": 0.24636938322227916,
      "fcf_margin": 0.005638134290107637,
      "fcf_margin_change": 1.557662737057919
    },
    {
      "date": "2021-06-30T00:00:00",
      "quarter_label": "2021-06 (Q2)",
      "revenue": 8495000,
      "gross_profit": null,
      "operating_income": -159000,
      "net_income": 82000,
      "opex": 8654000,
      "cogs": null,
      "rd": null,
      "sga": null,
      "fcf": 4085000,
      "ocf": 7543000,
      "capex": -3458000,
      "gross_margin": null,
      "op_margin": -0.018716892289582107,
      "fcf_margin": 0.48087110064743965,
      "op_leverage_ratio": 0.4692651636876593,
      "fcf_margin_change": 0.47523296635733203
    },
    {
      "date": "2021-09-30T00:00:00",
      "quarter_label": "2021-09 (Q3)",
      "revenue": 8473000,
      "gross_profit": null,
      "operating_income": 732000,
      "net_income": 352000,
      "opex": 7741000,
      "cogs": null,
      "rd": null,
      "sga": null,
      "fcf": 727000,
      "ocf": 5437000,
      "capex": -4710000,
      "gross_margin": null,
      "op_margin": 0.08639206892482001,
      "fcf_margin": 0.08580195916440458,
      "fcf_margin_change": -0.39506914148303507
    },
    {
      "date": "2021-12-31T00:00:00",
      "quarter_label": "2021-12 (Q4)",
      "revenue": 8399000,
      "gross_profit": null,
      "operating_income": 259000,
      "net_income": -592000,
      "opex": 8140000,
      "cogs": null,
      "rd": null,
      "sga": null,
      "fcf": 867000,
      "ocf": 5842000,
      "capex": -4975000,
      "gross_margin": null,
      "op_margin": 0.030837004405286344,
      "fcf_margin": 0.10322657459221336,
      "incr_op_margin_yoy": -0.5090337784760408,
      "rev_growth_yoy": 0.4349906031095165,
      "fcf_margin_change": 0.01742461542780878
    },
    {
      "date": "2022-03-31T00:00:00",
      "quarter_label": "2022-03 (Q1)",
      "revenue": 8707000,
      "gross_profit": null,
      "operating_income": 1364000,
      "net_income": 672000,
      "opex": 7343000,
      "cogs": null,
      "rd": null,
      "sga": null,
      "fcf": -2322000,
      "ocf": 1314000,
      "capex": -3636000,
      "gross_margin": null,
      "op_margin": 0.15665556448834272,
      "fcf_margin": -0.266681980016079,
      "incr_op_margin_yoy": -0.027330063069376315,
      "rev_growth_yoy": 0.48761318981718776,
      "rev_growth_yoy_accel": 0.05262258670767128,
      "op_leverage_ratio": Infinity,
      "fcf_margin_change": -0.36990855460829236
    },
    {
      "date": "2022-06-30T00:00:00",
      "quarter_label": "2022-06 (Q2)",
      "revenue": 9628000,
      "gross_profit": null,
      "operating_income": 2066000,
      "net_income": 657000,
      "opex": 7562000,
      "cogs": null,
      "rd": null,
      "sga": null,
      "fcf": -6282000,
      "ocf": 7493000,
      "capex": -13775000,
      "gross_margin": null,
      "op_margin": 0.21458246780224347,
      "fcf_margin": -0.652471956792688,
      "incr_op_margin_yoy": 1.9638128861429833,
      "rev_growth_yoy": 0.13337257210123601,
      "rev_growth_yoy_accel": -0.3542406177159517,
      "op_leverage_ratio": 3.5466676945490248,
      "fcf_margin_change": -0.385789976776609
    },
    {
      "date": "2022-09-30T00:00:00",
      "quarter_label": "2022-09 (Q3)",
      "revenue": 9294000,
      "gross_profit": null,
      "operating_income": 1849000,
      "net_income": 480000,
      "opex": 7445000,
      "cogs": null,
      "rd": null,
      "sga": null,
      "fcf": -4358000,
      "ocf": 4368000,
      "capex": -8726000,
      "gross_margin": null,
      "op_margin": 0.19894555627286423,
      "fcf_margin": -0.468904669679363,
      "rev_growth_yoy": 0.0968960226602148,
      "rev_growth_yoy_accel": -0.03647654944102122,
      "fcf_margin_change": 0.18356728711332498
    },
    {
      "date": "2022-12-31T00:00:00",
      "quarter_label": "2022-12 (Q4)",
      "revenue": 9852000,
      "gross_profit": null,
      "operating_income": 2717000,
      "net_income": 2756000,
      "opex": 7135000,
      "cogs": null,
      "rd": null,
      "sga": null,
      "fcf": 7685000,
      "ocf": 9163000,
      "capex": -1478000,
      "gross_margin": null,
      "op_margin": 0.27578156719447827,
      "fcf_margin": 0.7800446609825417,
      "incr_op_margin_yoy": 1.6916724019270475,
      "rev_growth_yoy": 0.1729967853315871,
      "rev_growth_yoy_accel": 0.07610076267137231,
      "op_leverage_ratio": Infinity,
      "fcf_margin_change": 1.2489493306619046
    },
    {
      "date": "2023-03-31T00:00:00",
      "quarter_label": "2023-03 (Q1)",
      "revenue": 10114000,
      "gross_profit": null,
      "operating_income": 2854000,
      "net_income": 565000,
      "opex": 7260000,
      "cogs": null,
      "rd": null,
      "sga": null,
      "fcf": 3481000,
      "ocf": 4687000,
      "capex": -1206000,
      "gross_margin": null,
      "op_margin": 0.28218311251730277,
      "fcf_margin": 0.3441763891635357,
      "incr_op_margin_yoy": 1.0589907604832978,
      "rev_growth_yoy": 0.16159411967382567,
      "rev_growth_yoy_accel": -0.011402665657761435,
      "op_leverage_ratio": 1.5179618351603736,
      "fcf_margin_change": -0.43586827181900595
    },
    {
      "date": "2023-06-30T00:00:00",
      "quarter_label": "2023-06 (Q2)",
      "revenue": 10696000,
      "gross_profit": null,
      "operating_income": 2767000,
      "net_income": 598000,
      "opex": 7929000,
      "cogs": null,
      "rd": null,
      "sga": null,
      "fcf": 7187000,
      "ocf": 8166000,
      "capex": -979000,
      "gross_margin": null,
      "op_margin": 0.2586948391922214,
      "fcf_margin": 0.6719334330590875,
      "incr_op_margin_yoy": 0.6563670411985019,
      "rev_growth_yoy": 0.11092646447860408,
      "rev_growth_yoy_accel": -0.050667655195221595,
      "op_leverage_ratio": 0.6244685030118531,
      "fcf_margin_change": 0.32775704389555177
    },
    {
      "date": "2023-09-30T00:00:00",
      "quarter_label": "2023-09 (Q3)",
      "revenue": 10591000,
      "gross_profit": null,
      "operating_income": 2896000,
      "net_income": 1259000,
      "opex": 7695000,
      "cogs": null,
      "rd": null,
      "sga": null,
      "fcf": 5419000,
      "ocf": 7868000,
      "capex": -2449000,
      "gross_margin": null,
      "op_margin": 0.27343971296383723,
      "fcf_margin": 0.5116608441129261,
      "incr_op_margin_yoy": 0.8072474942174248,
      "rev_growth_yoy": 0.13955239939746072,
      "rev_growth_yoy_accel": 0.02862593491885665,
      "fcf_margin_change": -0.16027258894616137
    },
    {
      "date": "2023-12-31T00:00:00",
      "quarter_label": "2023-12 (Q4)",
      "revenue": 10105000,
      "gross_profit": null,
      "operating_income": 3183000,
      "net_income": 2880000,
      "opex": 6922000,
      "cogs": null,
      "rd": null,
      "sga": null,
      "fcf": 5667000,
      "ocf": 12250000,
      "capex": -6583000,
      "gross_margin": null,
      "op_margin": 0.314992577931717,
      "fcf_margin": 0.560811479465611,
      "rev_growth_yoy": 0.02568006496142915,
      "rev_growth_yoy_accel": -0.11387233443603158,
      "fcf_margin_change": 0.049150635352684935
    },
    {
      "date": "2024-03-31T00:00:00",
      "quarter_label": "2024-03 (Q1)",
      "revenue": 10133000,
      "gross_profit": null,
      "operating_income": 2882000,
      "net_income": 1301000,
      "opex": 7251000,
      "cogs": null,
      "rd": null,
      "sga": null,
      "fcf": -3299000,
      "ocf": 2906000,
      "capex": -6205000,
      "gross_margin": null,
      "op_margin": 0.2844172505674529,
      "fcf_margin": -0.32556992006316,
      "rev_growth_yoy": 0.0018785841407949378,
      "rev_growth_yoy_accel": -0.023801480820634213,
      "fcf_margin_change": -0.886381399528771
    },
    {
      "date": "2024-06-30T00:00:00",
      "quarter_label": "2024-06 (Q2)",
      "revenue": 10477000,
      "gross_profit": null,
      "operating_income": 2820000,
      "net_income": 2044000,
      "opex": 7657000,
      "cogs": null,
      "rd": null,
      "sga": null,
      "fcf": 5863000,
      "ocf": 12176000,
      "capex": -6313000,
      "gross_margin": null,
      "op_margin": 0.2691610193757755,
      "fcf_margin": 0.5596067576596354,
      "rev_growth_yoy": -0.020474943904263274,
      "rev_growth_yoy_accel": -0.02235352804505821,
      "op_leverage_ratio": 0.6063065660216655,
      "fcf_margin_change": 0.8851766777227954
    },
    {
      "date": "2024-09-30T00:00:00",
      "quarter_label": "2024-09 (Q3)",
      "revenue": 10633000,
      "gross_profit": null,
      "operating_income": 3083000,
      "net_income": 1361000,
      "opex": 7550000,
      "cogs": null,
      "rd": null,
      "sga": null,
      "fcf": -28249000,
      "ocf": 6322000,
      "capex": -34571000,
      "gross_margin": null,
      "op_margin": 0.28994639330386535,
      "fcf_margin": -2.6567290510674315,
      "rev_growth_yoy": 0.0039656311962987445,
      "rev_growth_yoy_accel": 0.02444057510056202,
      "op_leverage_ratio": Infinity,
      "fcf_margin_change": -3.216335808727067
    },
    {
      "date": "2024-12-31T00:00:00",
      "quarter_label": "2024-12 (Q4)",
      "revenue": 10531000,
      "gross_profit": null,
      "operating_income": 2919000,
      "net_income": 1679000,
      "opex": 7612000,
      "cogs": null,
      "rd": null,
      "sga": null,
      "fcf": 3477000,
      "ocf": 7582000,
      "capex": -4105000,
      "gross_margin": null,
      "op_margin": 0.27718165416389706,
      "fcf_margin": 0.3301680752065331,
      "rev_growth_yoy": 0.042157347847600196,
      "rev_growth_yoy_accel": 0.03819171665130145,
      "fcf_margin_change": 2.9868971262739645
    },
    {
      "date": "2025-03-31T00:00:00",
      "quarter_label": "2025-03 (Q1)",
      "revenue": 10306000,
      "gross_profit": null,
      "operating_income": 2325000,
      "net_income": 1710000,
      "opex": 7981000,
      "cogs": null,
      "rd": null,
      "sga": null,
      "fcf": 1403000,
      "ocf": 4503000,
      "capex": -3100000,
      "gross_margin": null,
      "op_margin": 0.2255967397632447,
      "fcf_margin": 0.13613429070444402,
      "rev_growth_yoy": 0.01707293003059311,
      "rev_growth_yoy_accel": -0.025084417817007085,
      "fcf_margin_change": -0.19403378450208905
    },
    {
      "date": "2025-06-30T00:00:00",
      "quarter_label": "2025-06 (Q2)",
      "revenue": 10850000,
      "gross_profit": null,
      "operating_income": 1657000,
      "net_income": 578000,
      "opex": 9193000,
      "cogs": null,
      "rd": null,
      "sga": null,
      "fcf": 2608000,
      "ocf": 8669000,
      "capex": -6061000,
      "gross_margin": null,
      "op_margin": 0.1527188940092166,
      "fcf_margin": 0.24036866359447004,
      "rev_growth_yoy": 0.03560179440679584,
      "rev_growth_yoy_accel": 0.018528864376202728,
      "op_leverage_ratio": 0.34758694188844463,
      "fcf_margin_change": 0.10423437289002602
    },
    {
      "date": "2025-09-30T00:00:00",
      "quarter_label": "2025-09 (Q3)",
      "revenue": 10775000,
      "gross_profit": null,
      "operating_income": 1363000,
      "net_income": 662000,
      "opex": 9412000,
      "cogs": null,
      "rd": null,
      "sga": null,
      "fcf": -16913000,
      "ocf": 8080000,
      "capex": -24993000,
      "gross_margin": null,
      "op_margin": 0.12649651972157772,
      "fcf_margin": -1.5696519721577726,
      "rev_growth_yoy": 0.01335465061600677,
      "rev_growth_yoy_accel": -0.02224714379078907,
      "fcf_margin_change": -1.8100206357522426
    }
  ],
  "signals": [
    {
      "quarter": "2025-06 (Q2)",
      "signal": "FCF MARGIN EXPANSION",
      "detail": "FCF margin: +13.6% -> +24.0% (+10.4%)",
      "severity": "MEDIUM"
    },
    {
      "quarter": "2024-12 (Q4)",
      "signal": "FCF TURNED POSITIVE",
      "detail": "FCF margin: -265.7% -> +33.0%",
      "severity": "HIGH"
    },
    {
      "quarter": "2024-06 (Q2)",
      "signal": "FCF TURNED POSITIVE",
      "detail": "FCF margin: -32.6% -> +56.0%",
      "severity": "HIGH"
    },
    {
      "quarter": "2023-12 (Q4)",
      "signal": "YoY REVENUE GROWTH DECELERATION",
      "detail": "YoY growth: +2.6% vs prior quarter YoY: +14.0% (decel: -11.4%)",
      "severity": "WARNING"
    },
    {
      "quarter": "2023-09 (Q3)",
      "signal": "INCREMENTAL MARGIN (YoY)",
      "detail": "YoY Incr OPM: +80.7% vs year-ago OPM: +19.9%",
      "severity": "HIGH"
    },
    {
      "quarter": "2023-06 (Q2)",
      "signal": "FCF MARGIN EXPANSION",
      "detail": "FCF margin: +34.4% -> +67.2% (+32.8%)",
      "severity": "MEDIUM"
    },
    {
      "quarter": "2023-06 (Q2)",
      "signal": "YoY REVENUE GROWTH DECELERATION",
      "detail": "YoY growth: +11.1% vs prior quarter YoY: +16.2% (decel: -5.1%)",
      "severity": "WARNING"
    },
    {
      "quarter": "2023-06 (Q2)",
      "signal": "INCREMENTAL MARGIN (YoY)",
      "detail": "YoY Incr OPM: +65.6% vs year-ago OPM: +21.5%",
      "severity": "HIGH"
    },
    {
      "quarter": "2023-03 (Q1)",
      "signal": "OPERATING LEVERAGE",
      "detail": "Rev growth +2.7% vs OpEx growth +1.8% (leverage: 1.5x)",
      "severity": "MEDIUM"
    },
    {
      "quarter": "2023-03 (Q1)",
      "signal": "INCREMENTAL MARGIN (YoY)",
      "detail": "YoY Incr OPM: +105.9% vs year-ago OPM: +15.7%",
      "severity": "HIGH"
    },
    {
      "quarter": "2022-12 (Q4)",
      "signal": "FCF TURNED POSITIVE",
      "detail": "FCF margin: -46.9% -> +78.0%",
      "severity": "HIGH"
    },
    {
      "quarter": "2022-12 (Q4)",
      "signal": "YoY REVENUE GROWTH ACCELERATION",
      "detail": "YoY growth: +17.3% vs prior quarter YoY: +9.7% (accel: +7.6%)",
      "severity": "MEDIUM"
    },
    {
      "quarter": "2022-12 (Q4)",
      "signal": "INCREMENTAL MARGIN (YoY)",
      "detail": "YoY Incr OPM: +169.2% vs year-ago OPM: +3.1%",
      "severity": "HIGH"
    },
    {
      "quarter": "2022-09 (Q3)",
      "signal": "FCF MARGIN EXPANSION",
      "detail": "FCF margin: -65.2% -> -46.9% (+18.4%)",
      "severity": "MEDIUM"
    },
    {
      "quarter": "2022-06 (Q2)",
      "signal": "OPERATING LEVERAGE",
      "detail": "Rev growth +10.6% vs OpEx growth +3.0% (leverage: 3.5x)",
      "severity": "MEDIUM"
    },
    {
      "quarter": "2022-06 (Q2)",
      "signal": "YoY REVENUE GROWTH DECELERATION",
      "detail": "YoY growth: +13.3% vs prior quarter YoY: +48.8% (decel: -35.4%)",
      "severity": "WARNING"
    },
    {
      "quarter": "2022-06 (Q2)",
      "signal": "OP MARGIN TURNED POSITIVE (YoY)",
      "detail": "Op margin: -1.9% (year-ago) -> +21.5%",
      "severity": "HIGH"
    },
    {
      "quarter": "2022-03 (Q1)",
      "signal": "YoY REVENUE GROWTH ACCELERATION",
      "detail": "YoY growth: +48.8% vs prior quarter YoY: +43.5% (accel: +5.3%)",
      "severity": "MEDIUM"
    },
    {
      "quarter": "2021-09 (Q3)",
      "signal": "OP MARGIN TURNED POSITIVE (QoQ)",
      "detail": "Op margin: -1.9% -> +8.6%",
      "severity": "HIGH"
    },
    {
      "quarter": "2021-06 (Q2)",
      "signal": "FCF MARGIN EXPANSION",
      "detail": "FCF margin: +0.6% -> +48.1% (+47.5%)",
      "severity": "MEDIUM"
    },
    {
      "quarter": "2021-03 (Q1)",
      "signal": "FCF TURNED POSITIVE",
      "detail": "FCF margin: -155.2% -> +0.6%",
      "severity": "HIGH"
    }
  ],
  "data_quality": {
    "n_quarters": 20,
    "coverage": {
      "revenue": [
        20,
        20
      ],
      "gross_profit": [
        0,
        20
      ],
      "op_income": [
        20,
        20
      ],
      "fcf": [
        20,
        20
      ]
    },
    "gaps": [],
    "warnings": [
      "gross_profit: no data"
    ]
  },
  "market_cap": null,
  "source": "SEC EDGAR",
  "last_updated": "2026-02-02T22:30:00.677092"
}