{
  "ticker": "FRSH",
  "name": "Freshworks Inc.",
  "quarters": [
    {
      "date": "2020-12-31T00:00:00",
      "quarter_label": "2020-12 (Q4)",
      "revenue": 73001000,
      "gross_profit": 57529000,
      "operating_income": -3387000,
      "net_income": -1535000,
      "opex": 60916000,
      "cogs": 15472000,
      "rd": 16148000,
      "sga": null,
      "fcf": 12726000,
      "ocf": 13481000,
      "capex": -755000,
      "gross_margin": 0.7880576978397557,
      "op_margin": -0.046396624703771185,
      "fcf_margin": 0.1743263790906974
    },
    {
      "date": "2021-03-31T00:00:00",
      "quarter_label": "2021-03 (Q1)",
      "revenue": 80587000,
      "gross_profit": 63894000,
      "operating_income": -1715000,
      "net_income": -2415000,
      "opex": 65609000,
      "cogs": 16693000,
      "rd": 15395000,
      "sga": null,
      "fcf": 5790000,
      "ocf": 7777000,
      "capex": -1987000,
      "gross_margin": 0.7928574087632,
      "op_margin": -0.021281348108255674,
      "fcf_margin": 0.07184781664536463,
      "op_leverage_ratio": 1.3488537163467278,
      "fcf_margin_change": -0.10247856244533277
    },
    {
      "date": "2021-06-30T00:00:00",
      "quarter_label": "2021-06 (Q2)",
      "revenue": 88341000,
      "gross_profit": 69638000,
      "operating_income": -6439000,
      "net_income": -7429000,
      "opex": 76077000,
      "cogs": 18703000,
      "rd": 18895000,
      "sga": null,
      "fcf": 86000,
      "ocf": 885000,
      "capex": -799000,
      "gross_margin": 0.7882862996796505,
      "op_margin": -0.07288801349316852,
      "fcf_margin": 0.0009735004131716869,
      "op_leverage_ratio": 0.6030599847899568,
      "fcf_margin_change": -0.07087431623219294
    },
    {
      "date": "2021-09-30T00:00:00",
      "quarter_label": "2021-09 (Q3)",
      "revenue": 96614000,
      "gross_profit": 74378000,
      "operating_income": -140253000,
      "net_income": -107415000,
      "opex": 214631000,
      "cogs": 22236000,
      "rd": 57087000,
      "sga": null,
      "fcf": -3316000,
      "ocf": -2046000,
      "capex": -1270000,
      "gross_margin": 0.7698470201006066,
      "op_margin": -1.451684020949345,
      "fcf_margin": -0.034322147928871595,
      "op_leverage_ratio": 0.05142034941523689,
      "fcf_margin_change": -0.03529564834204328
    },
    {
      "date": "2021-12-31T00:00:00",
      "quarter_label": "2021-12 (Q4)",
      "revenue": 105480000,
      "gross_profit": 85082000,
      "operating_income": -56375000,
      "net_income": -74736000,
      "opex": 141457000,
      "cogs": 20398000,
      "rd": 29030000,
      "sga": null,
      "fcf": 3335000,
      "ocf": 4844000,
      "capex": -1509000,
      "gross_margin": 0.8066173682214638,
      "op_margin": -0.5344615092908608,
      "fcf_margin": 0.031617368221463785,
      "incr_op_margin_yoy": -1.6314541703870193,
      "rev_growth_yoy": 0.4449117135381707,
      "op_leverage_ratio": Infinity,
      "fcf_margin_change": 0.06593951615033539
    },
    {
      "date": "2022-03-31T00:00:00",
      "quarter_label": "2022-03 (Q1)",
      "revenue": 114637000,
      "gross_profit": 92242000,
      "operating_income": -47124000,
      "net_income": -49059000,
      "opex": 139366000,
      "cogs": 22395000,
      "rd": 30717000,
      "sga": null,
      "fcf": -42000,
      "ocf": 1355000,
      "capex": -1397000,
      "gross_margin": 0.804644224813978,
      "op_margin": -0.41107146907194014,
      "fcf_margin": -0.0003663738583528878,
      "incr_op_margin_yoy": -1.3335976505139502,
      "rev_growth_yoy": 0.4225247248315485,
      "rev_growth_yoy_accel": -0.022386988706622202,
      "op_leverage_ratio": Infinity,
      "fcf_margin_change": -0.03198374207981667
    },
    {
      "date": "2022-06-30T00:00:00",
      "quarter_label": "2022-06 (Q2)",
      "revenue": 121432000,
      "gross_profit": 97390000,
      "operating_income": -67352000,
      "net_income": -69753000,
      "opex": 164742000,
      "cogs": 24042000,
      "rd": 34297000,
      "sga": null,
      "fcf": -8808000,
      "ocf": -6824000,
      "capex": -1984000,
      "gross_margin": 0.8020126490546149,
      "op_margin": -0.5546478687660583,
      "fcf_margin": -0.07253442255748073,
      "incr_op_margin_yoy": -1.840772415460397,
      "rev_growth_yoy": 0.37458258339842204,
      "rev_growth_yoy_accel": -0.04794214143312647,
      "op_leverage_ratio": 0.325535472097841,
      "fcf_margin_change": -0.07216804869912784
    },
    {
      "date": "2022-09-30T00:00:00",
      "quarter_label": "2022-09 (Q3)",
      "revenue": 128760000,
      "gross_profit": 104581000,
      "operating_income": -58288000,
      "net_income": -57843000,
      "opex": 162869000,
      "cogs": 24179000,
      "rd": 35871000,
      "sga": null,
      "fcf": -6130000,
      "ocf": -4223000,
      "capex": -1907000,
      "gross_margin": 0.8122165268716993,
      "op_margin": -0.45268716992854924,
      "fcf_margin": -0.04760795278036657,
      "incr_op_margin_yoy": 2.5497729110931378,
      "rev_growth_yoy": 0.3327261059473782,
      "rev_growth_yoy_accel": -0.041856477451043816,
      "op_leverage_ratio": Infinity,
      "fcf_margin_change": 0.024926469777114157
    },
    {
      "date": "2022-12-31T00:00:00",
      "quarter_label": "2022-12 (Q4)",
      "revenue": 133170000,
      "gross_profit": 108014000,
      "operating_income": -60608000,
      "net_income": -55477000,
      "opex": 168622000,
      "cogs": 25156000,
      "rd": 34658000,
      "sga": null,
      "fcf": 5326000,
      "ocf": 7167000,
      "capex": -1841000,
      "gross_margin": 0.8110985957798303,
      "op_margin": -0.4551175189607269,
      "fcf_margin": 0.03999399264098521,
      "incr_op_margin_yoy": -0.15287107258938246,
      "rev_growth_yoy": 0.26251422070534697,
      "rev_growth_yoy_accel": -0.07021188524203126,
      "op_leverage_ratio": 0.9696202508063786,
      "fcf_margin_change": 0.08760194542135177
    },
    {
      "date": "2023-03-31T00:00:00",
      "quarter_label": "2023-03 (Q1)",
      "revenue": 137692000,
      "gross_profit": 112456000,
      "operating_income": -48107000,
      "net_income": -42664000,
      "opex": 160563000,
      "cogs": 25236000,
      "rd": 32857000,
      "sga": null,
      "fcf": 11121000,
      "ocf": 11504000,
      "capex": -383000,
      "gross_margin": 0.816721378148331,
      "op_margin": -0.34938122766754787,
      "fcf_margin": 0.08076721959155216,
      "incr_op_margin_yoy": -0.04263717198004771,
      "rev_growth_yoy": 0.2011130786744245,
      "rev_growth_yoy_accel": -0.06140114203092248,
      "op_leverage_ratio": Infinity,
      "fcf_margin_change": 0.04077322695056695
    },
    {
      "date": "2023-06-30T00:00:00",
      "quarter_label": "2023-06 (Q2)",
      "revenue": 145079000,
      "gross_profit": 120218000,
      "operating_income": -43289000,
      "net_income": -35658000,
      "opex": 163507000,
      "cogs": 24861000,
      "rd": 34180000,
      "sga": null,
      "fcf": 19566000,
      "ocf": 19895000,
      "capex": -329000,
      "gross_margin": 0.8286381902273934,
      "op_margin": -0.2983822606993431,
      "fcf_margin": 0.13486445316000248,
      "incr_op_margin_yoy": 1.0175920835623968,
      "rev_growth_yoy": 0.19473450161407208,
      "rev_growth_yoy_accel": -0.006378577060352414,
      "op_leverage_ratio": 2.9259510696881446,
      "fcf_margin_change": 0.05409723356845032
    },
    {
      "date": "2023-09-30T00:00:00",
      "quarter_label": "2023-09 (Q3)",
      "revenue": 153550000,
      "gross_profit": 127287000,
      "operating_income": -38735000,
      "net_income": -31033000,
      "opex": 166022000,
      "cogs": 26263000,
      "rd": 34885000,
      "sga": null,
      "fcf": 23635000,
      "ocf": 23913000,
      "capex": -278000,
      "gross_margin": 0.8289612504070335,
      "op_margin": -0.25226310647997396,
      "fcf_margin": 0.1539238033213937,
      "incr_op_margin_yoy": 0.7887454618797902,
      "rev_growth_yoy": 0.1925287356321839,
      "rev_growth_yoy_accel": -0.0022057659818881803,
      "op_leverage_ratio": 3.7960199760637714,
      "fcf_margin_change": 0.01905935016139121
    },
    {
      "date": "2023-12-31T00:00:00",
      "quarter_label": "2023-12 (Q4)",
      "revenue": 160111000,
      "gross_profit": 133102000,
      "operating_income": -40041000,
      "net_income": -28081000,
      "opex": 173143000,
      "cogs": 27009000,
      "rd": 35834000,
      "sga": null,
      "fcf": 29787000,
      "ocf": 30866000,
      "capex": -1079000,
      "gross_margin": 0.8313107781476601,
      "op_margin": -0.25008275508865724,
      "fcf_margin": 0.18603968496855305,
      "incr_op_margin_yoy": 0.7634089306261831,
      "rev_growth_yoy": 0.20230532402192686,
      "rev_growth_yoy_accel": 0.009776588389742963,
      "op_leverage_ratio": 0.9961961810891246,
      "fcf_margin_change": 0.03211588164715937
    },
    {
      "date": "2024-03-31T00:00:00",
      "quarter_label": "2024-03 (Q1)",
      "revenue": 165143000,
      "gross_profit": 139253000,
      "operating_income": -32167000,
      "net_income": -23325000,
      "opex": 171420000,
      "cogs": 25890000,
      "rd": 34684000,
      "sga": null,
      "fcf": 39880000,
      "ocf": 40619000,
      "capex": -739000,
      "gross_margin": 0.8432267792155889,
      "op_margin": -0.19478270347517002,
      "fcf_margin": 0.2414876803739789,
      "incr_op_margin_yoy": 0.5806710138064187,
      "rev_growth_yoy": 0.19936524997821226,
      "rev_growth_yoy_accel": -0.0029400740437146022,
      "op_leverage_ratio": Infinity,
      "fcf_margin_change": 0.05544799540542586
    },
    {
      "date": "2024-06-30T00:00:00",
      "quarter_label": "2024-06 (Q2)",
      "revenue": 174131000,
      "gross_profit": 145956000,
      "operating_income": -43787000,
      "net_income": -20184000,
      "opex": 189743000,
      "cogs": 28175000,
      "rd": 40993000,
      "sga": null,
      "fcf": 34021000,
      "ocf": 36336000,
      "capex": -2315000,
      "gross_margin": 0.8381965301985287,
      "op_margin": -0.25146010762012505,
      "fcf_margin": 0.1953758951593915,
      "incr_op_margin_yoy": -0.017141676992978108,
      "rev_growth_yoy": 0.20024951922745537,
      "rev_growth_yoy_accel": 0.0008842692492431192,
      "op_leverage_ratio": 0.5091758571426371,
      "fcf_margin_change": -0.04611178521458742
    },
    {
      "date": "2024-09-30T00:00:00",
      "quarter_label": "2024-09 (Q3)",
      "revenue": 186575000,
      "gross_profit": 156769000,
      "operating_income": -38864000,
      "net_income": -29959000,
      "opex": 195633000,
      "cogs": 29806000,
      "rd": 47885000,
      "sga": null,
      "fcf": 41273000,
      "ocf": 42329000,
      "capex": -1056000,
      "gross_margin": 0.840246549644915,
      "op_margin": -0.20830229130376524,
      "fcf_margin": 0.22121398901246148,
      "incr_op_margin_yoy": -0.003906131718395155,
      "rev_growth_yoy": 0.21507652230543797,
      "rev_growth_yoy_accel": 0.014827003077982598,
      "op_leverage_ratio": 2.302154023941482,
      "fcf_margin_change": 0.025838093853069982
    },
    {
      "date": "2024-12-31T00:00:00",
      "quarter_label": "2024-12 (Q4)",
      "revenue": 194571000,
      "gross_profit": 165112000,
      "operating_income": -23792000,
      "net_income": -21900000,
      "opex": 188904000,
      "cogs": 29459000,
      "rd": 41028000,
      "sga": null,
      "fcf": 36295000,
      "ocf": 41362000,
      "capex": -5067000,
      "gross_margin": 0.8485951143798408,
      "op_margin": -0.12227927080602967,
      "fcf_margin": 0.1865385900262629,
      "incr_op_margin_yoy": 0.47153221125943123,
      "rev_growth_yoy": 0.2152256871795192,
      "rev_growth_yoy_accel": 0.00014916487408123125,
      "op_leverage_ratio": Infinity,
      "fcf_margin_change": -0.03467539898619856
    },
    {
      "date": "2025-03-31T00:00:00",
      "quarter_label": "2025-03 (Q1)",
      "revenue": 196273000,
      "gross_profit": 166395000,
      "operating_income": -10416000,
      "net_income": -1304000,
      "opex": 176811000,
      "cogs": 29878000,
      "rd": 40001000,
      "sga": null,
      "fcf": 56677000,
      "ocf": 57973000,
      "capex": -1296000,
      "gross_margin": 0.847773254599461,
      "op_margin": -0.05306893969114448,
      "fcf_margin": 0.28876615734206945,
      "incr_op_margin_yoy": 0.698715065852875,
      "rev_growth_yoy": 0.18850329714247652,
      "rev_growth_yoy_accel": -0.026722390037042687,
      "fcf_margin_change": 0.10222756731580654
    },
    {
      "date": "2025-06-30T00:00:00",
      "quarter_label": "2025-06 (Q2)",
      "revenue": 204678000,
      "gross_profit": 173536000,
      "operating_income": -8656000,
      "net_income": -1739000,
      "opex": 182192000,
      "cogs": 31142000,
      "rd": 39943000,
      "sga": null,
      "fcf": 58211000,
      "ocf": 58591000,
      "capex": -380000,
      "gross_margin": 0.8478488161893315,
      "op_margin": -0.04229081777230577,
      "fcf_margin": 0.284402818084992,
      "incr_op_margin_yoy": 1.150063836055914,
      "rev_growth_yoy": 0.17542539811980634,
      "rev_growth_yoy_accel": -0.013077899022670175,
      "op_leverage_ratio": 1.4070950832582305,
      "fcf_margin_change": -0.0043633392570774365
    },
    {
      "date": "2025-09-30T00:00:00",
      "quarter_label": "2025-09 (Q3)",
      "revenue": 215118000,
      "gross_profit": 182163000,
      "operating_income": -7457000,
      "net_income": -4680000,
      "opex": 189620000,
      "cogs": 32955000,
      "rd": 41462000,
      "sga": null,
      "fcf": 61680000,
      "ocf": 63472000,
      "capex": -1792000,
      "gross_margin": 0.8468050093437091,
      "op_margin": -0.03466469565540773,
      "fcf_margin": 0.28672635483780995,
      "incr_op_margin_yoy": 1.1003398381389482,
      "rev_growth_yoy": 0.15298405466970388,
      "rev_growth_yoy_accel": -0.022441343450102458,
      "op_leverage_ratio": 1.251084784404886,
      "fcf_margin_change": 0.002323536752817934
    }
  ],
  "signals": [
    {
      "quarter": "2025-03 (Q1)",
      "signal": "FCF MARGIN EXPANSION",
      "detail": "FCF margin: +18.7% -> +28.9% (+10.2%)",
      "severity": "MEDIUM"
    },
    {
      "quarter": "2024-09 (Q3)",
      "signal": "OPERATING LEVERAGE",
      "detail": "Rev growth +7.1% vs OpEx growth +3.1% (leverage: 2.3x)",
      "severity": "MEDIUM"
    },
    {
      "quarter": "2024-03 (Q1)",
      "signal": "FCF MARGIN EXPANSION",
      "detail": "FCF margin: +18.6% -> +24.1% (+5.5%)",
      "severity": "MEDIUM"
    },
    {
      "quarter": "2023-09 (Q3)",
      "signal": "OPERATING LEVERAGE",
      "detail": "Rev growth +5.8% vs OpEx growth +1.5% (leverage: 3.8x)",
      "severity": "MEDIUM"
    },
    {
      "quarter": "2023-06 (Q2)",
      "signal": "FCF MARGIN EXPANSION",
      "detail": "FCF margin: +8.1% -> +13.5% (+5.4%)",
      "severity": "MEDIUM"
    },
    {
      "quarter": "2023-06 (Q2)",
      "signal": "OPERATING LEVERAGE",
      "detail": "Rev growth +5.4% vs OpEx growth +1.8% (leverage: 2.9x)",
      "severity": "MEDIUM"
    },
    {
      "quarter": "2023-03 (Q1)",
      "signal": "YoY REVENUE GROWTH DECELERATION",
      "detail": "YoY growth: +20.1% vs prior quarter YoY: +26.3% (decel: -6.1%)",
      "severity": "WARNING"
    },
    {
      "quarter": "2022-12 (Q4)",
      "signal": "FCF TURNED POSITIVE",
      "detail": "FCF margin: -4.8% -> +4.0%",
      "severity": "HIGH"
    },
    {
      "quarter": "2022-12 (Q4)",
      "signal": "YoY REVENUE GROWTH DECELERATION",
      "detail": "YoY growth: +26.3% vs prior quarter YoY: +33.3% (decel: -7.0%)",
      "severity": "WARNING"
    },
    {
      "quarter": "2021-12 (Q4)",
      "signal": "FCF TURNED POSITIVE",
      "detail": "FCF margin: -3.4% -> +3.2%",
      "severity": "HIGH"
    },
    {
      "quarter": "2021-12 (Q4)",
      "signal": "GROSS MARGIN INFLECTION",
      "detail": "GM: +78.8% -> +77.0% -> +80.7% (reversal +3.7%)",
      "severity": "MEDIUM"
    }
  ],
  "data_quality": {
    "n_quarters": 20,
    "coverage": {
      "revenue": [
        20,
        20
      ],
      "gross_profit": [
        20,
        20
      ],
      "op_income": [
        20,
        20
      ],
      "fcf": [
        20,
        20
      ]
    },
    "gaps": [],
    "warnings": []
  },
  "market_cap": null,
  "source": "SEC EDGAR",
  "last_updated": "2026-02-02T21:18:35.709353"
}