{
  "ticker": "FRT-PC",
  "name": "FEDERAL REALTY INVESTMENT TRUST",
  "quarters": [
    {
      "date": "2020-12-31T00:00:00",
      "quarter_label": "2020-12 (Q4)",
      "revenue": 219513000,
      "gross_profit": null,
      "operating_income": 151799000,
      "net_income": 94725000,
      "opex": 154149000,
      "cogs": null,
      "rd": null,
      "sga": null,
      "fcf": 101507000,
      "ocf": 101507000,
      "capex": null,
      "gross_margin": null,
      "op_margin": 0.6915262421815564,
      "fcf_margin": 0.4624190822411429
    },
    {
      "date": "2021-03-31T00:00:00",
      "quarter_label": "2021-03 (Q1)",
      "revenue": 218161000,
      "gross_profit": null,
      "operating_income": 82799000,
      "net_income": 48236000,
      "opex": 152790000,
      "cogs": null,
      "rd": null,
      "sga": null,
      "fcf": 115106000,
      "ocf": 115106000,
      "capex": null,
      "gross_margin": null,
      "op_margin": 0.37953163030972537,
      "fcf_margin": 0.5276195103616137,
      "fcf_margin_change": 0.06520042812047078
    },
    {
      "date": "2021-06-30T00:00:00",
      "quarter_label": "2021-06 (Q2)",
      "revenue": 231625000,
      "gross_profit": null,
      "operating_income": 78863000,
      "net_income": 46204000,
      "opex": 152762000,
      "cogs": null,
      "rd": null,
      "sga": null,
      "fcf": 132103000,
      "ocf": 132103000,
      "capex": null,
      "gross_margin": null,
      "op_margin": 0.3404770642201835,
      "fcf_margin": 0.5703313545601727,
      "op_leverage_ratio": Infinity,
      "fcf_margin_change": 0.042711844198559
    },
    {
      "date": "2021-09-30T00:00:00",
      "quarter_label": "2021-09 (Q3)",
      "revenue": 247284000,
      "gross_profit": null,
      "operating_income": 85573000,
      "net_income": 52122000,
      "opex": 161711000,
      "cogs": null,
      "rd": null,
      "sga": null,
      "fcf": 118827000,
      "ocf": 118827000,
      "capex": null,
      "gross_margin": null,
      "op_margin": 0.3460515035343977,
      "fcf_margin": 0.480528461202504,
      "op_leverage_ratio": 1.1540361662058494,
      "fcf_margin_change": -0.08980289335766872
    },
    {
      "date": "2021-12-31T00:00:00",
      "quarter_label": "2021-12 (Q4)",
      "revenue": 254154000,
      "gross_profit": null,
      "operating_income": 147490000,
      "net_income": 114936000,
      "opex": 179186000,
      "cogs": null,
      "rd": null,
      "sga": null,
      "fcf": 105316000,
      "ocf": 105316000,
      "capex": null,
      "gross_margin": null,
      "op_margin": 0.5803174453284229,
      "fcf_margin": 0.414378683790143,
      "incr_op_margin_yoy": -0.12439017349383678,
      "rev_growth_yoy": 0.15780842136912165,
      "op_leverage_ratio": 0.2570887651341166,
      "fcf_margin_change": -0.066149777412361
    },
    {
      "date": "2022-03-31T00:00:00",
      "quarter_label": "2022-03 (Q1)",
      "revenue": 256771000,
      "gross_profit": null,
      "operating_income": 85984000,
      "net_income": 51984000,
      "opex": 170787000,
      "cogs": null,
      "rd": null,
      "sga": null,
      "fcf": 103069000,
      "ocf": 103069000,
      "capex": null,
      "gross_margin": null,
      "op_margin": 0.33486647635441696,
      "fcf_margin": 0.401404364200007,
      "incr_op_margin_yoy": 0.08249158249158249,
      "rev_growth_yoy": 0.17697938678315556,
      "rev_growth_yoy_accel": 0.019170965414033903,
      "op_leverage_ratio": Infinity,
      "fcf_margin_change": -0.012974319590135952
    },
    {
      "date": "2022-06-30T00:00:00",
      "quarter_label": "2022-06 (Q2)",
      "revenue": 264099000,
      "gross_profit": null,
      "operating_income": 93600000,
      "net_income": 61676000,
      "opex": 170499000,
      "cogs": null,
      "rd": null,
      "sga": null,
      "fcf": 157452000,
      "ocf": 157452000,
      "capex": null,
      "gross_margin": null,
      "op_margin": 0.35441254983926485,
      "fcf_margin": 0.5961855213385889,
      "incr_op_margin_yoy": 0.45380920120711954,
      "rev_growth_yoy": 0.14020075553157044,
      "rev_growth_yoy_accel": -0.03677863125158512,
      "op_leverage_ratio": Infinity,
      "fcf_margin_change": 0.1947811571385819
    },
    {
      "date": "2022-09-30T00:00:00",
      "quarter_label": "2022-09 (Q3)",
      "revenue": 273451000,
      "gross_profit": null,
      "operating_income": 191727000,
      "net_income": 156138000,
      "opex": 181821000,
      "cogs": null,
      "rd": null,
      "sga": null,
      "fcf": 148772000,
      "ocf": 148772000,
      "capex": null,
      "gross_margin": null,
      "op_margin": 0.7011384123663837,
      "fcf_margin": 0.5440535964395815,
      "incr_op_margin_yoy": 4.056789085489357,
      "rev_growth_yoy": 0.10581760243283027,
      "rev_growth_yoy_accel": -0.03438315309874017,
      "op_leverage_ratio": 0.5332568304101037,
      "fcf_margin_change": -0.05213192489900742
    },
    {
      "date": "2022-12-31T00:00:00",
      "quarter_label": "2022-12 (Q4)",
      "revenue": 280057000,
      "gross_profit": null,
      "operating_income": 155097000,
      "net_income": 115693000,
      "opex": 188720000,
      "cogs": null,
      "rd": null,
      "sga": null,
      "fcf": 107476000,
      "ocf": 107476000,
      "capex": null,
      "gross_margin": null,
      "op_margin": 0.5538051182437861,
      "fcf_margin": 0.3837647336078013,
      "incr_op_margin_yoy": 0.29367254758136124,
      "rev_growth_yoy": 0.10191852184108847,
      "rev_growth_yoy_accel": -0.0038990805917417937,
      "op_leverage_ratio": 0.6366737590938969,
      "fcf_margin_change": -0.16028886283178023
    },
    {
      "date": "2023-03-31T00:00:00",
      "quarter_label": "2023-03 (Q1)",
      "revenue": 273059000,
      "gross_profit": null,
      "operating_income": 95808000,
      "net_income": 55335000,
      "opex": 178953000,
      "cogs": null,
      "rd": null,
      "sga": null,
      "fcf": 143007000,
      "ocf": 143007000,
      "capex": null,
      "gross_margin": null,
      "op_margin": 0.3508692260646966,
      "fcf_margin": 0.5237219794989362,
      "incr_op_margin_yoy": 0.6031434184675835,
      "rev_growth_yoy": 0.06343395476903545,
      "rev_growth_yoy_accel": -0.03848456707205303,
      "fcf_margin_change": 0.1399572458911349
    },
    {
      "date": "2023-06-30T00:00:00",
      "quarter_label": "2023-06 (Q2)",
      "revenue": 280679000,
      "gross_profit": null,
      "operating_income": 101801000,
      "net_income": 60499000,
      "opex": 178878000,
      "cogs": null,
      "rd": null,
      "sga": null,
      "fcf": 149269000,
      "ocf": 149269000,
      "capex": null,
      "gross_margin": null,
      "op_margin": 0.36269546350101006,
      "fcf_margin": 0.5318139226661062,
      "incr_op_margin_yoy": 0.49463208685162846,
      "rev_growth_yoy": 0.06277948799503216,
      "rev_growth_yoy_accel": -0.0006544667740032845,
      "op_leverage_ratio": Infinity,
      "fcf_margin_change": 0.00809194316716999
    },
    {
      "date": "2023-09-30T00:00:00",
      "quarter_label": "2023-09 (Q3)",
      "revenue": 286604000,
      "gross_profit": null,
      "operating_income": 100084000,
      "net_income": 57048000,
      "opex": 186520000,
      "cogs": null,
      "rd": null,
      "sga": null,
      "fcf": 150939000,
      "ocf": 150939000,
      "capex": null,
      "gross_margin": null,
      "op_margin": 0.34920657073871963,
      "fcf_margin": 0.5266465227282243,
      "incr_op_margin_yoy": -6.96745989508097,
      "rev_growth_yoy": 0.048100025233039925,
      "rev_growth_yoy_accel": -0.014679462761992237,
      "op_leverage_ratio": 0.49411533351956494,
      "fcf_margin_change": -0.005167399937881845
    },
    {
      "date": "2023-12-31T00:00:00",
      "quarter_label": "2023-12 (Q4)",
      "revenue": 291812000,
      "gross_profit": null,
      "operating_income": 108777000,
      "net_income": 64103000,
      "opex": 191214000,
      "cogs": null,
      "rd": null,
      "sga": null,
      "fcf": 112615000,
      "ocf": 112615000,
      "capex": null,
      "gross_margin": null,
      "op_margin": 0.37276397132400313,
      "fcf_margin": 0.3859162748618974,
      "incr_op_margin_yoy": -3.9404508719693747,
      "rev_growth_yoy": 0.04197359823178853,
      "rev_growth_yoy_accel": -0.0061264270012513986,
      "op_leverage_ratio": 0.7220562802711435,
      "fcf_margin_change": -0.14073024786632693
    },
    {
      "date": "2024-03-31T00:00:00",
      "quarter_label": "2024-03 (Q1)",
      "revenue": 291323000,
      "gross_profit": null,
      "operating_income": 100194000,
      "net_income": 56736000,
      "opex": 191129000,
      "cogs": null,
      "rd": null,
      "sga": null,
      "fcf": 141160000,
      "ocf": 141160000,
      "capex": null,
      "gross_margin": null,
      "op_margin": 0.34392753061035347,
      "fcf_margin": 0.48454807893643825,
      "incr_op_margin_yoy": 0.24014454664914586,
      "rev_growth_yoy": 0.06688664354590033,
      "rev_growth_yoy_accel": 0.024913045314111808,
      "fcf_margin_change": 0.09863180407454086
    },
    {
      "date": "2024-06-30T00:00:00",
      "quarter_label": "2024-06 (Q2)",
      "revenue": 296052000,
      "gross_profit": null,
      "operating_income": 157011000,
      "net_income": 111982000,
      "opex": 191321000,
      "cogs": null,
      "rd": null,
      "sga": null,
      "fcf": 169723000,
      "ocf": 169723000,
      "capex": null,
      "gross_margin": null,
      "op_margin": 0.530349398078716,
      "fcf_margin": 0.5732878007917528,
      "incr_op_margin_yoy": 3.5913614779158265,
      "rev_growth_yoy": 0.0547707523541127,
      "rev_growth_yoy_accel": -0.012115891191787631,
      "op_leverage_ratio": 16.159201602831455,
      "fcf_margin_change": 0.08873972185531454
    },
    {
      "date": "2024-09-30T00:00:00",
      "quarter_label": "2024-09 (Q3)",
      "revenue": 303633000,
      "gross_profit": null,
      "operating_income": 105832000,
      "net_income": 60953000,
      "opex": 197801000,
      "cogs": null,
      "rd": null,
      "sga": null,
      "fcf": 144085000,
      "ocf": 144085000,
      "capex": null,
      "gross_margin": null,
      "op_margin": 0.348552364202837,
      "fcf_margin": 0.4745366939693643,
      "incr_op_margin_yoy": 0.3375418403899231,
      "rev_growth_yoy": 0.05941647709034068,
      "rev_growth_yoy_accel": 0.004645724736227978,
      "op_leverage_ratio": 0.7560423678698086,
      "fcf_margin_change": -0.09875110682238847
    },
    {
      "date": "2024-12-31T00:00:00",
      "quarter_label": "2024-12 (Q4)",
      "revenue": 311444000,
      "gross_profit": null,
      "operating_income": 109319000,
      "net_income": 65537000,
      "opex": 203885000,
      "cogs": null,
      "rd": null,
      "sga": null,
      "fcf": 119595000,
      "ocf": 119595000,
      "capex": null,
      "gross_margin": null,
      "op_margin": 0.3510069225928257,
      "fcf_margin": 0.38400161826845275,
      "incr_op_margin_yoy": 0.0276079869600652,
      "rev_growth_yoy": 0.06727619152056803,
      "rev_growth_yoy_accel": 0.00785971443022735,
      "op_leverage_ratio": 0.836367107694221,
      "fcf_margin_change": -0.09053507570091157
    },
    {
      "date": "2025-03-31T00:00:00",
      "quarter_label": "2025-03 (Q1)",
      "revenue": 309154000,
      "gross_profit": null,
      "operating_income": 108133000,
      "net_income": 63768000,
      "opex": 202192000,
      "cogs": null,
      "rd": null,
      "sga": null,
      "fcf": 179044000,
      "ocf": 179044000,
      "capex": null,
      "gross_margin": null,
      "op_margin": 0.3497706644584899,
      "fcf_margin": 0.5791417869411362,
      "incr_op_margin_yoy": 0.4452358252481633,
      "rev_growth_yoy": 0.061206976448821414,
      "rev_growth_yoy_accel": -0.006069215071746618,
      "fcf_margin_change": 0.1951401686726834
    },
    {
      "date": "2025-06-30T00:00:00",
      "quarter_label": "2025-06 (Q2)",
      "revenue": 311523000,
      "gross_profit": null,
      "operating_income": 202744000,
      "net_income": 155916000,
      "opex": 199456000,
      "cogs": null,
      "rd": null,
      "sga": null,
      "fcf": 150693000,
      "ocf": 150693000,
      "capex": null,
      "gross_margin": null,
      "op_margin": 0.6508155096092423,
      "fcf_margin": 0.48372993326335456,
      "incr_op_margin_yoy": 2.9560467972335336,
      "rev_growth_yoy": 0.05225771148311783,
      "rev_growth_yoy_accel": -0.008949264965703585,
      "fcf_margin_change": -0.0954118536777816
    },
    {
      "date": "2025-09-30T00:00:00",
      "quarter_label": "2025-09 (Q3)",
      "revenue": 322253000,
      "gross_profit": null,
      "operating_income": 110668000,
      "net_income": 61649000,
      "opex": 211585000,
      "cogs": null,
      "rd": null,
      "sga": null,
      "fcf": 147794000,
      "ocf": 147794000,
      "capex": null,
      "gross_margin": null,
      "op_margin": 0.34341961129919657,
      "fcf_margin": 0.45862722767514963,
      "incr_op_margin_yoy": 0.2597207303974221,
      "rev_growth_yoy": 0.061324032631499215,
      "rev_growth_yoy_accel": 0.009066321148381386,
      "op_leverage_ratio": 0.5664110464750052,
      "fcf_margin_change": -0.025102705588204932
    }
  ],
  "signals": [
    {
      "quarter": "2025-06 (Q2)",
      "signal": "INCREMENTAL MARGIN (YoY)",
      "detail": "YoY Incr OPM: +295.6% vs year-ago OPM: +53.0%",
      "severity": "HIGH"
    },
    {
      "quarter": "2025-03 (Q1)",
      "signal": "FCF MARGIN EXPANSION",
      "detail": "FCF margin: +38.4% -> +57.9% (+19.5%)",
      "severity": "MEDIUM"
    },
    {
      "quarter": "2025-03 (Q1)",
      "signal": "INCREMENTAL MARGIN (YoY)",
      "detail": "YoY Incr OPM: +44.5% vs year-ago OPM: +34.4%",
      "severity": "MEDIUM"
    },
    {
      "quarter": "2024-06 (Q2)",
      "signal": "FCF MARGIN EXPANSION",
      "detail": "FCF margin: +48.5% -> +57.3% (+8.9%)",
      "severity": "MEDIUM"
    },
    {
      "quarter": "2024-06 (Q2)",
      "signal": "OPERATING LEVERAGE",
      "detail": "Rev growth +1.6% vs OpEx growth +0.1% (leverage: 16.2x)",
      "severity": "MEDIUM"
    },
    {
      "quarter": "2024-06 (Q2)",
      "signal": "INCREMENTAL MARGIN (YoY)",
      "detail": "YoY Incr OPM: +359.1% vs year-ago OPM: +36.3%",
      "severity": "HIGH"
    },
    {
      "quarter": "2024-03 (Q1)",
      "signal": "FCF MARGIN EXPANSION",
      "detail": "FCF margin: +38.6% -> +48.5% (+9.9%)",
      "severity": "MEDIUM"
    },
    {
      "quarter": "2023-06 (Q2)",
      "signal": "INCREMENTAL MARGIN (YoY)",
      "detail": "YoY Incr OPM: +49.5% vs year-ago OPM: +35.4%",
      "severity": "MEDIUM"
    },
    {
      "quarter": "2023-03 (Q1)",
      "signal": "FCF MARGIN EXPANSION",
      "detail": "FCF margin: +38.4% -> +52.4% (+14.0%)",
      "severity": "MEDIUM"
    },
    {
      "quarter": "2023-03 (Q1)",
      "signal": "INCREMENTAL MARGIN (YoY)",
      "detail": "YoY Incr OPM: +60.3% vs year-ago OPM: +33.5%",
      "severity": "HIGH"
    },
    {
      "quarter": "2022-09 (Q3)",
      "signal": "INCREMENTAL MARGIN (YoY)",
      "detail": "YoY Incr OPM: +405.7% vs year-ago OPM: +34.6%",
      "severity": "HIGH"
    },
    {
      "quarter": "2022-06 (Q2)",
      "signal": "FCF MARGIN EXPANSION",
      "detail": "FCF margin: +40.1% -> +59.6% (+19.5%)",
      "severity": "MEDIUM"
    },
    {
      "quarter": "2022-06 (Q2)",
      "signal": "INCREMENTAL MARGIN (YoY)",
      "detail": "YoY Incr OPM: +45.4% vs year-ago OPM: +34.0%",
      "severity": "MEDIUM"
    },
    {
      "quarter": "2021-03 (Q1)",
      "signal": "FCF MARGIN EXPANSION",
      "detail": "FCF margin: +46.2% -> +52.8% (+6.5%)",
      "severity": "MEDIUM"
    }
  ],
  "data_quality": {
    "n_quarters": 20,
    "coverage": {
      "revenue": [
        20,
        20
      ],
      "gross_profit": [
        0,
        20
      ],
      "op_income": [
        20,
        20
      ],
      "fcf": [
        20,
        20
      ]
    },
    "gaps": [],
    "warnings": [
      "gross_profit: no data"
    ]
  },
  "market_cap": null,
  "source": "SEC EDGAR",
  "last_updated": "2026-02-03T00:54:51.911475"
}