{
  "ticker": "FSP",
  "name": "Franklin Street Properties Corp.",
  "quarters": [
    {
      "date": "2020-12-31T00:00:00",
      "quarter_label": "2020-12 (Q4)",
      "revenue": 59810000,
      "gross_profit": 42368000,
      "operating_income": null,
      "net_income": null,
      "opex": 64251000,
      "cogs": 17442000,
      "rd": null,
      "sga": null,
      "fcf": -3488000,
      "ocf": 12442000,
      "capex": -15930000,
      "gross_margin": 0.7083765256646046,
      "op_margin": null,
      "fcf_margin": -0.058318007022237085
    },
    {
      "date": "2021-03-31T00:00:00",
      "quarter_label": "2021-03 (Q1)",
      "revenue": 59039000,
      "gross_profit": 43100000,
      "operating_income": -6393000,
      "net_income": null,
      "opex": 65432000,
      "cogs": 15939000,
      "rd": null,
      "sga": null,
      "fcf": -14377000,
      "ocf": 1645000,
      "capex": -16022000,
      "gross_margin": 0.7300259150730872,
      "op_margin": -0.10828435440979692,
      "fcf_margin": -0.24351699723911313,
      "fcf_margin_change": -0.18519899021687605
    },
    {
      "date": "2021-06-30T00:00:00",
      "quarter_label": "2021-06 (Q2)",
      "revenue": 56145000,
      "gross_profit": 40793000,
      "operating_income": null,
      "net_income": null,
      "opex": 60399000,
      "cogs": 15352000,
      "rd": null,
      "sga": null,
      "fcf": -16491000,
      "ocf": 4444000,
      "capex": -20935000,
      "gross_margin": 0.726565143824027,
      "op_margin": null,
      "fcf_margin": -0.29372161367886723,
      "fcf_margin_change": -0.0502046164397541
    },
    {
      "date": "2021-09-30T00:00:00",
      "quarter_label": "2021-09 (Q3)",
      "revenue": 50802000,
      "gross_profit": 36429000,
      "operating_income": null,
      "net_income": null,
      "opex": 55112000,
      "cogs": 14373000,
      "rd": null,
      "sga": null,
      "fcf": 2821000,
      "ocf": 20872000,
      "capex": -18051000,
      "gross_margin": 0.7170780677926066,
      "op_margin": null,
      "fcf_margin": 0.05552930986969017,
      "fcf_margin_change": 0.3492509235485574
    },
    {
      "date": "2021-12-31T00:00:00",
      "quarter_label": "2021-12 (Q4)",
      "revenue": 43372000,
      "gross_profit": 28155000,
      "operating_income": null,
      "net_income": null,
      "opex": 47714000,
      "cogs": 15217000,
      "rd": null,
      "sga": null,
      "fcf": -424000,
      "ocf": 9401000,
      "capex": -9825000,
      "gross_margin": 0.6491515263303513,
      "op_margin": null,
      "fcf_margin": -0.009775892280734114,
      "rev_growth_yoy": -0.27483698378197624,
      "fcf_margin_change": -0.06530520215042429
    },
    {
      "date": "2022-03-31T00:00:00",
      "quarter_label": "2022-03 (Q1)",
      "revenue": 42264000,
      "gross_profit": 29430000,
      "operating_income": null,
      "net_income": null,
      "opex": 46373000,
      "cogs": 12834000,
      "rd": null,
      "sga": null,
      "fcf": -19724000,
      "ocf": -9772000,
      "capex": -9952000,
      "gross_margin": 0.6963373083475298,
      "op_margin": null,
      "fcf_margin": -0.46668559530569753,
      "rev_growth_yoy": -0.28413421636545333,
      "rev_growth_yoy_accel": -0.009297232583477089,
      "fcf_margin_change": -0.4569097030249634
    },
    {
      "date": "2022-06-30T00:00:00",
      "quarter_label": "2022-06 (Q2)",
      "revenue": 41304000,
      "gross_profit": 28960000,
      "operating_income": null,
      "net_income": null,
      "opex": 49218000,
      "cogs": 12344000,
      "rd": null,
      "sga": null,
      "fcf": -12006000,
      "ocf": -462000,
      "capex": -11544000,
      "gross_margin": 0.7011427464652334,
      "op_margin": null,
      "fcf_margin": -0.2906740267286461,
      "rev_growth_yoy": -0.26433342238845847,
      "rev_growth_yoy_accel": 0.019800793976994857,
      "fcf_margin_change": 0.1760115685770514
    },
    {
      "date": "2022-09-30T00:00:00",
      "quarter_label": "2022-09 (Q3)",
      "revenue": 40836000,
      "gross_profit": 27467000,
      "operating_income": null,
      "net_income": null,
      "opex": 46810000,
      "cogs": 13369000,
      "rd": null,
      "sga": null,
      "fcf": 3049000,
      "ocf": 19588000,
      "capex": -16539000,
      "gross_margin": 0.6726172984621412,
      "op_margin": null,
      "fcf_margin": 0.07466451170535801,
      "rev_growth_yoy": -0.19617337900082674,
      "rev_growth_yoy_accel": 0.06816004338763174,
      "fcf_margin_change": 0.3653385384340041
    },
    {
      "date": "2022-12-31T00:00:00",
      "quarter_label": "2022-12 (Q4)",
      "revenue": 41211000,
      "gross_profit": 26938000,
      "operating_income": null,
      "net_income": null,
      "opex": 45540000,
      "cogs": 14273000,
      "rd": null,
      "sga": null,
      "fcf": -10995000,
      "ocf": 5880000,
      "capex": -16875000,
      "gross_margin": 0.6536604304675936,
      "op_margin": null,
      "fcf_margin": -0.26679769964329914,
      "rev_growth_yoy": -0.049824771742137786,
      "rev_growth_yoy_accel": 0.14634860725868895,
      "fcf_margin_change": -0.3414622113486572
    },
    {
      "date": "2023-03-31T00:00:00",
      "quarter_label": "2023-03 (Q1)",
      "revenue": 37767000,
      "gross_profit": 25077000,
      "operating_income": null,
      "net_income": null,
      "opex": 44013000,
      "cogs": 12690000,
      "rd": null,
      "sga": null,
      "fcf": -12515000,
      "ocf": -1095000,
      "capex": -11420000,
      "gross_margin": 0.6639923742950194,
      "op_margin": null,
      "fcf_margin": -0.3313739508036116,
      "rev_growth_yoy": -0.10640261215218626,
      "rev_growth_yoy_accel": -0.05657784041004847,
      "fcf_margin_change": -0.06457625116031246
    },
    {
      "date": "2023-06-30T00:00:00",
      "quarter_label": "2023-06 (Q2)",
      "revenue": 36266000,
      "gross_profit": 24126000,
      "operating_income": null,
      "net_income": null,
      "opex": 43805000,
      "cogs": 12140000,
      "rd": null,
      "sga": null,
      "fcf": -5380000,
      "ocf": 1569000,
      "capex": -6949000,
      "gross_margin": 0.6652511994705785,
      "op_margin": null,
      "fcf_margin": -0.14834831522638284,
      "rev_growth_yoy": -0.12197365872554716,
      "rev_growth_yoy_accel": -0.015571046573360905,
      "fcf_margin_change": 0.18302563557722876
    },
    {
      "date": "2023-09-30T00:00:00",
      "quarter_label": "2023-09 (Q3)",
      "revenue": 36903000,
      "gross_profit": 24106000,
      "operating_income": null,
      "net_income": null,
      "opex": 42794000,
      "cogs": 12797000,
      "rd": null,
      "sga": null,
      "fcf": 3416000,
      "ocf": 11071000,
      "capex": -7655000,
      "gross_margin": 0.6532260249844186,
      "op_margin": null,
      "fcf_margin": 0.09256699997290194,
      "rev_growth_yoy": -0.09631207757860712,
      "rev_growth_yoy_accel": 0.025661581146940046,
      "op_leverage_ratio": Infinity,
      "fcf_margin_change": 0.24091531519928477
    },
    {
      "date": "2023-12-31T00:00:00",
      "quarter_label": "2023-12 (Q4)",
      "revenue": 34771000,
      "gross_profit": 21666000,
      "operating_income": null,
      "net_income": null,
      "opex": 40397000,
      "cogs": 13105000,
      "rd": null,
      "sga": null,
      "fcf": 708000,
      "ocf": 6321000,
      "capex": -5613000,
      "gross_margin": 0.6231054614477581,
      "op_margin": null,
      "fcf_margin": 0.02036179574933134,
      "rev_growth_yoy": -0.15626895731722112,
      "rev_growth_yoy_accel": -0.05995687973861401,
      "fcf_margin_change": -0.0722052042235706
    },
    {
      "date": "2024-03-31T00:00:00",
      "quarter_label": "2024-03 (Q1)",
      "revenue": 31225000,
      "gross_profit": 20206000,
      "operating_income": null,
      "net_income": null,
      "opex": 39585000,
      "cogs": 11019000,
      "rd": null,
      "sga": null,
      "fcf": -15847000,
      "ocf": -7088000,
      "capex": -8759000,
      "gross_margin": 0.6471096877502002,
      "op_margin": null,
      "fcf_margin": -0.5075100080064051,
      "rev_growth_yoy": -0.173220006884317,
      "rev_growth_yoy_accel": -0.016951049567095866,
      "fcf_margin_change": -0.5278718037557365
    },
    {
      "date": "2024-06-30T00:00:00",
      "quarter_label": "2024-06 (Q2)",
      "revenue": 30830000,
      "gross_profit": 19803000,
      "operating_income": null,
      "net_income": null,
      "opex": 38953000,
      "cogs": 11027000,
      "rd": null,
      "sga": null,
      "fcf": -5136000,
      "ocf": -648000,
      "capex": -4488000,
      "gross_margin": 0.6423289004216672,
      "op_margin": null,
      "fcf_margin": -0.16659098280895232,
      "rev_growth_yoy": -0.14989246125847902,
      "rev_growth_yoy_accel": 0.02332754562583797,
      "fcf_margin_change": 0.34091902519745276
    },
    {
      "date": "2024-09-30T00:00:00",
      "quarter_label": "2024-09 (Q3)",
      "revenue": 29682000,
      "gross_profit": 18108000,
      "operating_income": null,
      "net_income": null,
      "opex": 37857000,
      "cogs": 11574000,
      "rd": null,
      "sga": null,
      "fcf": 8645000,
      "ocf": 14472000,
      "capex": -5827000,
      "gross_margin": 0.6100667070952093,
      "op_margin": null,
      "fcf_margin": 0.2912539586281248,
      "rev_growth_yoy": -0.1956751483619218,
      "rev_growth_yoy_accel": -0.04578268710344277,
      "fcf_margin_change": 0.4578449414370771
    },
    {
      "date": "2024-12-31T00:00:00",
      "quarter_label": "2024-12 (Q4)",
      "revenue": 28375000,
      "gross_profit": 16952000,
      "operating_income": null,
      "net_income": null,
      "opex": 36446000,
      "cogs": 11423000,
      "rd": null,
      "sga": null,
      "fcf": -3888000,
      "ocf": 2251000,
      "capex": -6139000,
      "gross_margin": 0.5974273127753303,
      "op_margin": null,
      "fcf_margin": -0.13702202643171807,
      "rev_growth_yoy": -0.18394639210836616,
      "rev_growth_yoy_accel": 0.011728756253555628,
      "fcf_margin_change": -0.4282759850598429
    },
    {
      "date": "2025-03-31T00:00:00",
      "quarter_label": "2025-03 (Q1)",
      "revenue": 27107000,
      "gross_profit": 17012000,
      "operating_income": null,
      "net_income": null,
      "opex": 35463000,
      "cogs": 10095000,
      "rd": null,
      "sga": null,
      "fcf": -9935000,
      "ocf": -5481000,
      "capex": -4454000,
      "gross_margin": 0.6275869701553104,
      "op_margin": null,
      "fcf_margin": -0.36651049544398123,
      "rev_growth_yoy": -0.13188150520416334,
      "rev_growth_yoy_accel": 0.05206488690420283,
      "fcf_margin_change": -0.22948846901226316
    },
    {
      "date": "2025-06-30T00:00:00",
      "quarter_label": "2025-06 (Q2)",
      "revenue": 26715000,
      "gross_profit": 16014000,
      "operating_income": null,
      "net_income": null,
      "opex": 35138000,
      "cogs": 10701000,
      "rd": null,
      "sga": null,
      "fcf": -5744000,
      "ocf": -2878000,
      "capex": -2866000,
      "gross_margin": 0.5994385176866929,
      "op_margin": null,
      "fcf_margin": -0.21501029384241063,
      "rev_growth_yoy": -0.13347388906908855,
      "rev_growth_yoy_accel": -0.0015923838649252176,
      "fcf_margin_change": 0.1515002016015706
    },
    {
      "date": "2025-09-30T00:00:00",
      "quarter_label": "2025-09 (Q3)",
      "revenue": 27300000,
      "gross_profit": 16629000,
      "operating_income": null,
      "net_income": null,
      "opex": 35865000,
      "cogs": 10671000,
      "rd": null,
      "sga": null,
      "fcf": 2993000,
      "ocf": 8281000,
      "capex": -5288000,
      "gross_margin": 0.6091208791208791,
      "op_margin": null,
      "fcf_margin": 0.10963369963369964,
      "rev_growth_yoy": -0.08025065696381646,
      "rev_growth_yoy_accel": 0.05322323210527209,
      "op_leverage_ratio": 1.058384120322493,
      "fcf_margin_change": 0.3246439934761103
    }
  ],
  "signals": [
    {
      "quarter": "2025-09 (Q3)",
      "signal": "FCF TURNED POSITIVE",
      "detail": "FCF margin: -21.5% -> +11.0%",
      "severity": "HIGH"
    },
    {
      "quarter": "2025-09 (Q3)",
      "signal": "YoY REVENUE GROWTH ACCELERATION",
      "detail": "YoY growth: -8.0% vs prior quarter YoY: -13.3% (accel: +5.3%)",
      "severity": "MEDIUM"
    },
    {
      "quarter": "2025-06 (Q2)",
      "signal": "FCF MARGIN EXPANSION",
      "detail": "FCF margin: -36.7% -> -21.5% (+15.2%)",
      "severity": "MEDIUM"
    },
    {
      "quarter": "2025-03 (Q1)",
      "signal": "GROSS MARGIN INFLECTION",
      "detail": "GM: +61.0% -> +59.7% -> +62.8% (reversal +3.0%)",
      "severity": "MEDIUM"
    },
    {
      "quarter": "2025-03 (Q1)",
      "signal": "YoY REVENUE GROWTH ACCELERATION",
      "detail": "YoY growth: -13.2% vs prior quarter YoY: -18.4% (accel: +5.2%)",
      "severity": "MEDIUM"
    },
    {
      "quarter": "2024-09 (Q3)",
      "signal": "FCF TURNED POSITIVE",
      "detail": "FCF margin: -16.7% -> +29.1%",
      "severity": "HIGH"
    },
    {
      "quarter": "2024-06 (Q2)",
      "signal": "FCF MARGIN EXPANSION",
      "detail": "FCF margin: -50.8% -> -16.7% (+34.1%)",
      "severity": "MEDIUM"
    },
    {
      "quarter": "2024-03 (Q1)",
      "signal": "GROSS MARGIN INFLECTION",
      "detail": "GM: +65.3% -> +62.3% -> +64.7% (reversal +2.4%)",
      "severity": "MEDIUM"
    },
    {
      "quarter": "2023-12 (Q4)",
      "signal": "YoY REVENUE GROWTH DECELERATION",
      "detail": "YoY growth: -15.6% vs prior quarter YoY: -9.6% (decel: -6.0%)",
      "severity": "WARNING"
    },
    {
      "quarter": "2023-09 (Q3)",
      "signal": "FCF TURNED POSITIVE",
      "detail": "FCF margin: -14.8% -> +9.3%",
      "severity": "HIGH"
    },
    {
      "quarter": "2023-06 (Q2)",
      "signal": "FCF MARGIN EXPANSION",
      "detail": "FCF margin: -33.1% -> -14.8% (+18.3%)",
      "severity": "MEDIUM"
    },
    {
      "quarter": "2023-03 (Q1)",
      "signal": "YoY REVENUE GROWTH DECELERATION",
      "detail": "YoY growth: -10.6% vs prior quarter YoY: -5.0% (decel: -5.7%)",
      "severity": "WARNING"
    },
    {
      "quarter": "2022-12 (Q4)",
      "signal": "YoY REVENUE GROWTH ACCELERATION",
      "detail": "YoY growth: -5.0% vs prior quarter YoY: -19.6% (accel: +14.6%)",
      "severity": "MEDIUM"
    },
    {
      "quarter": "2022-09 (Q3)",
      "signal": "FCF TURNED POSITIVE",
      "detail": "FCF margin: -29.1% -> +7.5%",
      "severity": "HIGH"
    },
    {
      "quarter": "2022-09 (Q3)",
      "signal": "YoY REVENUE GROWTH ACCELERATION",
      "detail": "YoY growth: -19.6% vs prior quarter YoY: -26.4% (accel: +6.8%)",
      "severity": "MEDIUM"
    },
    {
      "quarter": "2022-06 (Q2)",
      "signal": "FCF MARGIN EXPANSION",
      "detail": "FCF margin: -46.7% -> -29.1% (+17.6%)",
      "severity": "MEDIUM"
    },
    {
      "quarter": "2022-03 (Q1)",
      "signal": "GROSS MARGIN INFLECTION",
      "detail": "GM: +71.7% -> +64.9% -> +69.6% (reversal +4.7%)",
      "severity": "MEDIUM"
    },
    {
      "quarter": "2021-09 (Q3)",
      "signal": "FCF TURNED POSITIVE",
      "detail": "FCF margin: -29.4% -> +5.6%",
      "severity": "HIGH"
    }
  ],
  "data_quality": {
    "n_quarters": 20,
    "coverage": {
      "revenue": [
        20,
        20
      ],
      "gross_profit": [
        20,
        20
      ],
      "op_income": [
        1,
        20
      ],
      "fcf": [
        20,
        20
      ]
    },
    "gaps": [],
    "warnings": [
      "op_income: 1/20Q"
    ]
  },
  "market_cap": null,
  "source": "SEC EDGAR",
  "last_updated": "2026-02-02T23:23:47.780118"
}