{
  "ticker": "FTAI",
  "name": "FTAI Aviation Ltd.",
  "quarters": [
    {
      "date": "2020-12-31T00:00:00",
      "quarter_label": "2020-12 (Q4)",
      "revenue": 75638000,
      "gross_profit": null,
      "operating_income": null,
      "net_income": -60523000,
      "opex": 130303000,
      "cogs": null,
      "rd": null,
      "sga": null,
      "fcf": -20454000,
      "ocf": 34713000,
      "capex": -55167000,
      "gross_margin": null,
      "op_margin": null,
      "fcf_margin": -0.2704196303445358
    },
    {
      "date": "2021-03-31T00:00:00",
      "quarter_label": "2021-03 (Q1)",
      "revenue": 77149000,
      "gross_profit": null,
      "operating_income": null,
      "net_income": null,
      "opex": 114507000,
      "cogs": null,
      "rd": null,
      "sga": null,
      "fcf": -88234000,
      "ocf": -48932000,
      "capex": -39302000,
      "gross_margin": null,
      "op_margin": null,
      "fcf_margin": -1.14368300302013,
      "op_leverage_ratio": Infinity,
      "fcf_margin_change": -0.8732633726755941
    },
    {
      "date": "2021-06-30T00:00:00",
      "quarter_label": "2021-06 (Q2)",
      "revenue": 96915000,
      "gross_profit": null,
      "operating_income": null,
      "net_income": null,
      "opex": 128314000,
      "cogs": null,
      "rd": null,
      "sga": null,
      "fcf": -59824000,
      "ocf": -14992000,
      "capex": -44832000,
      "gross_margin": null,
      "op_margin": null,
      "fcf_margin": -0.6172831862972709,
      "op_leverage_ratio": 2.1248153820234608,
      "fcf_margin_change": 0.5263998167228591
    },
    {
      "date": "2021-09-30T00:00:00",
      "quarter_label": "2021-09 (Q3)",
      "revenue": 99174000,
      "gross_profit": 93807000,
      "operating_income": null,
      "net_income": 46538000,
      "opex": 176917000,
      "cogs": 5367000,
      "rd": null,
      "sga": null,
      "fcf": 278765000,
      "ocf": 195752000,
      "capex": 83013000,
      "gross_margin": 0.9458829935265292,
      "op_margin": null,
      "fcf_margin": 2.8108677677617115,
      "op_leverage_ratio": 0.061536982670524244,
      "fcf_margin_change": 3.4281509540589825
    },
    {
      "date": "2021-12-31T00:00:00",
      "quarter_label": "2021-12 (Q4)",
      "revenue": 98231000,
      "gross_profit": 92500000,
      "operating_income": null,
      "net_income": null,
      "opex": -247274000,
      "cogs": 5731000,
      "rd": null,
      "sga": null,
      "fcf": -310083000,
      "ocf": -153872000,
      "capex": -156211000,
      "gross_margin": 0.9416579287597602,
      "op_margin": null,
      "fcf_margin": -3.1566715191741914,
      "rev_growth_yoy": 0.29869906660673207,
      "fcf_margin_change": -5.967539286935903
    },
    {
      "date": "2022-03-31T00:00:00",
      "quarter_label": "2022-03 (Q1)",
      "revenue": 91691000,
      "gross_profit": 82641000,
      "operating_income": null,
      "net_income": null,
      "opex": 356484000,
      "cogs": 9050000,
      "rd": null,
      "sga": null,
      "fcf": -52738000,
      "ocf": 1923000,
      "capex": -54661000,
      "gross_margin": 0.9012989279209519,
      "op_margin": null,
      "fcf_margin": -0.5751709546193192,
      "rev_growth_yoy": 0.1884923978275804,
      "rev_growth_yoy_accel": -0.11020666877915167,
      "fcf_margin_change": 2.5815005645548723
    },
    {
      "date": "2022-06-30T00:00:00",
      "quarter_label": "2022-06 (Q2)",
      "revenue": 112064000,
      "gross_profit": 96923000,
      "operating_income": null,
      "net_income": null,
      "opex": 213577000,
      "cogs": 15141000,
      "rd": null,
      "sga": null,
      "fcf": -114560000,
      "ocf": -50492000,
      "capex": -64068000,
      "gross_margin": 0.8648897058823529,
      "op_margin": null,
      "fcf_margin": -1.0222729868646487,
      "rev_growth_yoy": 0.1563122323685704,
      "rev_growth_yoy_accel": -0.03218016545901001,
      "op_leverage_ratio": Infinity,
      "fcf_margin_change": -0.4471020322453295
    },
    {
      "date": "2022-09-30T00:00:00",
      "quarter_label": "2022-09 (Q3)",
      "revenue": 230365000,
      "gross_profit": 134417000,
      "operating_income": null,
      "net_income": 58798000,
      "opex": 209066000,
      "cogs": 95948000,
      "rd": null,
      "sga": null,
      "fcf": 7249000,
      "ocf": 27270000,
      "capex": -20021000,
      "gross_margin": 0.5834957567338789,
      "op_margin": null,
      "fcf_margin": 0.03146745382328044,
      "rev_growth_yoy": 1.3228366305684958,
      "rev_growth_yoy_accel": 1.1665243981999254,
      "op_leverage_ratio": Infinity,
      "fcf_margin_change": 1.0537404406879292
    },
    {
      "date": "2022-12-31T00:00:00",
      "quarter_label": "2022-12 (Q4)",
      "revenue": 274291000,
      "gross_profit": 146045000,
      "operating_income": null,
      "net_income": null,
      "opex": 246582000,
      "cogs": 128246000,
      "rd": null,
      "sga": null,
      "fcf": -4804000,
      "ocf": 642000,
      "capex": -5446000,
      "gross_margin": 0.5324454684987842,
      "op_margin": null,
      "fcf_margin": -0.017514245819221192,
      "rev_growth_yoy": 1.792305891215604,
      "rev_growth_yoy_accel": 0.46946926064710826,
      "op_leverage_ratio": 1.0626054620315675,
      "fcf_margin_change": -0.04898169964250164
    },
    {
      "date": "2023-03-31T00:00:00",
      "quarter_label": "2023-03 (Q1)",
      "revenue": 292718000,
      "gross_profit": 147048000,
      "operating_income": null,
      "net_income": null,
      "opex": 259968000,
      "cogs": 145670000,
      "rd": null,
      "sga": null,
      "fcf": 37246000,
      "ocf": 38697000,
      "capex": -1451000,
      "gross_margin": 0.5023538012694813,
      "op_margin": null,
      "fcf_margin": 0.12724191884339192,
      "rev_growth_yoy": 2.192439825064619,
      "rev_growth_yoy_accel": 0.4001339338490151,
      "op_leverage_ratio": 1.237523994076568,
      "fcf_margin_change": 0.14475616466261312
    },
    {
      "date": "2023-06-30T00:00:00",
      "quarter_label": "2023-06 (Q2)",
      "revenue": 274345000,
      "gross_profit": 169813000,
      "operating_income": null,
      "net_income": null,
      "opex": 217765000,
      "cogs": 104532000,
      "rd": null,
      "sga": null,
      "fcf": 27697000,
      "ocf": 28544000,
      "capex": -847000,
      "gross_margin": 0.6189761067269314,
      "op_margin": null,
      "fcf_margin": 0.10095682443638485,
      "rev_growth_yoy": 1.4481100085665335,
      "rev_growth_yoy_accel": -0.7443298164980856,
      "fcf_margin_change": -0.026285094407007076
    },
    {
      "date": "2023-09-30T00:00:00",
      "quarter_label": "2023-09 (Q3)",
      "revenue": 291096000,
      "gross_profit": 174389000,
      "operating_income": null,
      "net_income": null,
      "opex": 246591000,
      "cogs": 116707000,
      "rd": null,
      "sga": null,
      "fcf": 47917000,
      "ocf": 49525000,
      "capex": -1608000,
      "gross_margin": 0.5990772803473768,
      "op_margin": null,
      "fcf_margin": 0.1646089262648748,
      "rev_growth_yoy": 0.2636294575998958,
      "rev_growth_yoy_accel": -1.1844805509666376,
      "op_leverage_ratio": 0.46126169062254335,
      "fcf_margin_change": 0.06365210182848996
    },
    {
      "date": "2023-12-31T00:00:00",
      "quarter_label": "2023-12 (Q4)",
      "revenue": 312737000,
      "gross_profit": 177514000,
      "operating_income": null,
      "net_income": null,
      "opex": 268539000,
      "cogs": 135223000,
      "rd": null,
      "sga": null,
      "fcf": 9974000,
      "ocf": 12216000,
      "capex": -2242000,
      "gross_margin": 0.567614321298727,
      "op_margin": null,
      "fcf_margin": 0.03189261264257187,
      "rev_growth_yoy": 0.1401650072368397,
      "rev_growth_yoy_accel": -0.12346445036305612,
      "op_leverage_ratio": 0.8352632189541975,
      "fcf_margin_change": -0.13271631362230293
    },
    {
      "date": "2024-03-31T00:00:00",
      "quarter_label": "2024-03 (Q1)",
      "revenue": 326694000,
      "gross_profit": 183890000,
      "operating_income": null,
      "net_income": null,
      "opex": 281467000,
      "cogs": 142804000,
      "rd": null,
      "sga": null,
      "fcf": -1657000,
      "ocf": -345000,
      "capex": -1312000,
      "gross_margin": 0.5628814731828561,
      "op_margin": null,
      "fcf_margin": -0.005072024585697932,
      "rev_growth_yoy": 0.11607075752089041,
      "rev_growth_yoy_accel": -0.024094249715949284,
      "op_leverage_ratio": 0.927019429405333,
      "fcf_margin_change": -0.0369646372282698
    },
    {
      "date": "2024-06-30T00:00:00",
      "quarter_label": "2024-06 (Q2)",
      "revenue": 443594000,
      "gross_profit": 237737000,
      "operating_income": null,
      "net_income": null,
      "opex": 661385000,
      "cogs": 205857000,
      "rd": null,
      "sga": null,
      "fcf": -188450000,
      "ocf": -187291000,
      "capex": -1159000,
      "gross_margin": 0.5359337592483217,
      "op_margin": null,
      "fcf_margin": -0.42482540340942393,
      "rev_growth_yoy": 0.616920301080756,
      "rev_growth_yoy_accel": 0.5008495435598657,
      "op_leverage_ratio": 0.2651007562828856,
      "fcf_margin_change": -0.419753378823726
    },
    {
      "date": "2024-09-30T00:00:00",
      "quarter_label": "2024-09 (Q3)",
      "revenue": 465794000,
      "gross_profit": 246298000,
      "operating_income": null,
      "net_income": null,
      "opex": 316515000,
      "cogs": 219496000,
      "rd": null,
      "sga": null,
      "fcf": 40986000,
      "ocf": 41483000,
      "capex": -497000,
      "gross_margin": 0.5287702288994706,
      "op_margin": null,
      "fcf_margin": 0.08799168731241708,
      "rev_growth_yoy": 0.6001387858301042,
      "rev_growth_yoy_accel": -0.016781515250651857,
      "op_leverage_ratio": Infinity,
      "fcf_margin_change": 0.512817090721841
    },
    {
      "date": "2024-12-31T00:00:00",
      "quarter_label": "2024-12 (Q4)",
      "revenue": 498819000,
      "gross_profit": 241092000,
      "operating_income": null,
      "net_income": null,
      "opex": 340610000,
      "cogs": 257727000,
      "rd": null,
      "sga": null,
      "fcf": -48055000,
      "ocf": -41803000,
      "capex": -6252000,
      "gross_margin": 0.483325615102873,
      "op_margin": null,
      "fcf_margin": -0.09633754929142635,
      "rev_growth_yoy": 0.5950111435487326,
      "rev_growth_yoy_accel": -0.005127642281371525,
      "op_leverage_ratio": 0.9313572555641253,
      "fcf_margin_change": -0.18432923660384343
    },
    {
      "date": "2025-03-31T00:00:00",
      "quarter_label": "2025-03 (Q1)",
      "revenue": 502080000,
      "gross_profit": 253366000,
      "operating_income": null,
      "net_income": null,
      "opex": 351122000,
      "cogs": 248714000,
      "rd": null,
      "sga": null,
      "fcf": -30122000,
      "ocf": -25966000,
      "capex": -4156000,
      "gross_margin": 0.5046327278521351,
      "op_margin": null,
      "fcf_margin": -0.059994423199490124,
      "rev_growth_yoy": 0.5368509981817848,
      "rev_growth_yoy_accel": -0.0581601453669478,
      "fcf_margin_change": 0.036343126091936226
    },
    {
      "date": "2025-06-30T00:00:00",
      "quarter_label": "2025-06 (Q2)",
      "revenue": 676237000,
      "gross_profit": 306979000,
      "operating_income": null,
      "net_income": null,
      "opex": 465753000,
      "cogs": 369258000,
      "rd": null,
      "sga": null,
      "fcf": -117247000,
      "ocf": -110318000,
      "capex": -6929000,
      "gross_margin": 0.4539517950067802,
      "op_margin": null,
      "fcf_margin": -0.17338152156714287,
      "rev_growth_yoy": 0.5244502856215368,
      "rev_growth_yoy_accel": -0.012400712560247995,
      "op_leverage_ratio": 1.0624878530281099,
      "fcf_margin_change": -0.11338709836765275
    },
    {
      "date": "2025-09-30T00:00:00",
      "quarter_label": "2025-09 (Q3)",
      "revenue": 667064000,
      "gross_profit": 304142000,
      "operating_income": null,
      "net_income": null,
      "opex": 466187000,
      "cogs": 362922000,
      "rd": null,
      "sga": null,
      "fcf": -1808000,
      "ocf": 4618000,
      "capex": -6426000,
      "gross_margin": 0.4559412590096303,
      "op_margin": null,
      "fcf_margin": -0.00271038461077198,
      "rev_growth_yoy": 0.43210088579930184,
      "rev_growth_yoy_accel": -0.092349399822235,
      "fcf_margin_change": 0.1706711369563709
    }
  ],
  "signals": [
    {
      "quarter": "2025-09 (Q3)",
      "signal": "FCF MARGIN EXPANSION",
      "detail": "FCF margin: -17.3% -> -0.3% (+17.1%)",
      "severity": "MEDIUM"
    },
    {
      "quarter": "2025-09 (Q3)",
      "signal": "YoY REVENUE GROWTH DECELERATION",
      "detail": "YoY growth: +43.2% vs prior quarter YoY: +52.4% (decel: -9.2%)",
      "severity": "WARNING"
    },
    {
      "quarter": "2025-03 (Q1)",
      "signal": "GROSS MARGIN INFLECTION",
      "detail": "GM: +52.9% -> +48.3% -> +50.5% (reversal +2.1%)",
      "severity": "MEDIUM"
    },
    {
      "quarter": "2025-03 (Q1)",
      "signal": "YoY REVENUE GROWTH DECELERATION",
      "detail": "YoY growth: +53.7% vs prior quarter YoY: +59.5% (decel: -5.8%)",
      "severity": "WARNING"
    },
    {
      "quarter": "2024-09 (Q3)",
      "signal": "FCF TURNED POSITIVE",
      "detail": "FCF margin: -42.5% -> +8.8%",
      "severity": "HIGH"
    },
    {
      "quarter": "2024-06 (Q2)",
      "signal": "YoY REVENUE GROWTH ACCELERATION",
      "detail": "YoY growth: +61.7% vs prior quarter YoY: +11.6% (accel: +50.1%)",
      "severity": "HIGH"
    },
    {
      "quarter": "2023-12 (Q4)",
      "signal": "YoY REVENUE GROWTH DECELERATION",
      "detail": "YoY growth: +14.0% vs prior quarter YoY: +26.4% (decel: -12.3%)",
      "severity": "WARNING"
    },
    {
      "quarter": "2023-09 (Q3)",
      "signal": "FCF MARGIN EXPANSION",
      "detail": "FCF margin: +10.1% -> +16.5% (+6.4%)",
      "severity": "MEDIUM"
    },
    {
      "quarter": "2023-09 (Q3)",
      "signal": "YoY REVENUE GROWTH DECELERATION",
      "detail": "YoY growth: +26.4% vs prior quarter YoY: +144.8% (decel: -118.4%)",
      "severity": "WARNING"
    },
    {
      "quarter": "2023-06 (Q2)",
      "signal": "GROSS MARGIN INFLECTION",
      "detail": "GM: +53.2% -> +50.2% -> +61.9% (reversal +11.7%)",
      "severity": "HIGH"
    },
    {
      "quarter": "2023-06 (Q2)",
      "signal": "YoY REVENUE GROWTH DECELERATION",
      "detail": "YoY growth: +144.8% vs prior quarter YoY: +219.2% (decel: -74.4%)",
      "severity": "WARNING"
    },
    {
      "quarter": "2023-03 (Q1)",
      "signal": "FCF TURNED POSITIVE",
      "detail": "FCF margin: -1.8% -> +12.7%",
      "severity": "HIGH"
    },
    {
      "quarter": "2023-03 (Q1)",
      "signal": "YoY REVENUE GROWTH ACCELERATION",
      "detail": "YoY growth: +219.2% vs prior quarter YoY: +179.2% (accel: +40.0%)",
      "severity": "HIGH"
    },
    {
      "quarter": "2022-12 (Q4)",
      "signal": "YoY REVENUE GROWTH ACCELERATION",
      "detail": "YoY growth: +179.2% vs prior quarter YoY: +132.3% (accel: +46.9%)",
      "severity": "HIGH"
    },
    {
      "quarter": "2022-09 (Q3)",
      "signal": "FCF TURNED POSITIVE",
      "detail": "FCF margin: -102.2% -> +3.1%",
      "severity": "HIGH"
    },
    {
      "quarter": "2022-09 (Q3)",
      "signal": "YoY REVENUE GROWTH ACCELERATION",
      "detail": "YoY growth: +132.3% vs prior quarter YoY: +15.6% (accel: +116.7%)",
      "severity": "HIGH"
    },
    {
      "quarter": "2022-03 (Q1)",
      "signal": "FCF MARGIN EXPANSION",
      "detail": "FCF margin: -315.7% -> -57.5% (+258.2%)",
      "severity": "MEDIUM"
    },
    {
      "quarter": "2022-03 (Q1)",
      "signal": "YoY REVENUE GROWTH DECELERATION",
      "detail": "YoY growth: +18.8% vs prior quarter YoY: +29.9% (decel: -11.0%)",
      "severity": "WARNING"
    },
    {
      "quarter": "2021-09 (Q3)",
      "signal": "FCF TURNED POSITIVE",
      "detail": "FCF margin: -61.7% -> +281.1%",
      "severity": "HIGH"
    },
    {
      "quarter": "2021-06 (Q2)",
      "signal": "FCF MARGIN EXPANSION",
      "detail": "FCF margin: -114.4% -> -61.7% (+52.6%)",
      "severity": "MEDIUM"
    },
    {
      "quarter": "2021-06 (Q2)",
      "signal": "OPERATING LEVERAGE",
      "detail": "Rev growth +25.6% vs OpEx growth +12.1% (leverage: 2.1x)",
      "severity": "MEDIUM"
    }
  ],
  "data_quality": {
    "n_quarters": 20,
    "coverage": {
      "revenue": [
        20,
        20
      ],
      "gross_profit": [
        17,
        20
      ],
      "op_income": [
        0,
        20
      ],
      "fcf": [
        20,
        20
      ]
    },
    "gaps": [],
    "warnings": [
      "op_income: no data"
    ]
  },
  "market_cap": null,
  "source": "SEC EDGAR",
  "last_updated": "2026-02-02T20:09:41.517945",
  "sector": "Industrials",
  "industry": "Rental & Leasing Services"
}