{
  "ticker": "FTCO",
  "name": "Fortitude Gold Corporation",
  "quarters": [
    {
      "date": "2020-12-31T00:00:00",
      "quarter_label": "2020-12 (Q4)",
      "revenue": 23683000,
      "gross_profit": 11771000,
      "operating_income": null,
      "net_income": 9806000,
      "opex": 2437000,
      "cogs": 74000,
      "rd": null,
      "sga": null,
      "fcf": 10142000,
      "ocf": 10262000,
      "capex": -120000,
      "gross_margin": 0.4970231811848161,
      "op_margin": null,
      "fcf_margin": 0.42823966558290755
    },
    {
      "date": "2021-03-31T00:00:00",
      "quarter_label": "2021-03 (Q1)",
      "revenue": 20655000,
      "gross_profit": 10893000,
      "operating_income": null,
      "net_income": 2401000,
      "opex": 7514000,
      "cogs": 46000,
      "rd": null,
      "sga": null,
      "fcf": 7235000,
      "ocf": 7339000,
      "capex": -104000,
      "gross_margin": 0.5273783587509078,
      "op_margin": null,
      "fcf_margin": 0.3502783829581215,
      "fcf_margin_change": -0.07796128262478602
    },
    {
      "date": "2021-06-30T00:00:00",
      "quarter_label": "2021-06 (Q2)",
      "revenue": 25903000,
      "gross_profit": 13159000,
      "operating_income": null,
      "net_income": 8334000,
      "opex": 2272000,
      "cogs": 126000,
      "rd": null,
      "sga": null,
      "fcf": 8618000,
      "ocf": 9110000,
      "capex": -492000,
      "gross_margin": 0.5080106551364707,
      "op_margin": null,
      "fcf_margin": 0.33270277574026175,
      "op_leverage_ratio": Infinity,
      "fcf_margin_change": -0.01757560721785978
    },
    {
      "date": "2021-09-30T00:00:00",
      "quarter_label": "2021-09 (Q3)",
      "revenue": 20422000,
      "gross_profit": 9639000,
      "operating_income": null,
      "net_income": 4646000,
      "opex": 3449000,
      "cogs": 69000,
      "rd": null,
      "sga": null,
      "fcf": 5616000,
      "ocf": 6773000,
      "capex": -1157000,
      "gross_margin": 0.4719909901087063,
      "op_margin": null,
      "fcf_margin": 0.2749975516599745,
      "fcf_margin_change": -0.05770522408028722
    },
    {
      "date": "2021-12-31T00:00:00",
      "quarter_label": "2021-12 (Q4)",
      "revenue": 15130000,
      "gross_profit": 6873000,
      "operating_income": null,
      "net_income": 2485000,
      "opex": 3794000,
      "cogs": 39000,
      "rd": null,
      "sga": null,
      "fcf": -1350000,
      "ocf": 1443000,
      "capex": -2793000,
      "gross_margin": 0.45426305353602114,
      "op_margin": null,
      "fcf_margin": -0.08922670191672175,
      "rev_growth_yoy": -0.36114512519528774,
      "fcf_margin_change": -0.3642242535766963
    },
    {
      "date": "2022-03-31T00:00:00",
      "quarter_label": "2022-03 (Q1)",
      "revenue": 15361000,
      "gross_profit": 6755000,
      "operating_income": null,
      "net_income": 2618000,
      "opex": 3711000,
      "cogs": 92000,
      "rd": null,
      "sga": null,
      "fcf": -868000,
      "ocf": 4070000,
      "capex": -4938000,
      "gross_margin": 0.4397500162749821,
      "op_margin": null,
      "fcf_margin": -0.056506737842588375,
      "rev_growth_yoy": -0.25630597918179615,
      "rev_growth_yoy_accel": 0.10483914601349159,
      "op_leverage_ratio": Infinity,
      "fcf_margin_change": 0.03271996407413337
    },
    {
      "date": "2022-06-30T00:00:00",
      "quarter_label": "2022-06 (Q2)",
      "revenue": 23993000,
      "gross_profit": 11573000,
      "operating_income": null,
      "net_income": 6565000,
      "opex": 3585000,
      "cogs": 114000,
      "rd": null,
      "sga": null,
      "fcf": 7337000,
      "ocf": 10451000,
      "capex": -3114000,
      "gross_margin": 0.4823490184637186,
      "op_margin": null,
      "fcf_margin": 0.3057975242779144,
      "rev_growth_yoy": -0.07373663282245299,
      "rev_growth_yoy_accel": 0.18256934635934316,
      "op_leverage_ratio": Infinity,
      "fcf_margin_change": 0.36230426212050276
    },
    {
      "date": "2022-09-30T00:00:00",
      "quarter_label": "2022-09 (Q3)",
      "revenue": 16122000,
      "gross_profit": 7354000,
      "operating_income": null,
      "net_income": 1721000,
      "opex": 5385000,
      "cogs": 71000,
      "rd": null,
      "sga": null,
      "fcf": 4377000,
      "ocf": 6509000,
      "capex": -2132000,
      "gross_margin": 0.45614688003969733,
      "op_margin": null,
      "fcf_margin": 0.2714923706736137,
      "rev_growth_yoy": -0.21055724218979532,
      "rev_growth_yoy_accel": -0.13682060936734233,
      "fcf_margin_change": -0.0343051536043007
    },
    {
      "date": "2022-12-31T00:00:00",
      "quarter_label": "2022-12 (Q4)",
      "revenue": 18903000,
      "gross_profit": 9713000,
      "operating_income": null,
      "net_income": 3780000,
      "opex": 4752000,
      "cogs": 44000,
      "rd": null,
      "sga": null,
      "fcf": 5766000,
      "ocf": 7540000,
      "capex": -1774000,
      "gross_margin": 0.5138337829974078,
      "op_margin": null,
      "fcf_margin": 0.3050309474686558,
      "rev_growth_yoy": 0.24937210839391938,
      "rev_growth_yoy_accel": 0.4599293505837147,
      "op_leverage_ratio": Infinity,
      "fcf_margin_change": 0.033538576795042074
    },
    {
      "date": "2023-03-31T00:00:00",
      "quarter_label": "2023-03 (Q1)",
      "revenue": 21540000,
      "gross_profit": 12336000,
      "operating_income": null,
      "net_income": 6368000,
      "opex": 4420000,
      "cogs": 48000,
      "rd": null,
      "sga": null,
      "fcf": 10065000,
      "ocf": 11276000,
      "capex": -1211000,
      "gross_margin": 0.5727019498607242,
      "op_margin": null,
      "fcf_margin": 0.4672701949860724,
      "rev_growth_yoy": 0.4022524575222967,
      "rev_growth_yoy_accel": 0.15288034912837734,
      "op_leverage_ratio": Infinity,
      "fcf_margin_change": 0.16223924751741664
    },
    {
      "date": "2023-06-30T00:00:00",
      "quarter_label": "2023-06 (Q2)",
      "revenue": 19219000,
      "gross_profit": 11226000,
      "operating_income": null,
      "net_income": 3604000,
      "opex": 6714000,
      "cogs": 89000,
      "rd": null,
      "sga": null,
      "fcf": -1250000,
      "ocf": 1513000,
      "capex": -2763000,
      "gross_margin": 0.5841094749986993,
      "op_margin": null,
      "fcf_margin": -0.06503980436026849,
      "rev_growth_yoy": -0.19897470095444506,
      "rev_growth_yoy_accel": -0.6012271584767418,
      "fcf_margin_change": -0.5323099993463409
    },
    {
      "date": "2023-09-30T00:00:00",
      "quarter_label": "2023-09 (Q3)",
      "revenue": 21268000,
      "gross_profit": 11836000,
      "operating_income": null,
      "net_income": 5722000,
      "opex": 4677000,
      "cogs": 48000,
      "rd": null,
      "sga": null,
      "fcf": 8754000,
      "ocf": 9827000,
      "capex": -1073000,
      "gross_margin": 0.5565168328004514,
      "op_margin": null,
      "fcf_margin": 0.4116042881324055,
      "rev_growth_yoy": 0.31919116734896413,
      "rev_growth_yoy_accel": 0.5181658683034092,
      "op_leverage_ratio": Infinity,
      "fcf_margin_change": 0.47664409249267403
    },
    {
      "date": "2023-12-31T00:00:00",
      "quarter_label": "2023-12 (Q4)",
      "revenue": 11046000,
      "gross_profit": 5833000,
      "operating_income": null,
      "net_income": 1323000,
      "opex": 4448000,
      "cogs": 118000,
      "rd": null,
      "sga": null,
      "fcf": -15000,
      "ocf": 361000,
      "capex": -376000,
      "gross_margin": 0.5280644577222524,
      "op_margin": null,
      "fcf_margin": -0.0013579576317218902,
      "rev_growth_yoy": -0.4156483097920965,
      "rev_growth_yoy_accel": -0.7348394771410607,
      "fcf_margin_change": -0.41296224576412743
    },
    {
      "date": "2024-03-31T00:00:00",
      "quarter_label": "2024-03 (Q1)",
      "revenue": 8181000,
      "gross_profit": 4165000,
      "operating_income": null,
      "net_income": -2000,
      "opex": 4238000,
      "cogs": 45000,
      "rd": null,
      "sga": null,
      "fcf": -3986000,
      "ocf": -2903000,
      "capex": -1083000,
      "gross_margin": 0.5091064662021758,
      "op_margin": null,
      "fcf_margin": -0.48722650042782056,
      "rev_growth_yoy": -0.6201949860724234,
      "rev_growth_yoy_accel": -0.2045466762803269,
      "fcf_margin_change": -0.48586854279609865
    },
    {
      "date": "2024-06-30T00:00:00",
      "quarter_label": "2024-06 (Q2)",
      "revenue": 9554000,
      "gross_profit": 4818000,
      "operating_income": null,
      "net_income": -138000,
      "opex": 4903000,
      "cogs": 97000,
      "rd": null,
      "sga": null,
      "fcf": -6097000,
      "ocf": -4976000,
      "capex": -1121000,
      "gross_margin": 0.504291396273812,
      "op_margin": null,
      "fcf_margin": -0.6381620263763869,
      "rev_growth_yoy": -0.502887767313596,
      "rev_growth_yoy_accel": 0.11730721875882744,
      "op_leverage_ratio": 1.0695558110531187,
      "fcf_margin_change": -0.1509355259485663
    },
    {
      "date": "2024-09-30T00:00:00",
      "quarter_label": "2024-09 (Q3)",
      "revenue": 10229000,
      "gross_profit": 4779000,
      "operating_income": null,
      "net_income": 946000,
      "opex": 3950000,
      "cogs": 22000,
      "rd": null,
      "sga": null,
      "fcf": 344000,
      "ocf": 1445000,
      "capex": -1101000,
      "gross_margin": 0.4672010949261902,
      "op_margin": null,
      "fcf_margin": 0.03362987584319093,
      "rev_growth_yoy": -0.5190426932480722,
      "rev_growth_yoy_accel": -0.016154925934476205,
      "op_leverage_ratio": Infinity,
      "fcf_margin_change": 0.6717919022195777
    },
    {
      "date": "2024-12-31T00:00:00",
      "quarter_label": "2024-12 (Q4)",
      "revenue": 9370000,
      "gross_profit": 4571000,
      "operating_income": null,
      "net_income": -2848000,
      "opex": 3843000,
      "cogs": 25000,
      "rd": null,
      "sga": null,
      "fcf": -363000,
      "ocf": -204000,
      "capex": -159000,
      "gross_margin": 0.4878335112059765,
      "op_margin": null,
      "fcf_margin": -0.03874066168623266,
      "rev_growth_yoy": -0.15172913271772587,
      "rev_growth_yoy_accel": 0.3673135605303463,
      "fcf_margin_change": -0.07237053752942359
    },
    {
      "date": "2025-03-31T00:00:00",
      "quarter_label": "2025-03 (Q1)",
      "revenue": 6536000,
      "gross_profit": 3335000,
      "operating_income": null,
      "net_income": 1249000,
      "opex": 2086000,
      "cogs": 148000,
      "rd": null,
      "sga": null,
      "fcf": -2761000,
      "ocf": -2371000,
      "capex": -390000,
      "gross_margin": 0.5102509179926561,
      "op_margin": null,
      "fcf_margin": -0.4224296205630355,
      "rev_growth_yoy": -0.20107566312186775,
      "rev_growth_yoy_accel": -0.049346530404141886,
      "fcf_margin_change": -0.3836889588768029
    },
    {
      "date": "2025-06-30T00:00:00",
      "quarter_label": "2025-06 (Q2)",
      "revenue": 4883000,
      "gross_profit": 2614000,
      "operating_income": null,
      "net_income": 849000,
      "opex": 1652000,
      "cogs": 18000,
      "rd": null,
      "sga": null,
      "fcf": -2821000,
      "ocf": -2268000,
      "capex": -553000,
      "gross_margin": 0.5353266434568913,
      "op_margin": null,
      "fcf_margin": -0.5777186156051608,
      "rev_growth_yoy": -0.48890517060916894,
      "rev_growth_yoy_accel": -0.2878295074873012,
      "fcf_margin_change": -0.1552889950421253
    },
    {
      "date": "2025-09-30T00:00:00",
      "quarter_label": "2025-09 (Q3)",
      "revenue": 4654000,
      "gross_profit": 2466000,
      "operating_income": null,
      "net_income": 233000,
      "opex": 2291000,
      "cogs": 85000,
      "rd": null,
      "sga": null,
      "fcf": -4152000,
      "ocf": -3839000,
      "capex": -313000,
      "gross_margin": 0.5298667812634293,
      "op_margin": null,
      "fcf_margin": -0.8921357971637301,
      "rev_growth_yoy": -0.5450190634470623,
      "rev_growth_yoy_accel": -0.056113892837893364,
      "fcf_margin_change": -0.31441718155856935
    }
  ],
  "signals": [
    {
      "quarter": "2025-09 (Q3)",
      "signal": "YoY REVENUE GROWTH DECELERATION",
      "detail": "YoY growth: -54.5% vs prior quarter YoY: -48.9% (decel: -5.6%)",
      "severity": "WARNING"
    },
    {
      "quarter": "2025-06 (Q2)",
      "signal": "YoY REVENUE GROWTH DECELERATION",
      "detail": "YoY growth: -48.9% vs prior quarter YoY: -20.1% (decel: -28.8%)",
      "severity": "WARNING"
    },
    {
      "quarter": "2024-12 (Q4)",
      "signal": "GROSS MARGIN INFLECTION",
      "detail": "GM: +50.4% -> +46.7% -> +48.8% (reversal +2.1%)",
      "severity": "MEDIUM"
    },
    {
      "quarter": "2024-12 (Q4)",
      "signal": "YoY REVENUE GROWTH ACCELERATION",
      "detail": "YoY growth: -15.2% vs prior quarter YoY: -51.9% (accel: +36.7%)",
      "severity": "HIGH"
    },
    {
      "quarter": "2024-09 (Q3)",
      "signal": "FCF TURNED POSITIVE",
      "detail": "FCF margin: -63.8% -> +3.4%",
      "severity": "HIGH"
    },
    {
      "quarter": "2024-06 (Q2)",
      "signal": "YoY REVENUE GROWTH ACCELERATION",
      "detail": "YoY growth: -50.3% vs prior quarter YoY: -62.0% (accel: +11.7%)",
      "severity": "MEDIUM"
    },
    {
      "quarter": "2024-03 (Q1)",
      "signal": "YoY REVENUE GROWTH DECELERATION",
      "detail": "YoY growth: -62.0% vs prior quarter YoY: -41.6% (decel: -20.5%)",
      "severity": "WARNING"
    },
    {
      "quarter": "2023-12 (Q4)",
      "signal": "YoY REVENUE GROWTH DECELERATION",
      "detail": "YoY growth: -41.6% vs prior quarter YoY: +31.9% (decel: -73.5%)",
      "severity": "WARNING"
    },
    {
      "quarter": "2023-09 (Q3)",
      "signal": "FCF TURNED POSITIVE",
      "detail": "FCF margin: -6.5% -> +41.2%",
      "severity": "HIGH"
    },
    {
      "quarter": "2023-09 (Q3)",
      "signal": "YoY REVENUE GROWTH ACCELERATION",
      "detail": "YoY growth: +31.9% vs prior quarter YoY: -19.9% (accel: +51.8%)",
      "severity": "HIGH"
    },
    {
      "quarter": "2023-06 (Q2)",
      "signal": "YoY REVENUE GROWTH DECELERATION",
      "detail": "YoY growth: -19.9% vs prior quarter YoY: +40.2% (decel: -60.1%)",
      "severity": "WARNING"
    },
    {
      "quarter": "2023-03 (Q1)",
      "signal": "FCF MARGIN EXPANSION",
      "detail": "FCF margin: +30.5% -> +46.7% (+16.2%)",
      "severity": "MEDIUM"
    },
    {
      "quarter": "2023-03 (Q1)",
      "signal": "YoY REVENUE GROWTH ACCELERATION",
      "detail": "YoY growth: +40.2% vs prior quarter YoY: +24.9% (accel: +15.3%)",
      "severity": "HIGH"
    },
    {
      "quarter": "2022-12 (Q4)",
      "signal": "GROSS MARGIN INFLECTION",
      "detail": "GM: +48.2% -> +45.6% -> +51.4% (reversal +5.8%)",
      "severity": "HIGH"
    },
    {
      "quarter": "2022-12 (Q4)",
      "signal": "YoY REVENUE GROWTH ACCELERATION",
      "detail": "YoY growth: +24.9% vs prior quarter YoY: -21.1% (accel: +46.0%)",
      "severity": "HIGH"
    },
    {
      "quarter": "2022-09 (Q3)",
      "signal": "YoY REVENUE GROWTH DECELERATION",
      "detail": "YoY growth: -21.1% vs prior quarter YoY: -7.4% (decel: -13.7%)",
      "severity": "WARNING"
    },
    {
      "quarter": "2022-06 (Q2)",
      "signal": "FCF TURNED POSITIVE",
      "detail": "FCF margin: -5.7% -> +30.6%",
      "severity": "HIGH"
    },
    {
      "quarter": "2022-06 (Q2)",
      "signal": "GROSS MARGIN INFLECTION",
      "detail": "GM: +45.4% -> +44.0% -> +48.2% (reversal +4.3%)",
      "severity": "MEDIUM"
    },
    {
      "quarter": "2022-06 (Q2)",
      "signal": "YoY REVENUE GROWTH ACCELERATION",
      "detail": "YoY growth: -7.4% vs prior quarter YoY: -25.6% (accel: +18.3%)",
      "severity": "HIGH"
    },
    {
      "quarter": "2022-03 (Q1)",
      "signal": "YoY REVENUE GROWTH ACCELERATION",
      "detail": "YoY growth: -25.6% vs prior quarter YoY: -36.1% (accel: +10.5%)",
      "severity": "MEDIUM"
    }
  ],
  "data_quality": {
    "n_quarters": 20,
    "coverage": {
      "revenue": [
        20,
        20
      ],
      "gross_profit": [
        20,
        20
      ],
      "op_income": [
        0,
        20
      ],
      "fcf": [
        20,
        20
      ]
    },
    "gaps": [],
    "warnings": [
      "op_income: no data"
    ]
  },
  "market_cap": null,
  "source": "SEC EDGAR",
  "last_updated": "2026-02-02T23:10:52.470715",
  "sector": "Basic Materials",
  "industry": "Gold"
}