{
  "ticker": "FTDR",
  "name": "Frontdoor, Inc.",
  "quarters": [
    {
      "date": "2020-12-31T00:00:00",
      "quarter_label": "2020-12 (Q4)",
      "revenue": 323000000,
      "gross_profit": 137000000,
      "operating_income": null,
      "net_income": 1000000,
      "opex": null,
      "cogs": 186000000,
      "rd": null,
      "sga": 109000000,
      "fcf": 47000000,
      "ocf": 53000000,
      "capex": -6000000,
      "gross_margin": 0.4241486068111455,
      "op_margin": null,
      "fcf_margin": 0.14551083591331268
    },
    {
      "date": "2021-03-31T00:00:00",
      "quarter_label": "2021-03 (Q1)",
      "revenue": 329000000,
      "gross_profit": 148000000,
      "operating_income": null,
      "net_income": 5000000,
      "opex": null,
      "cogs": 181000000,
      "rd": null,
      "sga": 118000000,
      "fcf": 45000000,
      "ocf": 52000000,
      "capex": -7000000,
      "gross_margin": 0.44984802431610943,
      "op_margin": null,
      "fcf_margin": 0.13677811550151975,
      "fcf_margin_change": -0.008732720411792932
    },
    {
      "date": "2021-06-30T00:00:00",
      "quarter_label": "2021-06 (Q2)",
      "revenue": 462000000,
      "gross_profit": 242000000,
      "operating_income": null,
      "net_income": 40000000,
      "opex": null,
      "cogs": 221000000,
      "rd": null,
      "sga": 136000000,
      "fcf": 59000000,
      "ocf": 67000000,
      "capex": -8000000,
      "gross_margin": 0.5238095238095238,
      "op_margin": null,
      "fcf_margin": 0.1277056277056277,
      "fcf_margin_change": -0.009072487795892037
    },
    {
      "date": "2021-09-30T00:00:00",
      "quarter_label": "2021-09 (Q3)",
      "revenue": 471000000,
      "gross_profit": 254000000,
      "operating_income": null,
      "net_income": 76000000,
      "opex": null,
      "cogs": 217000000,
      "rd": null,
      "sga": 138000000,
      "fcf": 15000000,
      "ocf": 23000000,
      "capex": -8000000,
      "gross_margin": 0.5392781316348195,
      "op_margin": null,
      "fcf_margin": 0.03184713375796178,
      "fcf_margin_change": -0.09585849394766593
    },
    {
      "date": "2021-12-31T00:00:00",
      "quarter_label": "2021-12 (Q4)",
      "revenue": 339000000,
      "gross_profit": 140000000,
      "operating_income": null,
      "net_income": 6000000,
      "opex": null,
      "cogs": 199000000,
      "rd": null,
      "sga": 119000000,
      "fcf": 35000000,
      "ocf": 43000000,
      "capex": -8000000,
      "gross_margin": 0.41297935103244837,
      "op_margin": null,
      "fcf_margin": 0.10324483775811209,
      "rev_growth_yoy": 0.04953560371517028,
      "fcf_margin_change": 0.0713977040001503
    },
    {
      "date": "2022-03-31T00:00:00",
      "quarter_label": "2022-03 (Q1)",
      "revenue": 351000000,
      "gross_profit": 144000000,
      "operating_income": null,
      "net_income": 2000000,
      "opex": null,
      "cogs": 207000000,
      "rd": null,
      "sga": 125000000,
      "fcf": 38000000,
      "ocf": 47000000,
      "capex": -9000000,
      "gross_margin": 0.41025641025641024,
      "op_margin": null,
      "fcf_margin": 0.10826210826210826,
      "rev_growth_yoy": 0.0668693009118541,
      "rev_growth_yoy_accel": 0.017333697196683817,
      "fcf_margin_change": 0.0050172705039961685
    },
    {
      "date": "2022-06-30T00:00:00",
      "quarter_label": "2022-06 (Q2)",
      "revenue": 487000000,
      "gross_profit": 211000000,
      "operating_income": null,
      "net_income": 33000000,
      "opex": null,
      "cogs": 276000000,
      "rd": null,
      "sga": 140000000,
      "fcf": 37000000,
      "ocf": 47000000,
      "capex": -10000000,
      "gross_margin": 0.433264887063655,
      "op_margin": null,
      "fcf_margin": 0.07597535934291581,
      "rev_growth_yoy": 0.05411255411255411,
      "rev_growth_yoy_accel": -0.012756746799299987,
      "fcf_margin_change": -0.03228674891919245
    },
    {
      "date": "2022-09-30T00:00:00",
      "quarter_label": "2022-09 (Q3)",
      "revenue": 484000000,
      "gross_profit": 210000000,
      "operating_income": null,
      "net_income": 28000000,
      "opex": null,
      "cogs": 274000000,
      "rd": null,
      "sga": 137000000,
      "fcf": -25000000,
      "ocf": -14000000,
      "capex": -11000000,
      "gross_margin": 0.43388429752066116,
      "op_margin": null,
      "fcf_margin": -0.05165289256198347,
      "rev_growth_yoy": 0.027600849256900213,
      "rev_growth_yoy_accel": -0.0265117048556539,
      "fcf_margin_change": -0.1276282519048993
    },
    {
      "date": "2022-12-31T00:00:00",
      "quarter_label": "2022-12 (Q4)",
      "revenue": 340000000,
      "gross_profit": 145000000,
      "operating_income": null,
      "net_income": 8000000,
      "opex": null,
      "cogs": 195000000,
      "rd": null,
      "sga": 118000000,
      "fcf": 52000000,
      "ocf": 62000000,
      "capex": -10000000,
      "gross_margin": 0.4264705882352941,
      "op_margin": null,
      "fcf_margin": 0.15294117647058825,
      "rev_growth_yoy": 0.0029498525073746312,
      "rev_growth_yoy_accel": -0.024650996749525582,
      "fcf_margin_change": 0.2045940690325717
    },
    {
      "date": "2023-03-31T00:00:00",
      "quarter_label": "2023-03 (Q1)",
      "revenue": 367000000,
      "gross_profit": 170000000,
      "operating_income": null,
      "net_income": 22000000,
      "opex": null,
      "cogs": 197000000,
      "rd": null,
      "sga": 125000000,
      "fcf": 52000000,
      "ocf": 60000000,
      "capex": -8000000,
      "gross_margin": 0.46321525885558584,
      "op_margin": null,
      "fcf_margin": 0.14168937329700274,
      "rev_growth_yoy": 0.045584045584045586,
      "rev_growth_yoy_accel": 0.042634193076670955,
      "fcf_margin_change": -0.011251803173585512
    },
    {
      "date": "2023-06-30T00:00:00",
      "quarter_label": "2023-06 (Q2)",
      "revenue": 523000000,
      "gross_profit": 270000000,
      "operating_income": null,
      "net_income": 70000000,
      "opex": null,
      "cogs": 253000000,
      "rd": null,
      "sga": 162000000,
      "fcf": 45000000,
      "ocf": 52000000,
      "capex": -7000000,
      "gross_margin": 0.5162523900573613,
      "op_margin": null,
      "fcf_margin": 0.08604206500956023,
      "rev_growth_yoy": 0.07392197125256673,
      "rev_growth_yoy_accel": 0.028337925668521148,
      "fcf_margin_change": -0.05564730828744251
    },
    {
      "date": "2023-09-30T00:00:00",
      "quarter_label": "2023-09 (Q3)",
      "revenue": 524000000,
      "gross_profit": 268000000,
      "operating_income": null,
      "net_income": 71000000,
      "opex": null,
      "cogs": 256000000,
      "rd": null,
      "sga": 152000000,
      "fcf": 19000000,
      "ocf": 27000000,
      "capex": -8000000,
      "gross_margin": 0.5114503816793893,
      "op_margin": null,
      "fcf_margin": 0.03625954198473282,
      "rev_growth_yoy": 0.08264462809917356,
      "rev_growth_yoy_accel": 0.008722656846606822,
      "fcf_margin_change": -0.049782523024827406
    },
    {
      "date": "2023-12-31T00:00:00",
      "quarter_label": "2023-12 (Q4)",
      "revenue": 366000000,
      "gross_profit": 177000000,
      "operating_income": null,
      "net_income": 8000000,
      "opex": null,
      "cogs": 189000000,
      "rd": null,
      "sga": 142000000,
      "fcf": 54000000,
      "ocf": 63000000,
      "capex": -9000000,
      "gross_margin": 0.48360655737704916,
      "op_margin": null,
      "fcf_margin": 0.14754098360655737,
      "rev_growth_yoy": 0.07647058823529412,
      "rev_growth_yoy_accel": -0.0061740398638794325,
      "fcf_margin_change": 0.11128144162182455
    },
    {
      "date": "2024-03-31T00:00:00",
      "quarter_label": "2024-03 (Q1)",
      "revenue": 378000000,
      "gross_profit": 195000000,
      "operating_income": null,
      "net_income": 34000000,
      "opex": null,
      "cogs": 184000000,
      "rd": null,
      "sga": 135000000,
      "fcf": 74000000,
      "ocf": 84000000,
      "capex": -10000000,
      "gross_margin": 0.5158730158730159,
      "op_margin": null,
      "fcf_margin": 0.19576719576719576,
      "rev_growth_yoy": 0.02997275204359673,
      "rev_growth_yoy_accel": -0.046497836191697395,
      "fcf_margin_change": 0.04822621216063838
    },
    {
      "date": "2024-06-30T00:00:00",
      "quarter_label": "2024-06 (Q2)",
      "revenue": 542000000,
      "gross_profit": 306000000,
      "operating_income": null,
      "net_income": 92000000,
      "opex": null,
      "cogs": 237000000,
      "rd": null,
      "sga": 167000000,
      "fcf": 91000000,
      "ocf": 103000000,
      "capex": -12000000,
      "gross_margin": 0.5645756457564576,
      "op_margin": null,
      "fcf_margin": 0.16789667896678967,
      "rev_growth_yoy": 0.036328871892925434,
      "rev_growth_yoy_accel": 0.006356119849328705,
      "fcf_margin_change": -0.027870516800406087
    },
    {
      "date": "2024-09-30T00:00:00",
      "quarter_label": "2024-09 (Q3)",
      "revenue": 540000000,
      "gross_profit": 306000000,
      "operating_income": null,
      "net_income": 100000000,
      "opex": null,
      "cogs": 235000000,
      "rd": null,
      "sga": 154000000,
      "fcf": 16000000,
      "ocf": 25000000,
      "capex": -9000000,
      "gross_margin": 0.5666666666666667,
      "op_margin": null,
      "fcf_margin": 0.02962962962962963,
      "rev_growth_yoy": 0.030534351145038167,
      "rev_growth_yoy_accel": -0.005794520747887267,
      "fcf_margin_change": -0.13826704933716005
    },
    {
      "date": "2024-12-31T00:00:00",
      "quarter_label": "2024-12 (Q4)",
      "revenue": 382000000,
      "gross_profit": 185000000,
      "operating_income": null,
      "net_income": 9000000,
      "opex": null,
      "cogs": 197000000,
      "rd": null,
      "sga": 156000000,
      "fcf": 50000000,
      "ocf": 58000000,
      "capex": -8000000,
      "gross_margin": 0.48429319371727747,
      "op_margin": null,
      "fcf_margin": 0.13089005235602094,
      "rev_growth_yoy": 0.04371584699453552,
      "rev_growth_yoy_accel": 0.013181495849497352,
      "fcf_margin_change": 0.10126042272639131
    },
    {
      "date": "2025-03-31T00:00:00",
      "quarter_label": "2025-03 (Q1)",
      "revenue": 426000000,
      "gross_profit": 235000000,
      "operating_income": null,
      "net_income": 37000000,
      "opex": null,
      "cogs": 191000000,
      "rd": null,
      "sga": 151000000,
      "fcf": 117000000,
      "ocf": 124000000,
      "capex": -7000000,
      "gross_margin": 0.5516431924882629,
      "op_margin": null,
      "fcf_margin": 0.2746478873239437,
      "rev_growth_yoy": 0.12698412698412698,
      "rev_growth_yoy_accel": 0.08326827998959146,
      "fcf_margin_change": 0.14375783496792274
    },
    {
      "date": "2025-06-30T00:00:00",
      "quarter_label": "2025-06 (Q2)",
      "revenue": 617000000,
      "gross_profit": 356000000,
      "operating_income": null,
      "net_income": 111000000,
      "opex": null,
      "cogs": 261000000,
      "rd": null,
      "sga": 172000000,
      "fcf": 120000000,
      "ocf": 127000000,
      "capex": -7000000,
      "gross_margin": 0.5769854132901134,
      "op_margin": null,
      "fcf_margin": 0.19448946515397084,
      "rev_growth_yoy": 0.13837638376383765,
      "rev_growth_yoy_accel": 0.011392256779710674,
      "fcf_margin_change": -0.08015842216997285
    },
    {
      "date": "2025-09-30T00:00:00",
      "quarter_label": "2025-09 (Q3)",
      "revenue": 618000000,
      "gross_profit": 353000000,
      "operating_income": null,
      "net_income": 106000000,
      "opex": null,
      "cogs": 264000000,
      "rd": null,
      "sga": 174000000,
      "fcf": 58000000,
      "ocf": 64000000,
      "capex": -6000000,
      "gross_margin": 0.5711974110032363,
      "op_margin": null,
      "fcf_margin": 0.09385113268608414,
      "rev_growth_yoy": 0.14444444444444443,
      "rev_growth_yoy_accel": 0.006068060680606779,
      "fcf_margin_change": -0.1006383324678867
    }
  ],
  "signals": [
    {
      "quarter": "2025-03 (Q1)",
      "signal": "FCF MARGIN EXPANSION",
      "detail": "FCF margin: +13.1% -> +27.5% (+14.4%)",
      "severity": "MEDIUM"
    },
    {
      "quarter": "2025-03 (Q1)",
      "signal": "GROSS MARGIN INFLECTION",
      "detail": "GM: +56.7% -> +48.4% -> +55.2% (reversal +6.7%)",
      "severity": "HIGH"
    },
    {
      "quarter": "2025-03 (Q1)",
      "signal": "YoY REVENUE GROWTH ACCELERATION",
      "detail": "YoY growth: +12.7% vs prior quarter YoY: +4.4% (accel: +8.3%)",
      "severity": "MEDIUM"
    },
    {
      "quarter": "2024-12 (Q4)",
      "signal": "FCF MARGIN EXPANSION",
      "detail": "FCF margin: +3.0% -> +13.1% (+10.1%)",
      "severity": "MEDIUM"
    },
    {
      "quarter": "2024-03 (Q1)",
      "signal": "GROSS MARGIN INFLECTION",
      "detail": "GM: +51.1% -> +48.4% -> +51.6% (reversal +3.2%)",
      "severity": "MEDIUM"
    },
    {
      "quarter": "2023-12 (Q4)",
      "signal": "FCF MARGIN EXPANSION",
      "detail": "FCF margin: +3.6% -> +14.8% (+11.1%)",
      "severity": "MEDIUM"
    },
    {
      "quarter": "2023-03 (Q1)",
      "signal": "GROSS MARGIN INFLECTION",
      "detail": "GM: +43.4% -> +42.6% -> +46.3% (reversal +3.7%)",
      "severity": "MEDIUM"
    },
    {
      "quarter": "2022-12 (Q4)",
      "signal": "FCF TURNED POSITIVE",
      "detail": "FCF margin: -5.2% -> +15.3%",
      "severity": "HIGH"
    },
    {
      "quarter": "2022-06 (Q2)",
      "signal": "GROSS MARGIN INFLECTION",
      "detail": "GM: +41.3% -> +41.0% -> +43.3% (reversal +2.3%)",
      "severity": "MEDIUM"
    },
    {
      "quarter": "2021-12 (Q4)",
      "signal": "FCF MARGIN EXPANSION",
      "detail": "FCF margin: +3.2% -> +10.3% (+7.1%)",
      "severity": "MEDIUM"
    }
  ],
  "data_quality": {
    "n_quarters": 20,
    "coverage": {
      "revenue": [
        20,
        20
      ],
      "gross_profit": [
        20,
        20
      ],
      "op_income": [
        0,
        20
      ],
      "fcf": [
        20,
        20
      ]
    },
    "gaps": [],
    "warnings": [
      "op_income: no data"
    ]
  },
  "market_cap": null,
  "source": "SEC EDGAR",
  "last_updated": "2026-02-02T21:10:36.110096",
  "sector": "Consumer Cyclical",
  "industry": "Personal Services"
}