{
  "ticker": "FTHM",
  "name": "FATHOM HOLDINGS INC.",
  "quarters": [
    {
      "date": "2020-12-31T00:00:00",
      "quarter_label": "2020-12 (Q4)",
      "revenue": 53408570,
      "gross_profit": 2957941,
      "operating_income": -1313462,
      "net_income": -1274864,
      "opex": 4271403,
      "cogs": 50450629,
      "rd": null,
      "sga": null,
      "fcf": -926000,
      "ocf": -886000,
      "capex": -40000,
      "gross_margin": 0.05538326526997446,
      "op_margin": -0.024592719857506013,
      "fcf_margin": -0.017338041441663763
    },
    {
      "date": "2021-03-31T00:00:00",
      "quarter_label": "2021-03 (Q1)",
      "revenue": 49645489,
      "gross_profit": 3176872,
      "operating_income": -3449074,
      "net_income": -3399718,
      "opex": 6625946,
      "cogs": 46468617,
      "rd": null,
      "sga": null,
      "fcf": -1383000,
      "ocf": -981000,
      "capex": -402000,
      "gross_margin": 0.06399115134106143,
      "op_margin": -0.06947406641517823,
      "fcf_margin": -0.027857515916501496,
      "fcf_margin_change": -0.010519474474837733
    },
    {
      "date": "2021-06-30T00:00:00",
      "quarter_label": "2021-06 (Q2)",
      "revenue": 84182954,
      "gross_profit": null,
      "operating_income": -4740017,
      "net_income": -2091434,
      "opex": 88922971,
      "cogs": null,
      "rd": null,
      "sga": null,
      "fcf": -1786000,
      "ocf": -1712000,
      "capex": -74000,
      "gross_margin": null,
      "op_margin": -0.05630613770098873,
      "fcf_margin": -0.02121569646985778,
      "op_leverage_ratio": 0.05601114119220598,
      "fcf_margin_change": 0.006641819446643715
    },
    {
      "date": "2021-09-30T00:00:00",
      "quarter_label": "2021-09 (Q3)",
      "revenue": 100940000,
      "gross_profit": null,
      "operating_income": -3685000,
      "net_income": -3373000,
      "opex": 104625000,
      "cogs": null,
      "rd": null,
      "sga": null,
      "fcf": -3977000,
      "ocf": -3877000,
      "capex": -100000,
      "gross_margin": null,
      "op_margin": -0.03650683574400634,
      "fcf_margin": -0.03939964335248663,
      "op_leverage_ratio": 1.1272791904497057,
      "fcf_margin_change": -0.018183946882628848
    },
    {
      "date": "2021-12-31T00:00:00",
      "quarter_label": "2021-12 (Q4)",
      "revenue": 95461000,
      "gross_profit": null,
      "operating_income": -4230000,
      "net_income": -3626000,
      "opex": 99691000,
      "cogs": null,
      "rd": null,
      "sga": null,
      "fcf": -5428000,
      "ocf": -5127000,
      "capex": -301000,
      "gross_margin": null,
      "op_margin": -0.04431128942709588,
      "fcf_margin": -0.05686091702370601,
      "incr_op_margin_yoy": -0.06935480303991945,
      "rev_growth_yoy": 0.7873723262015815,
      "fcf_margin_change": -0.017461273671219385
    },
    {
      "date": "2022-03-31T00:00:00",
      "quarter_label": "2022-03 (Q1)",
      "revenue": 90082000,
      "gross_profit": null,
      "operating_income": -5635000,
      "net_income": -5997000,
      "opex": 95717000,
      "cogs": null,
      "rd": null,
      "sga": null,
      "fcf": 1324000,
      "ocf": 1641000,
      "capex": -317000,
      "gross_margin": null,
      "op_margin": -0.0625541173597389,
      "fcf_margin": 0.014697719855243001,
      "incr_op_margin_yoy": -0.05405822475633469,
      "rev_growth_yoy": 0.8145052413523411,
      "rev_growth_yoy_accel": 0.027132915150759662,
      "fcf_margin_change": 0.07155863687894902
    },
    {
      "date": "2022-06-30T00:00:00",
      "quarter_label": "2022-06 (Q2)",
      "revenue": 128179000,
      "gross_profit": null,
      "operating_income": -5275000,
      "net_income": -5669000,
      "opex": 133454000,
      "cogs": null,
      "rd": null,
      "sga": 100000,
      "fcf": -1688000,
      "ocf": -1273000,
      "capex": -415000,
      "gross_margin": null,
      "op_margin": -0.04115338706028288,
      "fcf_margin": -0.013169083859290524,
      "incr_op_margin_yoy": -0.012159797269054588,
      "rev_growth_yoy": 0.5226241645072232,
      "rev_growth_yoy_accel": -0.291881076845118,
      "op_leverage_ratio": 1.0726905744774087,
      "fcf_margin_change": -0.027866803714533525
    },
    {
      "date": "2022-09-30T00:00:00",
      "quarter_label": "2022-09 (Q3)",
      "revenue": 111264000,
      "gross_profit": null,
      "operating_income": -5897000,
      "net_income": -6012000,
      "opex": 117161000,
      "cogs": null,
      "rd": null,
      "sga": 100000,
      "fcf": -7087000,
      "ocf": -6838000,
      "capex": -249000,
      "gross_margin": null,
      "op_margin": -0.053000071901064136,
      "fcf_margin": -0.06369535519125682,
      "incr_op_margin_yoy": -0.21425803951956607,
      "rev_growth_yoy": 0.1022785813354468,
      "rev_growth_yoy_accel": -0.42034558317177634,
      "fcf_margin_change": -0.0505262713319663
    },
    {
      "date": "2022-12-31T00:00:00",
      "quarter_label": "2022-12 (Q4)",
      "revenue": 83438000,
      "gross_profit": null,
      "operating_income": -10088000,
      "net_income": -9948000,
      "opex": 93526000,
      "cogs": null,
      "rd": null,
      "sga": null,
      "fcf": -77000,
      "ocf": -113000,
      "capex": 36000,
      "gross_margin": null,
      "op_margin": -0.12090414439464033,
      "fcf_margin": -0.0009228409118147607,
      "incr_op_margin_yoy": 0.4872328037927306,
      "rev_growth_yoy": -0.12594672169786614,
      "rev_growth_yoy_accel": -0.22822530303331295,
      "fcf_margin_change": 0.06277251427944207
    },
    {
      "date": "2023-03-31T00:00:00",
      "quarter_label": "2023-03 (Q1)",
      "revenue": 77541000,
      "gross_profit": null,
      "operating_income": -5546000,
      "net_income": -5701000,
      "opex": 83087000,
      "cogs": null,
      "rd": null,
      "sga": null,
      "fcf": -1579000,
      "ocf": -1570000,
      "capex": -9000,
      "gross_margin": null,
      "op_margin": -0.07152345210920674,
      "fcf_margin": -0.02036342064198295,
      "incr_op_margin_yoy": -0.007096722749382027,
      "rev_growth_yoy": -0.1392176017406363,
      "rev_growth_yoy_accel": -0.013270880042770161,
      "fcf_margin_change": -0.01944057973016819
    },
    {
      "date": "2023-06-30T00:00:00",
      "quarter_label": "2023-06 (Q2)",
      "revenue": 100089000,
      "gross_profit": null,
      "operating_income": -4237000,
      "net_income": -4345000,
      "opex": 104326000,
      "cogs": null,
      "rd": null,
      "sga": 100000,
      "fcf": -3168000,
      "ocf": -3167000,
      "capex": -1000,
      "gross_margin": null,
      "op_margin": -0.04233232423143402,
      "fcf_margin": -0.03165182987141444,
      "incr_op_margin_yoy": -0.03695265218939124,
      "rev_growth_yoy": -0.21914666208973388,
      "rev_growth_yoy_accel": -0.07992906034909758,
      "op_leverage_ratio": 1.1375634821864677,
      "fcf_margin_change": -0.01128840922943149
    },
    {
      "date": "2023-09-30T00:00:00",
      "quarter_label": "2023-09 (Q3)",
      "revenue": 93524000,
      "gross_profit": null,
      "operating_income": -5372000,
      "net_income": -5496000,
      "opex": 98896000,
      "cogs": null,
      "rd": null,
      "sga": 100000,
      "fcf": -1480000,
      "ocf": -1469000,
      "capex": -11000,
      "gross_margin": null,
      "op_margin": -0.05743980154826569,
      "fcf_margin": -0.01582481502074334,
      "incr_op_margin_yoy": -0.02959413754227734,
      "rev_growth_yoy": -0.15944060972102386,
      "rev_growth_yoy_accel": 0.059706052368710016,
      "fcf_margin_change": 0.0158270148506711
    },
    {
      "date": "2023-12-31T00:00:00",
      "quarter_label": "2023-12 (Q4)",
      "revenue": 74072000,
      "gross_profit": null,
      "operating_income": -8098000,
      "net_income": -8439000,
      "opex": 82170000,
      "cogs": null,
      "rd": null,
      "sga": null,
      "fcf": -4367000,
      "ocf": -4366000,
      "capex": -1000,
      "gross_margin": null,
      "op_margin": -0.10932606112971163,
      "fcf_margin": -0.05895615077222162,
      "incr_op_margin_yoy": -0.2124706384796071,
      "rev_growth_yoy": -0.11225101272801362,
      "rev_growth_yoy_accel": 0.047189596993010244,
      "fcf_margin_change": -0.043131335751478275
    },
    {
      "date": "2024-03-31T00:00:00",
      "quarter_label": "2024-03 (Q1)",
      "revenue": 70503000,
      "gross_profit": null,
      "operating_income": -5653000,
      "net_income": -5927000,
      "opex": 76156000,
      "cogs": null,
      "rd": null,
      "sga": null,
      "fcf": -948000,
      "ocf": -947000,
      "capex": -1000,
      "gross_margin": null,
      "op_margin": -0.08018098520630328,
      "fcf_margin": -0.01344623633036892,
      "incr_op_margin_yoy": 0.015203182722364308,
      "rev_growth_yoy": -0.0907648856733857,
      "rev_growth_yoy_accel": 0.02148612705462792,
      "fcf_margin_change": 0.0455099144418527
    },
    {
      "date": "2024-06-30T00:00:00",
      "quarter_label": "2024-06 (Q2)",
      "revenue": 89207000,
      "gross_profit": null,
      "operating_income": -671000,
      "net_income": -1294000,
      "opex": 92836000,
      "cogs": null,
      "rd": null,
      "sga": null,
      "fcf": -3105000,
      "ocf": -3094000,
      "capex": -11000,
      "gross_margin": null,
      "op_margin": -0.00752183124642685,
      "fcf_margin": -0.03480668557400204,
      "incr_op_margin_yoy": -0.32769711450101086,
      "rev_growth_yoy": -0.1087232363196755,
      "rev_growth_yoy_accel": -0.017958350646289797,
      "op_leverage_ratio": 1.2112533061929673,
      "fcf_margin_change": -0.021360449243633117
    },
    {
      "date": "2024-09-30T00:00:00",
      "quarter_label": "2024-09 (Q3)",
      "revenue": 83733000,
      "gross_profit": null,
      "operating_income": -7761000,
      "net_income": -8121000,
      "opex": 91494000,
      "cogs": null,
      "rd": null,
      "sga": null,
      "fcf": -364000,
      "ocf": -330000,
      "capex": -34000,
      "gross_margin": null,
      "op_margin": -0.09268747088961342,
      "fcf_margin": -0.004347151063499456,
      "incr_op_margin_yoy": 0.24399959146154632,
      "rev_growth_yoy": -0.10468970531628245,
      "rev_growth_yoy_accel": 0.004033531003393043,
      "fcf_margin_change": 0.03045953451050258
    },
    {
      "date": "2024-12-31T00:00:00",
      "quarter_label": "2024-12 (Q4)",
      "revenue": 91741000,
      "gross_profit": null,
      "operating_income": -9039000,
      "net_income": -6235000,
      "opex": null,
      "cogs": null,
      "rd": null,
      "sga": null,
      "fcf": -322000,
      "ocf": -317000,
      "capex": -5000,
      "gross_margin": null,
      "op_margin": -0.09852737598238519,
      "fcf_margin": -0.0035098810782529075,
      "incr_op_margin_yoy": -0.05325711698454921,
      "rev_growth_yoy": 0.23853817906901392,
      "rev_growth_yoy_accel": 0.3432278843852964,
      "fcf_margin_change": 0.0008372699852465487
    },
    {
      "date": "2025-03-31T00:00:00",
      "quarter_label": "2025-03 (Q1)",
      "revenue": 93135000,
      "gross_profit": null,
      "operating_income": -4424000,
      "net_income": -5646000,
      "opex": null,
      "cogs": null,
      "rd": null,
      "sga": null,
      "fcf": -5758000,
      "ocf": -5733000,
      "capex": -25000,
      "gross_margin": null,
      "op_margin": -0.04750093949642992,
      "fcf_margin": -0.06182423363934074,
      "incr_op_margin_yoy": 0.05430364086249558,
      "rev_growth_yoy": 0.3210076166971618,
      "rev_growth_yoy_accel": 0.0824694376281479,
      "fcf_margin_change": -0.05831435256108783
    },
    {
      "date": "2025-06-30T00:00:00",
      "quarter_label": "2025-06 (Q2)",
      "revenue": 121423000,
      "gross_profit": null,
      "operating_income": -2379000,
      "net_income": -3592000,
      "opex": null,
      "cogs": null,
      "rd": null,
      "sga": null,
      "fcf": -5967000,
      "ocf": -5938000,
      "capex": -29000,
      "gross_margin": null,
      "op_margin": -0.019592663663391616,
      "fcf_margin": -0.04914225476227733,
      "incr_op_margin_yoy": -0.05301713434318351,
      "rev_growth_yoy": 0.361137578889549,
      "rev_growth_yoy_accel": 0.04012996219238718,
      "fcf_margin_change": 0.012681978877063411
    },
    {
      "date": "2025-09-30T00:00:00",
      "quarter_label": "2025-09 (Q3)",
      "revenue": 115313000,
      "gross_profit": null,
      "operating_income": -4038000,
      "net_income": -4357000,
      "opex": null,
      "cogs": null,
      "rd": null,
      "sga": null,
      "fcf": 3014000,
      "ocf": 3038000,
      "capex": -24000,
      "gross_margin": null,
      "op_margin": -0.035017734340447304,
      "fcf_margin": 0.02613755604311743,
      "incr_op_margin_yoy": 0.11789107029765675,
      "rev_growth_yoy": 0.37715118292668365,
      "rev_growth_yoy_accel": 0.016013604037134643,
      "fcf_margin_change": 0.07527981080539475
    }
  ],
  "signals": [
    {
      "quarter": "2025-09 (Q3)",
      "signal": "FCF TURNED POSITIVE",
      "detail": "FCF margin: -4.9% -> +2.6%",
      "severity": "HIGH"
    },
    {
      "quarter": "2025-03 (Q1)",
      "signal": "YoY REVENUE GROWTH ACCELERATION",
      "detail": "YoY growth: +32.1% vs prior quarter YoY: +23.9% (accel: +8.2%)",
      "severity": "MEDIUM"
    },
    {
      "quarter": "2024-12 (Q4)",
      "signal": "YoY REVENUE GROWTH ACCELERATION",
      "detail": "YoY growth: +23.9% vs prior quarter YoY: -10.5% (accel: +34.3%)",
      "severity": "HIGH"
    },
    {
      "quarter": "2023-09 (Q3)",
      "signal": "YoY REVENUE GROWTH ACCELERATION",
      "detail": "YoY growth: -15.9% vs prior quarter YoY: -21.9% (accel: +6.0%)",
      "severity": "MEDIUM"
    },
    {
      "quarter": "2023-06 (Q2)",
      "signal": "YoY REVENUE GROWTH DECELERATION",
      "detail": "YoY growth: -21.9% vs prior quarter YoY: -13.9% (decel: -8.0%)",
      "severity": "WARNING"
    },
    {
      "quarter": "2022-12 (Q4)",
      "signal": "FCF MARGIN EXPANSION",
      "detail": "FCF margin: -6.4% -> -0.1% (+6.3%)",
      "severity": "MEDIUM"
    },
    {
      "quarter": "2022-12 (Q4)",
      "signal": "YoY REVENUE GROWTH DECELERATION",
      "detail": "YoY growth: -12.6% vs prior quarter YoY: +10.2% (decel: -22.8%)",
      "severity": "WARNING"
    },
    {
      "quarter": "2022-09 (Q3)",
      "signal": "YoY REVENUE GROWTH DECELERATION",
      "detail": "YoY growth: +10.2% vs prior quarter YoY: +52.3% (decel: -42.0%)",
      "severity": "WARNING"
    },
    {
      "quarter": "2022-06 (Q2)",
      "signal": "YoY REVENUE GROWTH DECELERATION",
      "detail": "YoY growth: +52.3% vs prior quarter YoY: +81.5% (decel: -29.2%)",
      "severity": "WARNING"
    },
    {
      "quarter": "2022-03 (Q1)",
      "signal": "FCF TURNED POSITIVE",
      "detail": "FCF margin: -5.7% -> +1.5%",
      "severity": "HIGH"
    }
  ],
  "data_quality": {
    "n_quarters": 20,
    "coverage": {
      "revenue": [
        20,
        20
      ],
      "gross_profit": [
        2,
        20
      ],
      "op_income": [
        20,
        20
      ],
      "fcf": [
        20,
        20
      ]
    },
    "gaps": [],
    "warnings": [
      "gross_profit: 2/20Q"
    ]
  },
  "market_cap": null,
  "source": "SEC EDGAR",
  "last_updated": "2026-02-02T23:44:14.764020"
}