{
  "ticker": "FTRE",
  "name": "FORTREA HOLDINGS INC.",
  "quarters": [
    {
      "date": "2022-06-30T00:00:00",
      "quarter_label": "2022-06 (Q2)",
      "revenue": 793100000,
      "gross_profit": 178800000,
      "operating_income": 71200000,
      "net_income": 66400000,
      "opex": 721900000,
      "cogs": 614300000,
      "rd": null,
      "sga": 71200000,
      "fcf": null,
      "ocf": null,
      "capex": null,
      "gross_margin": 0.2254444584541672,
      "op_margin": 0.08977430336653637,
      "fcf_margin": null
    },
    {
      "date": "2022-09-30T00:00:00",
      "quarter_label": "2022-09 (Q3)",
      "revenue": 762300000,
      "gross_profit": 167500000,
      "operating_income": 68900000,
      "net_income": 60600000,
      "opex": 693400000,
      "cogs": 594800000,
      "rd": null,
      "sga": 70700000,
      "fcf": 80900000,
      "ocf": 80900000,
      "capex": null,
      "gross_margin": 0.21972976518431064,
      "op_margin": 0.09038436311163583,
      "fcf_margin": 0.10612619703528794
    },
    {
      "date": "2022-12-31T00:00:00",
      "quarter_label": "2022-12 (Q4)",
      "revenue": 761700000,
      "gross_profit": 161900000,
      "operating_income": 63100000,
      "net_income": 33400000,
      "opex": 698600000,
      "cogs": 599800000,
      "rd": null,
      "sga": 63300000,
      "fcf": 23500000,
      "ocf": 23500000,
      "capex": null,
      "gross_margin": 0.2125508730471314,
      "op_margin": 0.08284101352238414,
      "fcf_margin": 0.030852041486149402,
      "fcf_margin_change": -0.07527415554913855
    },
    {
      "date": "2023-03-31T00:00:00",
      "quarter_label": "2023-03 (Q1)",
      "revenue": 693900000,
      "gross_profit": 152400000,
      "operating_income": 14100000,
      "net_income": 17400000,
      "opex": 679800000,
      "cogs": 541500000,
      "rd": null,
      "sga": 116800000,
      "fcf": -2000000,
      "ocf": -2000000,
      "capex": null,
      "gross_margin": 0.21962818849978383,
      "op_margin": 0.020319930825767402,
      "fcf_margin": -0.002882259691598213,
      "fcf_margin_change": -0.033734301177747616
    },
    {
      "date": "2023-06-30T00:00:00",
      "quarter_label": "2023-06 (Q2)",
      "revenue": 793000000,
      "gross_profit": 143600000,
      "operating_income": 33800000,
      "net_income": 28300000,
      "opex": 759200000,
      "cogs": 649400000,
      "rd": null,
      "sga": 80800000,
      "fcf": 150100000,
      "ocf": 150100000,
      "capex": null,
      "gross_margin": 0.1810844892812106,
      "op_margin": 0.04262295081967213,
      "fcf_margin": 0.189281210592686,
      "rev_growth_yoy": -0.00012608750472828143,
      "op_leverage_ratio": 1.2227493054806857,
      "fcf_margin_change": 0.1921634702842842
    },
    {
      "date": "2023-09-30T00:00:00",
      "quarter_label": "2023-09 (Q3)",
      "revenue": 776400000,
      "gross_profit": 129100000,
      "operating_income": 14000000,
      "net_income": -13100000,
      "opex": 762400000,
      "cogs": 647300000,
      "rd": null,
      "sga": 78900000,
      "fcf": 1900000,
      "ocf": 1900000,
      "capex": null,
      "gross_margin": 0.1662802679031427,
      "op_margin": 0.018031942297784646,
      "fcf_margin": 0.0024471921689850594,
      "incr_op_margin_yoy": -3.893617021276596,
      "rev_growth_yoy": 0.018496654860291225,
      "rev_growth_yoy_accel": 0.018622742365019505,
      "fcf_margin_change": -0.18683401842370093
    },
    {
      "date": "2023-12-31T00:00:00",
      "quarter_label": "2023-12 (Q4)",
      "revenue": 775400000,
      "gross_profit": 119700000,
      "operating_income": -10700000,
      "net_income": -36000000,
      "opex": 786100000,
      "cogs": 655700000,
      "rd": null,
      "sga": 98900000,
      "fcf": 18400000,
      "ocf": 18400000,
      "capex": null,
      "gross_margin": 0.15437193706474078,
      "op_margin": -0.01379932937838535,
      "fcf_margin": 0.0237296879030178,
      "incr_op_margin_yoy": -5.386861313868613,
      "rev_growth_yoy": 0.017986083760010502,
      "rev_growth_yoy_accel": -0.0005105711002807226,
      "fcf_margin_change": 0.02128249573403274
    },
    {
      "date": "2024-03-31T00:00:00",
      "quarter_label": "2024-03 (Q1)",
      "revenue": 662100000,
      "gross_profit": 107900000,
      "operating_income": -37400000,
      "net_income": -101000000,
      "opex": 699500000,
      "cogs": 554200000,
      "rd": null,
      "sga": 120100000,
      "fcf": -25600000,
      "ocf": -25600000,
      "capex": null,
      "gross_margin": 0.16296631928711675,
      "op_margin": -0.05648693550823138,
      "fcf_margin": -0.03866485425162362,
      "incr_op_margin_yoy": 1.619496855345912,
      "rev_growth_yoy": -0.04582792909641158,
      "rev_growth_yoy_accel": -0.06381401285642209,
      "fcf_margin_change": -0.06239454215464142
    },
    {
      "date": "2024-06-30T00:00:00",
      "quarter_label": "2024-06 (Q2)",
      "revenue": 662400000,
      "gross_profit": 137100000,
      "operating_income": -50900000,
      "net_income": -138400000,
      "opex": 713300000,
      "cogs": 525300000,
      "rd": null,
      "sga": 156200000,
      "fcf": 273700000,
      "ocf": 273700000,
      "capex": null,
      "gross_margin": 0.20697463768115942,
      "op_margin": -0.07684178743961352,
      "fcf_margin": 0.4131944444444444,
      "incr_op_margin_yoy": 0.6485451761102603,
      "rev_growth_yoy": -0.16469104665825976,
      "rev_growth_yoy_accel": -0.11886311756184817,
      "fcf_margin_change": 0.45185929869606806
    },
    {
      "date": "2024-09-30T00:00:00",
      "quarter_label": "2024-09 (Q3)",
      "revenue": 674900000,
      "gross_profit": 148300000,
      "operating_income": -18000000,
      "net_income": -27900000,
      "opex": 692900000,
      "cogs": 526600000,
      "rd": null,
      "sga": 136300000,
      "fcf": -2400000,
      "ocf": -2400000,
      "capex": null,
      "gross_margin": 0.21973625722329235,
      "op_margin": -0.026670617869313972,
      "fcf_margin": -0.0035560823825751963,
      "incr_op_margin_yoy": 0.31527093596059114,
      "rev_growth_yoy": -0.1307315816589387,
      "rev_growth_yoy_accel": 0.033959464999321065,
      "op_leverage_ratio": Infinity,
      "fcf_margin_change": -0.41675052682701963
    },
    {
      "date": "2024-12-31T00:00:00",
      "quarter_label": "2024-12 (Q4)",
      "revenue": 697000000,
      "gross_profit": 140900000,
      "operating_income": -55600000,
      "net_income": -61200000,
      "opex": 752600000,
      "cogs": 556100000,
      "rd": null,
      "sga": 148100000,
      "fcf": 17100000,
      "ocf": 17100000,
      "capex": null,
      "gross_margin": 0.20215208034433285,
      "op_margin": -0.07977044476327116,
      "fcf_margin": 0.024533715925394547,
      "incr_op_margin_yoy": 0.5727040816326531,
      "rev_growth_yoy": -0.10110910497807583,
      "rev_growth_yoy_accel": 0.02962247668086286,
      "op_leverage_ratio": 0.38005729740220834,
      "fcf_margin_change": 0.028089798307969743
    },
    {
      "date": "2025-03-31T00:00:00",
      "quarter_label": "2025-03 (Q1)",
      "revenue": 651300000,
      "gross_profit": 116500000,
      "operating_income": -520100000,
      "net_income": -562900000,
      "opex": 1171400000,
      "cogs": 534800000,
      "rd": null,
      "sga": 121800000,
      "fcf": -124200000,
      "ocf": -124200000,
      "capex": null,
      "gross_margin": 0.17887302318440043,
      "op_margin": -0.7985567326884692,
      "fcf_margin": -0.1906955320128973,
      "incr_op_margin_yoy": 44.69444444444444,
      "rev_growth_yoy": -0.016311735387403714,
      "rev_growth_yoy_accel": 0.08479736959067212,
      "fcf_margin_change": -0.21522924793829185
    },
    {
      "date": "2025-06-30T00:00:00",
      "quarter_label": "2025-06 (Q2)",
      "revenue": 710300000,
      "gross_profit": 133500000,
      "operating_income": -330300000,
      "net_income": -374900000,
      "opex": 1040600000,
      "cogs": 576800000,
      "rd": null,
      "sga": 124800000,
      "fcf": 21800000,
      "ocf": 21800000,
      "capex": null,
      "gross_margin": 0.18794875404758551,
      "op_margin": -0.4650147824862734,
      "fcf_margin": 0.030691257215261156,
      "incr_op_margin_yoy": -5.832985386221294,
      "rev_growth_yoy": 0.07231280193236715,
      "rev_growth_yoy_accel": 0.08862453731977087,
      "op_leverage_ratio": Infinity,
      "fcf_margin_change": 0.22138678922815846
    },
    {
      "date": "2025-09-30T00:00:00",
      "quarter_label": "2025-09 (Q3)",
      "revenue": 701300000,
      "gross_profit": 122700000,
      "operating_income": -8600000,
      "net_income": -15900000,
      "opex": 709900000,
      "cogs": 578600000,
      "rd": null,
      "sga": 106800000,
      "fcf": 86800000,
      "ocf": 86800000,
      "capex": null,
      "gross_margin": 0.1749607871096535,
      "op_margin": -0.012262940253814344,
      "fcf_margin": 0.12377014116640525,
      "incr_op_margin_yoy": 0.3560606060606061,
      "rev_growth_yoy": 0.03911690620832716,
      "rev_growth_yoy_accel": -0.03319589572403999,
      "fcf_margin_change": 0.0930788839511441
    }
  ],
  "signals": [
    {
      "quarter": "2025-09 (Q3)",
      "signal": "FCF MARGIN EXPANSION",
      "detail": "FCF margin: +3.1% -> +12.4% (+9.3%)",
      "severity": "MEDIUM"
    },
    {
      "quarter": "2025-06 (Q2)",
      "signal": "FCF TURNED POSITIVE",
      "detail": "FCF margin: -19.1% -> +3.1%",
      "severity": "HIGH"
    },
    {
      "quarter": "2025-06 (Q2)",
      "signal": "YoY REVENUE GROWTH ACCELERATION",
      "detail": "YoY growth: +7.2% vs prior quarter YoY: -1.6% (accel: +8.9%)",
      "severity": "MEDIUM"
    },
    {
      "quarter": "2025-03 (Q1)",
      "signal": "YoY REVENUE GROWTH ACCELERATION",
      "detail": "YoY growth: -1.6% vs prior quarter YoY: -10.1% (accel: +8.5%)",
      "severity": "MEDIUM"
    },
    {
      "quarter": "2024-12 (Q4)",
      "signal": "FCF TURNED POSITIVE",
      "detail": "FCF margin: -0.4% -> +2.5%",
      "severity": "HIGH"
    },
    {
      "quarter": "2024-06 (Q2)",
      "signal": "FCF TURNED POSITIVE",
      "detail": "FCF margin: -3.9% -> +41.3%",
      "severity": "HIGH"
    },
    {
      "quarter": "2024-06 (Q2)",
      "signal": "YoY REVENUE GROWTH DECELERATION",
      "detail": "YoY growth: -16.5% vs prior quarter YoY: -4.6% (decel: -11.9%)",
      "severity": "WARNING"
    },
    {
      "quarter": "2024-03 (Q1)",
      "signal": "YoY REVENUE GROWTH DECELERATION",
      "detail": "YoY growth: -4.6% vs prior quarter YoY: +1.8% (decel: -6.4%)",
      "severity": "WARNING"
    },
    {
      "quarter": "2023-06 (Q2)",
      "signal": "FCF TURNED POSITIVE",
      "detail": "FCF margin: -0.3% -> +18.9%",
      "severity": "HIGH"
    }
  ],
  "data_quality": {
    "n_quarters": 14,
    "coverage": {
      "revenue": [
        14,
        14
      ],
      "gross_profit": [
        14,
        14
      ],
      "op_income": [
        14,
        14
      ],
      "fcf": [
        13,
        14
      ]
    },
    "gaps": [],
    "warnings": []
  },
  "market_cap": null,
  "source": "SEC EDGAR",
  "last_updated": "2026-02-02T21:46:19.362680",
  "sector": "Healthcare",
  "industry": "Biotechnology"
}