{
  "ticker": "FUBO",
  "name": "FuboTv Inc.",
  "quarters": [
    {
      "date": "2020-12-31T00:00:00",
      "quarter_label": "2020-12 (Q4)",
      "revenue": 105077000,
      "gross_profit": null,
      "operating_income": -92319000,
      "net_income": -167824000,
      "opex": 197396000,
      "cogs": null,
      "rd": 9912000,
      "sga": null,
      "fcf": -76631000,
      "ocf": -76568000,
      "capex": -63000,
      "gross_margin": null,
      "op_margin": -0.8785842762926235,
      "fcf_margin": -0.7292842391769845
    },
    {
      "date": "2021-03-31T00:00:00",
      "quarter_label": "2021-03 (Q1)",
      "revenue": 119720000,
      "gross_profit": null,
      "operating_income": -65082000,
      "net_income": -70110000,
      "opex": 184802000,
      "cogs": null,
      "rd": 11438000,
      "sga": null,
      "fcf": -54506000,
      "ocf": -53867000,
      "capex": -639000,
      "gross_margin": null,
      "op_margin": -0.5436184430337454,
      "fcf_margin": -0.4552789842966923,
      "op_leverage_ratio": Infinity,
      "fcf_margin_change": 0.2740052548802922
    },
    {
      "date": "2021-06-30T00:00:00",
      "quarter_label": "2021-06 (Q2)",
      "revenue": 130884000,
      "gross_profit": null,
      "operating_income": -81066000,
      "net_income": -94915000,
      "opex": 211950000,
      "cogs": null,
      "rd": 20001000,
      "sga": null,
      "fcf": -35056000,
      "ocf": -33557000,
      "capex": -1499000,
      "gross_margin": null,
      "op_margin": -0.6193728798019621,
      "fcf_margin": -0.2678402249320009,
      "op_leverage_ratio": 0.6347781161790458,
      "fcf_margin_change": 0.1874387593646914
    },
    {
      "date": "2021-09-30T00:00:00",
      "quarter_label": "2021-09 (Q3)",
      "revenue": 156690000,
      "gross_profit": null,
      "operating_income": -103258000,
      "net_income": -105851000,
      "opex": 259948000,
      "cogs": null,
      "rd": 15257000,
      "sga": null,
      "fcf": -57330000,
      "ocf": -55606000,
      "capex": -1724000,
      "gross_margin": null,
      "op_margin": -0.658995468759972,
      "fcf_margin": -0.3658816771970132,
      "op_leverage_ratio": 0.8706516216544321,
      "fcf_margin_change": -0.09804145226501232
    },
    {
      "date": "2021-12-31T00:00:00",
      "quarter_label": "2021-12 (Q4)",
      "revenue": 231056000,
      "gross_profit": null,
      "operating_income": -110014000,
      "net_income": -111961000,
      "opex": 341070000,
      "cogs": null,
      "rd": 13817000,
      "sga": null,
      "fcf": -52444000,
      "ocf": -52897000,
      "capex": 453000,
      "gross_margin": null,
      "op_margin": -0.47613565542552455,
      "fcf_margin": -0.22697527872031023,
      "incr_op_margin_yoy": -0.14045991792282841,
      "rev_growth_yoy": 1.1989207914196256,
      "op_leverage_ratio": 1.5208310572940025,
      "fcf_margin_change": 0.13890639847670297
    },
    {
      "date": "2022-03-31T00:00:00",
      "quarter_label": "2022-03 (Q1)",
      "revenue": 242019000,
      "gross_profit": null,
      "operating_income": -135241000,
      "net_income": -140724000,
      "opex": 377260000,
      "cogs": null,
      "rd": 21425000,
      "sga": null,
      "fcf": -125673000,
      "ocf": -124875000,
      "capex": -798000,
      "gross_margin": null,
      "op_margin": -0.5588032344567988,
      "fcf_margin": -0.5192691482900103,
      "incr_op_margin_yoy": -0.5736678141276708,
      "rev_growth_yoy": 1.0215419311727363,
      "rev_growth_yoy_accel": -0.1773788602468893,
      "op_leverage_ratio": 0.4471642771602659,
      "fcf_margin_change": -0.29229386956970005
    },
    {
      "date": "2022-06-30T00:00:00",
      "quarter_label": "2022-06 (Q2)",
      "revenue": 221890000,
      "gross_profit": null,
      "operating_income": -112525000,
      "net_income": -116124000,
      "opex": 334415000,
      "cogs": null,
      "rd": 20923000,
      "sga": null,
      "fcf": -92287000,
      "ocf": -92123000,
      "capex": -164000,
      "gross_margin": null,
      "op_margin": -0.5071206453648204,
      "fcf_margin": -0.4159132903691018,
      "incr_op_margin_yoy": -0.34568050458211547,
      "rev_growth_yoy": 0.6953179915039271,
      "rev_growth_yoy_accel": -0.32622393966880914,
      "fcf_margin_change": 0.10335585792090846
    },
    {
      "date": "2022-09-30T00:00:00",
      "quarter_label": "2022-09 (Q3)",
      "revenue": 224813000,
      "gross_profit": null,
      "operating_income": -150329000,
      "net_income": -152648000,
      "opex": 375142000,
      "cogs": null,
      "rd": 20129000,
      "sga": null,
      "fcf": -78888000,
      "ocf": -78819000,
      "capex": -69000,
      "gross_margin": null,
      "op_margin": -0.6686846401231246,
      "fcf_margin": -0.35090497435646517,
      "incr_op_margin_yoy": -0.6909707440952395,
      "rev_growth_yoy": 0.43476290765205183,
      "rev_growth_yoy_accel": -0.2605550838518753,
      "op_leverage_ratio": 0.10816690761414711,
      "fcf_margin_change": 0.06500831601263662
    },
    {
      "date": "2022-12-31T00:00:00",
      "quarter_label": "2022-12 (Q4)",
      "revenue": 319974000,
      "gross_profit": null,
      "operating_income": -13762000,
      "net_income": -151981000,
      "opex": 333736000,
      "cogs": null,
      "rd": 6787000,
      "sga": null,
      "fcf": -20983000,
      "ocf": -20884000,
      "capex": -99000,
      "gross_margin": null,
      "op_margin": -0.04300974454174401,
      "fcf_margin": -0.06557720314775575,
      "incr_op_margin_yoy": 1.0824804876402978,
      "rev_growth_yoy": 0.38483311405027354,
      "rev_growth_yoy_accel": -0.049929793601778294,
      "op_leverage_ratio": Infinity,
      "fcf_margin_change": 0.28532777120870945
    },
    {
      "date": "2023-03-31T00:00:00",
      "quarter_label": "2023-03 (Q1)",
      "revenue": 324374000,
      "gross_profit": null,
      "operating_income": -81460000,
      "net_income": -83613000,
      "opex": 405834000,
      "cogs": null,
      "rd": 18227000,
      "sga": null,
      "fcf": -78291000,
      "ocf": -78189000,
      "capex": -102000,
      "gross_margin": null,
      "op_margin": -0.25112986860845815,
      "fcf_margin": -0.2413602816501939,
      "incr_op_margin_yoy": 0.6530386740331492,
      "rev_growth_yoy": 0.340283200905714,
      "rev_growth_yoy_accel": -0.04454991314455953,
      "op_leverage_ratio": 0.06365284579299944,
      "fcf_margin_change": -0.17578307850243816
    },
    {
      "date": "2023-06-30T00:00:00",
      "quarter_label": "2023-06 (Q2)",
      "revenue": 312735000,
      "gross_profit": null,
      "operating_income": -52515000,
      "net_income": -49940000,
      "opex": 365250000,
      "cogs": null,
      "rd": 17778000,
      "sga": null,
      "fcf": -71275000,
      "ocf": -71110000,
      "capex": -165000,
      "gross_margin": null,
      "op_margin": -0.16792172286440596,
      "fcf_margin": -0.22790861272323212,
      "incr_op_margin_yoy": 0.6605757058726403,
      "rev_growth_yoy": 0.40941457478931004,
      "rev_growth_yoy_accel": 0.06913137388359603,
      "fcf_margin_change": 0.013451668926961785
    },
    {
      "date": "2023-09-30T00:00:00",
      "quarter_label": "2023-09 (Q3)",
      "revenue": 320935000,
      "gross_profit": null,
      "operating_income": -83284000,
      "net_income": -83811000,
      "opex": 404219000,
      "cogs": null,
      "rd": 17506000,
      "sga": null,
      "fcf": -26366000,
      "ocf": -26258000,
      "capex": -108000,
      "gross_margin": null,
      "op_margin": -0.25950426098742735,
      "fcf_margin": -0.0821537071369592,
      "incr_op_margin_yoy": 0.697499011672666,
      "rev_growth_yoy": 0.42756424228136275,
      "rev_growth_yoy_accel": 0.018149667492052712,
      "op_leverage_ratio": 0.24575837531084013,
      "fcf_margin_change": 0.1457549055862729
    },
    {
      "date": "2023-12-31T00:00:00",
      "quarter_label": "2023-12 (Q4)",
      "revenue": 410181000,
      "gross_profit": null,
      "operating_income": -72091000,
      "net_income": -70090000,
      "opex": 482272000,
      "cogs": null,
      "rd": 14164000,
      "sga": null,
      "fcf": -2761000,
      "ocf": -2065000,
      "capex": -696000,
      "gross_margin": null,
      "op_margin": -0.17575411830387072,
      "fcf_margin": -0.006731174774063158,
      "incr_op_margin_yoy": -0.6466127905816622,
      "rev_growth_yoy": 0.2819197809822048,
      "rev_growth_yoy_accel": -0.14564446129915792,
      "op_leverage_ratio": 1.440120396090912,
      "fcf_margin_change": 0.07542253236289605
    },
    {
      "date": "2024-03-31T00:00:00",
      "quarter_label": "2024-03 (Q1)",
      "revenue": 402347000,
      "gross_profit": null,
      "operating_income": -63313000,
      "net_income": -56010000,
      "opex": 465660000,
      "cogs": null,
      "rd": 20040000,
      "sga": null,
      "fcf": -67387000,
      "ocf": -67279000,
      "capex": -108000,
      "gross_margin": null,
      "op_margin": -0.1573591949237847,
      "fcf_margin": -0.167484783035539,
      "incr_op_margin_yoy": 0.23273440806432996,
      "rev_growth_yoy": 0.24037993180711154,
      "rev_growth_yoy_accel": -0.04153984917509329,
      "fcf_margin_change": -0.16075360826147583
    },
    {
      "date": "2024-06-30T00:00:00",
      "quarter_label": "2024-06 (Q2)",
      "revenue": 390965000,
      "gross_profit": null,
      "operating_income": -35675000,
      "net_income": -25272000,
      "opex": 426640000,
      "cogs": null,
      "rd": 19349000,
      "sga": null,
      "fcf": -32478000,
      "ocf": -32270000,
      "capex": -208000,
      "gross_margin": null,
      "op_margin": -0.09124857723837172,
      "fcf_margin": -0.08307137467548247,
      "incr_op_margin_yoy": 0.2152626869487409,
      "rev_growth_yoy": 0.2501478887876317,
      "rev_growth_yoy_accel": 0.009767956980520187,
      "fcf_margin_change": 0.08441340836005652
    },
    {
      "date": "2024-09-30T00:00:00",
      "quarter_label": "2024-09 (Q3)",
      "revenue": 386207000,
      "gross_profit": null,
      "operating_income": -58632000,
      "net_income": -52423000,
      "opex": 444839000,
      "cogs": null,
      "rd": 21187000,
      "sga": null,
      "fcf": -1348000,
      "ocf": 235000,
      "capex": -1583000,
      "gross_margin": null,
      "op_margin": -0.15181495933527875,
      "fcf_margin": -0.0034903562079403013,
      "incr_op_margin_yoy": 0.37768108836867265,
      "rev_growth_yoy": 0.20338074688020938,
      "rev_growth_yoy_accel": -0.046767141907422344,
      "fcf_margin_change": 0.07958101846754216
    },
    {
      "date": "2024-12-31T00:00:00",
      "quarter_label": "2024-12 (Q4)",
      "revenue": 443277000,
      "gross_profit": null,
      "operating_income": -38401000,
      "net_income": -38549000,
      "opex": 481678000,
      "cogs": null,
      "rd": 19433000,
      "sga": null,
      "fcf": 19008000,
      "ocf": 19836000,
      "capex": -828000,
      "gross_margin": null,
      "op_margin": -0.08662980483986311,
      "fcf_margin": 0.042880636712484516,
      "incr_op_margin_yoy": 1.0179477882523569,
      "rev_growth_yoy": 0.08068633115624566,
      "rev_growth_yoy_accel": -0.12269441572396372,
      "op_leverage_ratio": 1.7843611316611299,
      "fcf_margin_change": 0.04637099292042482
    },
    {
      "date": "2025-03-31T00:00:00",
      "quarter_label": "2025-03 (Q1)",
      "revenue": 416286000,
      "gross_profit": null,
      "operating_income": -25421000,
      "net_income": 188493000,
      "opex": 441707000,
      "cogs": null,
      "rd": 20145000,
      "sga": null,
      "fcf": 161054000,
      "ocf": 161402000,
      "capex": -348000,
      "gross_margin": null,
      "op_margin": -0.061066190071249096,
      "fcf_margin": 0.38688305636029074,
      "incr_op_margin_yoy": 2.7184159552335174,
      "rev_growth_yoy": 0.03464422500975526,
      "rev_growth_yoy_accel": -0.046042106146490396,
      "fcf_margin_change": 0.3440024196478062
    },
    {
      "date": "2025-06-30T00:00:00",
      "quarter_label": "2025-06 (Q2)",
      "revenue": 379968000,
      "gross_profit": null,
      "operating_income": -5999000,
      "net_income": -8030000,
      "opex": 385967000,
      "cogs": null,
      "rd": 19259000,
      "sga": null,
      "fcf": -34983000,
      "ocf": -34617000,
      "capex": -366000,
      "gross_margin": null,
      "op_margin": -0.015788171635506148,
      "fcf_margin": -0.0920682794340576,
      "incr_op_margin_yoy": -2.698554151132127,
      "rev_growth_yoy": -0.028127837530213702,
      "rev_growth_yoy_accel": -0.06277206253996896,
      "fcf_margin_change": -0.47895133579434834
    },
    {
      "date": "2025-09-30T00:00:00",
      "quarter_label": "2025-09 (Q3)",
      "revenue": 377195000,
      "gross_profit": null,
      "operating_income": -20150000,
      "net_income": -18866000,
      "opex": 397345000,
      "cogs": null,
      "rd": 19475000,
      "sga": null,
      "fcf": -6519000,
      "ocf": -6516000,
      "capex": -3000,
      "gross_margin": null,
      "op_margin": -0.05342064449422712,
      "fcf_margin": -0.01728283778947229,
      "incr_op_margin_yoy": -4.270084332001775,
      "rev_growth_yoy": -0.023334636606793767,
      "rev_growth_yoy_accel": 0.004793200923419935,
      "fcf_margin_change": 0.07478544164458531
    }
  ],
  "signals": [
    {
      "quarter": "2025-09 (Q3)",
      "signal": "FCF MARGIN EXPANSION",
      "detail": "FCF margin: -9.2% -> -1.7% (+7.5%)",
      "severity": "MEDIUM"
    },
    {
      "quarter": "2025-06 (Q2)",
      "signal": "YoY REVENUE GROWTH DECELERATION",
      "detail": "YoY growth: -2.8% vs prior quarter YoY: +3.5% (decel: -6.3%)",
      "severity": "WARNING"
    },
    {
      "quarter": "2025-03 (Q1)",
      "signal": "FCF MARGIN EXPANSION",
      "detail": "FCF margin: +4.3% -> +38.7% (+34.4%)",
      "severity": "MEDIUM"
    },
    {
      "quarter": "2024-12 (Q4)",
      "signal": "FCF TURNED POSITIVE",
      "detail": "FCF margin: -0.3% -> +4.3%",
      "severity": "HIGH"
    },
    {
      "quarter": "2024-12 (Q4)",
      "signal": "OPERATING LEVERAGE",
      "detail": "Rev growth +14.8% vs OpEx growth +8.3% (leverage: 1.8x)",
      "severity": "MEDIUM"
    },
    {
      "quarter": "2024-12 (Q4)",
      "signal": "YoY REVENUE GROWTH DECELERATION",
      "detail": "YoY growth: +8.1% vs prior quarter YoY: +20.3% (decel: -12.3%)",
      "severity": "WARNING"
    },
    {
      "quarter": "2024-09 (Q3)",
      "signal": "FCF MARGIN EXPANSION",
      "detail": "FCF margin: -8.3% -> -0.3% (+8.0%)",
      "severity": "MEDIUM"
    },
    {
      "quarter": "2024-06 (Q2)",
      "signal": "FCF MARGIN EXPANSION",
      "detail": "FCF margin: -16.7% -> -8.3% (+8.4%)",
      "severity": "MEDIUM"
    },
    {
      "quarter": "2023-12 (Q4)",
      "signal": "FCF MARGIN EXPANSION",
      "detail": "FCF margin: -8.2% -> -0.7% (+7.5%)",
      "severity": "MEDIUM"
    },
    {
      "quarter": "2023-12 (Q4)",
      "signal": "YoY REVENUE GROWTH DECELERATION",
      "detail": "YoY growth: +28.2% vs prior quarter YoY: +42.8% (decel: -14.6%)",
      "severity": "WARNING"
    },
    {
      "quarter": "2023-09 (Q3)",
      "signal": "FCF MARGIN EXPANSION",
      "detail": "FCF margin: -22.8% -> -8.2% (+14.6%)",
      "severity": "MEDIUM"
    },
    {
      "quarter": "2023-06 (Q2)",
      "signal": "YoY REVENUE GROWTH ACCELERATION",
      "detail": "YoY growth: +40.9% vs prior quarter YoY: +34.0% (accel: +6.9%)",
      "severity": "MEDIUM"
    },
    {
      "quarter": "2022-12 (Q4)",
      "signal": "FCF MARGIN EXPANSION",
      "detail": "FCF margin: -35.1% -> -6.6% (+28.5%)",
      "severity": "MEDIUM"
    },
    {
      "quarter": "2022-09 (Q3)",
      "signal": "FCF MARGIN EXPANSION",
      "detail": "FCF margin: -41.6% -> -35.1% (+6.5%)",
      "severity": "MEDIUM"
    },
    {
      "quarter": "2022-09 (Q3)",
      "signal": "YoY REVENUE GROWTH DECELERATION",
      "detail": "YoY growth: +43.5% vs prior quarter YoY: +69.5% (decel: -26.1%)",
      "severity": "WARNING"
    },
    {
      "quarter": "2022-06 (Q2)",
      "signal": "FCF MARGIN EXPANSION",
      "detail": "FCF margin: -51.9% -> -41.6% (+10.3%)",
      "severity": "MEDIUM"
    },
    {
      "quarter": "2022-06 (Q2)",
      "signal": "YoY REVENUE GROWTH DECELERATION",
      "detail": "YoY growth: +69.5% vs prior quarter YoY: +102.2% (decel: -32.6%)",
      "severity": "WARNING"
    },
    {
      "quarter": "2022-03 (Q1)",
      "signal": "YoY REVENUE GROWTH DECELERATION",
      "detail": "YoY growth: +102.2% vs prior quarter YoY: +119.9% (decel: -17.7%)",
      "severity": "WARNING"
    },
    {
      "quarter": "2021-12 (Q4)",
      "signal": "FCF MARGIN EXPANSION",
      "detail": "FCF margin: -36.6% -> -22.7% (+13.9%)",
      "severity": "MEDIUM"
    },
    {
      "quarter": "2021-12 (Q4)",
      "signal": "OPERATING LEVERAGE",
      "detail": "Rev growth +47.5% vs OpEx growth +31.2% (leverage: 1.5x)",
      "severity": "MEDIUM"
    },
    {
      "quarter": "2021-06 (Q2)",
      "signal": "FCF MARGIN EXPANSION",
      "detail": "FCF margin: -45.5% -> -26.8% (+18.7%)",
      "severity": "MEDIUM"
    },
    {
      "quarter": "2021-03 (Q1)",
      "signal": "FCF MARGIN EXPANSION",
      "detail": "FCF margin: -72.9% -> -45.5% (+27.4%)",
      "severity": "MEDIUM"
    }
  ],
  "data_quality": {
    "n_quarters": 20,
    "coverage": {
      "revenue": [
        20,
        20
      ],
      "gross_profit": [
        0,
        20
      ],
      "op_income": [
        20,
        20
      ],
      "fcf": [
        20,
        20
      ]
    },
    "gaps": [],
    "warnings": [
      "gross_profit: no data"
    ]
  },
  "market_cap": null,
  "source": "SEC EDGAR",
  "last_updated": "2026-02-02T22:08:11.953333"
}