{
  "ticker": "FULTP",
  "name": "Fulton Financial Corporation",
  "quarters": [
    {
      "date": "2020-12-31T00:00:00",
      "quarter_label": "2020-12 (Q4)",
      "revenue": 55574000,
      "gross_profit": null,
      "operating_income": null,
      "net_income": 50827000,
      "opex": null,
      "cogs": null,
      "rd": null,
      "sga": null,
      "fcf": 124993000,
      "ocf": 124993000,
      "capex": null,
      "gross_margin": null,
      "op_margin": null,
      "fcf_margin": 2.2491272897398065
    },
    {
      "date": "2021-03-31T00:00:00",
      "quarter_label": "2021-03 (Q1)",
      "revenue": 61922000,
      "gross_profit": null,
      "operating_income": null,
      "net_income": 73063000,
      "opex": null,
      "cogs": null,
      "rd": null,
      "sga": null,
      "fcf": 203412000,
      "ocf": 203412000,
      "capex": null,
      "gross_margin": null,
      "op_margin": null,
      "fcf_margin": 3.2849714156519494,
      "fcf_margin_change": 1.035844125912143
    },
    {
      "date": "2021-06-30T00:00:00",
      "quarter_label": "2021-06 (Q2)",
      "revenue": 51854000,
      "gross_profit": null,
      "operating_income": null,
      "net_income": 64964000,
      "opex": null,
      "cogs": null,
      "rd": null,
      "sga": null,
      "fcf": 30172000,
      "ocf": 30172000,
      "capex": null,
      "gross_margin": null,
      "op_margin": null,
      "fcf_margin": 0.5818644656149959,
      "fcf_margin_change": -2.7031069500369536
    },
    {
      "date": "2021-09-30T00:00:00",
      "quarter_label": "2021-09 (Q3)",
      "revenue": 62577000,
      "gross_profit": null,
      "operating_income": null,
      "net_income": 75583000,
      "opex": null,
      "cogs": null,
      "rd": null,
      "sga": null,
      "fcf": 88588000,
      "ocf": 88588000,
      "capex": null,
      "gross_margin": null,
      "op_margin": null,
      "fcf_margin": 1.4156639020726465,
      "fcf_margin_change": 0.8337994364576505
    },
    {
      "date": "2021-12-31T00:00:00",
      "quarter_label": "2021-12 (Q4)",
      "revenue": 63876000,
      "gross_profit": null,
      "operating_income": null,
      "net_income": 61886000,
      "opex": null,
      "cogs": null,
      "rd": null,
      "sga": null,
      "fcf": 16219000,
      "ocf": 16219000,
      "capex": null,
      "gross_margin": null,
      "op_margin": null,
      "fcf_margin": 0.25391383305153736,
      "rev_growth_yoy": 0.14938640371396697,
      "fcf_margin_change": -1.161750069021109
    },
    {
      "date": "2022-03-31T00:00:00",
      "quarter_label": "2022-03 (Q1)",
      "revenue": 55237000,
      "gross_profit": null,
      "operating_income": null,
      "net_income": 64288000,
      "opex": null,
      "cogs": null,
      "rd": null,
      "sga": null,
      "fcf": -107781000,
      "ocf": -107781000,
      "capex": null,
      "gross_margin": null,
      "op_margin": null,
      "fcf_margin": -1.951246447127831,
      "rev_growth_yoy": -0.10795839927650916,
      "rev_growth_yoy_accel": -0.25734480299047613,
      "fcf_margin_change": -2.2051602801793684
    },
    {
      "date": "2022-06-30T00:00:00",
      "quarter_label": "2022-06 (Q2)",
      "revenue": 58383000,
      "gross_profit": null,
      "operating_income": null,
      "net_income": 69989000,
      "opex": null,
      "cogs": null,
      "rd": null,
      "sga": null,
      "fcf": 92094000,
      "ocf": 92094000,
      "capex": null,
      "gross_margin": null,
      "op_margin": null,
      "fcf_margin": 1.577411232721854,
      "rev_growth_yoy": 0.12591121224977822,
      "rev_growth_yoy_accel": 0.23386961152628738,
      "fcf_margin_change": 3.528657679849685
    },
    {
      "date": "2022-09-30T00:00:00",
      "quarter_label": "2022-09 (Q3)",
      "revenue": 59215000,
      "gross_profit": null,
      "operating_income": null,
      "net_income": 70871000,
      "opex": null,
      "cogs": null,
      "rd": null,
      "sga": null,
      "fcf": 532053000,
      "ocf": 532053000,
      "capex": null,
      "gross_margin": null,
      "op_margin": null,
      "fcf_margin": 8.985105125390525,
      "rev_growth_yoy": -0.05372580980232354,
      "rev_growth_yoy_accel": -0.17963702205210175,
      "fcf_margin_change": 7.4076938926686715
    },
    {
      "date": "2022-12-31T00:00:00",
      "quarter_label": "2022-12 (Q4)",
      "revenue": 54322000,
      "gross_profit": null,
      "operating_income": null,
      "net_income": 81833000,
      "opex": null,
      "cogs": null,
      "rd": null,
      "sga": null,
      "fcf": 78425000,
      "ocf": 78425000,
      "capex": null,
      "gross_margin": null,
      "op_margin": null,
      "fcf_margin": 1.4437060491145393,
      "rev_growth_yoy": -0.1495710438975515,
      "rev_growth_yoy_accel": -0.09584523409522795,
      "fcf_margin_change": -7.541399076275987
    },
    {
      "date": "2023-03-31T00:00:00",
      "quarter_label": "2023-03 (Q1)",
      "revenue": 51730000,
      "gross_profit": null,
      "operating_income": null,
      "net_income": 68314000,
      "opex": null,
      "cogs": null,
      "rd": null,
      "sga": null,
      "fcf": 45963000,
      "ocf": 45963000,
      "capex": null,
      "gross_margin": null,
      "op_margin": null,
      "fcf_margin": 0.8885173013725112,
      "rev_growth_yoy": -0.06349005195792676,
      "rev_growth_yoy_accel": 0.08608099193962473,
      "fcf_margin_change": -0.5551887477420281
    },
    {
      "date": "2023-06-30T00:00:00",
      "quarter_label": "2023-06 (Q2)",
      "revenue": 60589000,
      "gross_profit": null,
      "operating_income": null,
      "net_income": 79607000,
      "opex": null,
      "cogs": null,
      "rd": null,
      "sga": null,
      "fcf": 170947000,
      "ocf": 170947000,
      "capex": null,
      "gross_margin": null,
      "op_margin": null,
      "fcf_margin": 2.8214197296538974,
      "rev_growth_yoy": 0.037784971652707125,
      "rev_growth_yoy_accel": 0.10127502361063388,
      "fcf_margin_change": 1.9329024282813863
    },
    {
      "date": "2023-09-30T00:00:00",
      "quarter_label": "2023-09 (Q3)",
      "revenue": 55961000,
      "gross_profit": null,
      "operating_income": null,
      "net_income": 72097000,
      "opex": null,
      "cogs": null,
      "rd": null,
      "sga": null,
      "fcf": 203478000,
      "ocf": 203478000,
      "capex": null,
      "gross_margin": null,
      "op_margin": null,
      "fcf_margin": 3.6360679759117955,
      "rev_growth_yoy": -0.05495229249345605,
      "rev_growth_yoy_accel": -0.09273726414616318,
      "fcf_margin_change": 0.8146482462578981
    },
    {
      "date": "2023-12-31T00:00:00",
      "quarter_label": "2023-12 (Q4)",
      "revenue": 60130000,
      "gross_profit": null,
      "operating_income": null,
      "net_income": 64263000,
      "opex": null,
      "cogs": null,
      "rd": null,
      "sga": null,
      "fcf": -57404000,
      "ocf": -57404000,
      "capex": null,
      "gross_margin": null,
      "op_margin": null,
      "fcf_margin": -0.9546648927324131,
      "rev_growth_yoy": 0.10691800743713413,
      "rev_growth_yoy_accel": 0.16187029993059018,
      "fcf_margin_change": -4.590732868644208
    },
    {
      "date": "2024-03-31T00:00:00",
      "quarter_label": "2024-03 (Q1)",
      "revenue": 57140000,
      "gross_profit": null,
      "operating_income": null,
      "net_income": 61941000,
      "opex": null,
      "cogs": null,
      "rd": null,
      "sga": null,
      "fcf": 152901000,
      "ocf": 152901000,
      "capex": null,
      "gross_margin": null,
      "op_margin": null,
      "fcf_margin": 2.675901295064753,
      "rev_growth_yoy": 0.10458148076551324,
      "rev_growth_yoy_accel": -0.0023365266716208893,
      "fcf_margin_change": 3.6305661877971662
    },
    {
      "date": "2024-06-30T00:00:00",
      "quarter_label": "2024-06 (Q2)",
      "revenue": 113276000,
      "gross_profit": null,
      "operating_income": null,
      "net_income": 94975000,
      "opex": null,
      "cogs": null,
      "rd": null,
      "sga": null,
      "fcf": 157757000,
      "ocf": 157757000,
      "capex": null,
      "gross_margin": null,
      "op_margin": null,
      "fcf_margin": 1.3926780606659839,
      "rev_growth_yoy": 0.8695802868507485,
      "rev_growth_yoy_accel": 0.7649988060852353,
      "fcf_margin_change": -1.2832232343987693
    },
    {
      "date": "2024-09-30T00:00:00",
      "quarter_label": "2024-09 (Q3)",
      "revenue": 59674000,
      "gross_profit": null,
      "operating_income": null,
      "net_income": 63206000,
      "opex": null,
      "cogs": null,
      "rd": null,
      "sga": null,
      "fcf": -21987000,
      "ocf": -21987000,
      "capex": null,
      "gross_margin": null,
      "op_margin": null,
      "fcf_margin": -0.3684519221101317,
      "rev_growth_yoy": 0.0663497793105913,
      "rev_growth_yoy_accel": -0.8032305075401572,
      "fcf_margin_change": -1.7611299827761155
    },
    {
      "date": "2024-12-31T00:00:00",
      "quarter_label": "2024-12 (Q4)",
      "revenue": 65925000,
      "gross_profit": null,
      "operating_income": null,
      "net_income": 68621000,
      "opex": null,
      "cogs": null,
      "rd": null,
      "sga": null,
      "fcf": 127894000,
      "ocf": 127894000,
      "capex": null,
      "gross_margin": null,
      "op_margin": null,
      "fcf_margin": 1.9399924156238149,
      "rev_growth_yoy": 0.09637452186928322,
      "rev_growth_yoy_accel": 0.03002474255869192,
      "fcf_margin_change": 2.3084443377339467
    },
    {
      "date": "2025-03-31T00:00:00",
      "quarter_label": "2025-03 (Q1)",
      "revenue": 67234000,
      "gross_profit": null,
      "operating_income": null,
      "net_income": 92987000,
      "opex": null,
      "cogs": null,
      "rd": null,
      "sga": null,
      "fcf": 703000,
      "ocf": 703000,
      "capex": null,
      "gross_margin": null,
      "op_margin": null,
      "fcf_margin": 0.010456019275961567,
      "rev_growth_yoy": 0.1766538326916346,
      "rev_growth_yoy_accel": 0.08027931082235137,
      "fcf_margin_change": -1.9295363963478533
    },
    {
      "date": "2025-06-30T00:00:00",
      "quarter_label": "2025-06 (Q2)",
      "revenue": 69148000,
      "gross_profit": null,
      "operating_income": null,
      "net_income": 99198000,
      "opex": null,
      "cogs": null,
      "rd": null,
      "sga": null,
      "fcf": 91749000,
      "ocf": 91749000,
      "capex": null,
      "gross_margin": null,
      "op_margin": null,
      "fcf_margin": 1.3268496558107248,
      "rev_growth_yoy": -0.38956177831138106,
      "rev_growth_yoy_accel": -0.5662156110030157,
      "fcf_margin_change": 1.3163936365347633
    },
    {
      "date": "2025-09-30T00:00:00",
      "quarter_label": "2025-09 (Q3)",
      "revenue": 70407000,
      "gross_profit": null,
      "operating_income": null,
      "net_income": 100454000,
      "opex": null,
      "cogs": null,
      "rd": null,
      "sga": null,
      "fcf": 116059000,
      "ocf": 116059000,
      "capex": null,
      "gross_margin": null,
      "op_margin": null,
      "fcf_margin": 1.648401437357081,
      "rev_growth_yoy": 0.17986057579515366,
      "rev_growth_yoy_accel": 0.5694223541065347,
      "fcf_margin_change": 0.3215517815463562
    }
  ],
  "signals": [
    {
      "quarter": "2025-09 (Q3)",
      "signal": "FCF MARGIN EXPANSION",
      "detail": "FCF margin: +132.7% -> +164.8% (+32.2%)",
      "severity": "MEDIUM"
    },
    {
      "quarter": "2025-09 (Q3)",
      "signal": "YoY REVENUE GROWTH ACCELERATION",
      "detail": "YoY growth: +18.0% vs prior quarter YoY: -39.0% (accel: +56.9%)",
      "severity": "HIGH"
    },
    {
      "quarter": "2025-06 (Q2)",
      "signal": "FCF MARGIN EXPANSION",
      "detail": "FCF margin: +1.0% -> +132.7% (+131.6%)",
      "severity": "MEDIUM"
    },
    {
      "quarter": "2025-06 (Q2)",
      "signal": "YoY REVENUE GROWTH DECELERATION",
      "detail": "YoY growth: -39.0% vs prior quarter YoY: +17.7% (decel: -56.6%)",
      "severity": "WARNING"
    },
    {
      "quarter": "2025-03 (Q1)",
      "signal": "YoY REVENUE GROWTH ACCELERATION",
      "detail": "YoY growth: +17.7% vs prior quarter YoY: +9.6% (accel: +8.0%)",
      "severity": "MEDIUM"
    },
    {
      "quarter": "2024-12 (Q4)",
      "signal": "FCF TURNED POSITIVE",
      "detail": "FCF margin: -36.8% -> +194.0%",
      "severity": "HIGH"
    },
    {
      "quarter": "2024-09 (Q3)",
      "signal": "YoY REVENUE GROWTH DECELERATION",
      "detail": "YoY growth: +6.6% vs prior quarter YoY: +87.0% (decel: -80.3%)",
      "severity": "WARNING"
    },
    {
      "quarter": "2024-06 (Q2)",
      "signal": "YoY REVENUE GROWTH ACCELERATION",
      "detail": "YoY growth: +87.0% vs prior quarter YoY: +10.5% (accel: +76.5%)",
      "severity": "HIGH"
    },
    {
      "quarter": "2024-03 (Q1)",
      "signal": "FCF TURNED POSITIVE",
      "detail": "FCF margin: -95.5% -> +267.6%",
      "severity": "HIGH"
    },
    {
      "quarter": "2023-12 (Q4)",
      "signal": "YoY REVENUE GROWTH ACCELERATION",
      "detail": "YoY growth: +10.7% vs prior quarter YoY: -5.5% (accel: +16.2%)",
      "severity": "HIGH"
    },
    {
      "quarter": "2023-09 (Q3)",
      "signal": "FCF MARGIN EXPANSION",
      "detail": "FCF margin: +282.1% -> +363.6% (+81.5%)",
      "severity": "MEDIUM"
    },
    {
      "quarter": "2023-09 (Q3)",
      "signal": "YoY REVENUE GROWTH DECELERATION",
      "detail": "YoY growth: -5.5% vs prior quarter YoY: +3.8% (decel: -9.3%)",
      "severity": "WARNING"
    },
    {
      "quarter": "2023-06 (Q2)",
      "signal": "FCF MARGIN EXPANSION",
      "detail": "FCF margin: +88.9% -> +282.1% (+193.3%)",
      "severity": "MEDIUM"
    },
    {
      "quarter": "2023-06 (Q2)",
      "signal": "YoY REVENUE GROWTH ACCELERATION",
      "detail": "YoY growth: +3.8% vs prior quarter YoY: -6.3% (accel: +10.1%)",
      "severity": "MEDIUM"
    },
    {
      "quarter": "2023-03 (Q1)",
      "signal": "YoY REVENUE GROWTH ACCELERATION",
      "detail": "YoY growth: -6.3% vs prior quarter YoY: -15.0% (accel: +8.6%)",
      "severity": "MEDIUM"
    },
    {
      "quarter": "2022-12 (Q4)",
      "signal": "YoY REVENUE GROWTH DECELERATION",
      "detail": "YoY growth: -15.0% vs prior quarter YoY: -5.4% (decel: -9.6%)",
      "severity": "WARNING"
    },
    {
      "quarter": "2022-09 (Q3)",
      "signal": "FCF MARGIN EXPANSION",
      "detail": "FCF margin: +157.7% -> +898.5% (+740.8%)",
      "severity": "MEDIUM"
    },
    {
      "quarter": "2022-09 (Q3)",
      "signal": "YoY REVENUE GROWTH DECELERATION",
      "detail": "YoY growth: -5.4% vs prior quarter YoY: +12.6% (decel: -18.0%)",
      "severity": "WARNING"
    },
    {
      "quarter": "2022-06 (Q2)",
      "signal": "FCF TURNED POSITIVE",
      "detail": "FCF margin: -195.1% -> +157.7%",
      "severity": "HIGH"
    },
    {
      "quarter": "2022-06 (Q2)",
      "signal": "YoY REVENUE GROWTH ACCELERATION",
      "detail": "YoY growth: +12.6% vs prior quarter YoY: -10.8% (accel: +23.4%)",
      "severity": "HIGH"
    },
    {
      "quarter": "2022-03 (Q1)",
      "signal": "YoY REVENUE GROWTH DECELERATION",
      "detail": "YoY growth: -10.8% vs prior quarter YoY: +14.9% (decel: -25.7%)",
      "severity": "WARNING"
    },
    {
      "quarter": "2021-09 (Q3)",
      "signal": "FCF MARGIN EXPANSION",
      "detail": "FCF margin: +58.2% -> +141.6% (+83.4%)",
      "severity": "MEDIUM"
    },
    {
      "quarter": "2021-03 (Q1)",
      "signal": "FCF MARGIN EXPANSION",
      "detail": "FCF margin: +224.9% -> +328.5% (+103.6%)",
      "severity": "MEDIUM"
    }
  ],
  "data_quality": {
    "n_quarters": 20,
    "coverage": {
      "revenue": [
        20,
        20
      ],
      "gross_profit": [
        0,
        20
      ],
      "op_income": [
        0,
        20
      ],
      "fcf": [
        20,
        20
      ]
    },
    "gaps": [],
    "warnings": [
      "gross_profit: no data",
      "op_income: no data"
    ]
  },
  "market_cap": null,
  "source": "SEC EDGAR",
  "last_updated": "2026-02-03T01:08:03.785573",
  "sector": "Financial Services",
  "industry": "Banks - Regional"
}