{
  "ticker": "FUN",
  "name": "Six Flags Entertainment Corporation/NEW",
  "quarters": [
    {
      "date": "2023-06-25T00:00:00",
      "quarter_label": "2023-06 (Q2)",
      "revenue": 500982000,
      "gross_profit": 452350000,
      "operating_income": 93673000,
      "net_income": 53564000,
      "opex": 407309000,
      "cogs": 48632000,
      "rd": null,
      "sga": 67048000,
      "fcf": null,
      "ocf": null,
      "capex": null,
      "gross_margin": 0.9029266520553633,
      "op_margin": 0.18697877368847585,
      "fcf_margin": null
    },
    {
      "date": "2023-07-02T00:00:00",
      "quarter_label": "2023-07 (Q3)",
      "revenue": 443707000,
      "gross_profit": 408920000,
      "operating_income": 113343000,
      "net_income": 20554000,
      "opex": 295577000,
      "cogs": 34787000,
      "rd": null,
      "sga": 90448000,
      "fcf": null,
      "ocf": null,
      "capex": null,
      "gross_margin": 0.9215991634118912,
      "op_margin": 0.2554455981086618,
      "fcf_margin": null
    },
    {
      "date": "2023-09-24T00:00:00",
      "quarter_label": "2023-09 (Q3)",
      "revenue": 842009000,
      "gross_profit": 771937000,
      "operating_income": 306625000,
      "net_income": 215494000,
      "opex": 535384000,
      "cogs": 70072000,
      "rd": null,
      "sga": 64799000,
      "fcf": 316883000,
      "ocf": 316883000,
      "capex": null,
      "gross_margin": 0.9167799869122539,
      "op_margin": 0.36415881540458594,
      "fcf_margin": 0.3763415830472121,
      "op_leverage_ratio": 1.1064326619631906
    },
    {
      "date": "2023-12-31T00:00:00",
      "quarter_label": "2023-12 (Q4)",
      "revenue": 371123000,
      "gross_profit": 340378000,
      "operating_income": 28815000,
      "net_income": -9953000,
      "opex": 342308000,
      "cogs": 30745000,
      "rd": null,
      "sga": 65680000,
      "fcf": -4343000,
      "ocf": -4343000,
      "capex": null,
      "gross_margin": 0.9171568455741088,
      "op_margin": 0.07764272222416826,
      "fcf_margin": -0.011702319716104904,
      "fcf_margin_change": -0.388043902763317
    },
    {
      "date": "2024-03-31T00:00:00",
      "quarter_label": "2024-03 (Q1)",
      "revenue": 101615000,
      "gross_profit": 90004000,
      "operating_income": -126284000,
      "net_income": -133467000,
      "opex": 227899000,
      "cogs": 11611000,
      "rd": null,
      "sga": 46666000,
      "fcf": -110610000,
      "ocf": -110610000,
      "capex": null,
      "gross_margin": 0.8857353737145106,
      "op_margin": -1.242769276189539,
      "fcf_margin": -1.0885203956108842,
      "fcf_margin_change": -1.0768180758947794
    },
    {
      "date": "2024-06-30T00:00:00",
      "quarter_label": "2024-06 (Q2)",
      "revenue": 571616000,
      "gross_profit": 518358000,
      "operating_income": 123199000,
      "net_income": 55553000,
      "opex": 448417000,
      "cogs": 53258000,
      "rd": null,
      "sga": 92958000,
      "fcf": 179237000,
      "ocf": 179237000,
      "capex": null,
      "gross_margin": 0.9068290600682976,
      "op_margin": 0.2155275569613167,
      "fcf_margin": 0.31356190169624365,
      "incr_op_margin_yoy": 0.07705478113346208,
      "rev_growth_yoy": 0.2882735679175672,
      "op_leverage_ratio": 4.780125897107536,
      "fcf_margin_change": 1.4020822973071279
    },
    {
      "date": "2024-09-29T00:00:00",
      "quarter_label": "2024-09 (Q3)",
      "revenue": 1348385000,
      "gross_profit": 1238495000,
      "operating_income": 262510000,
      "net_income": 110966000,
      "opex": 1085875000,
      "cogs": 109890000,
      "rd": null,
      "sga": 209260000,
      "fcf": 337356000,
      "ocf": 337356000,
      "capex": null,
      "gross_margin": 0.9185025048483927,
      "op_margin": 0.19468475250021322,
      "fcf_margin": 0.2501926378593651,
      "incr_op_margin_yoy": -0.08711905777525002,
      "rev_growth_yoy": 0.6013902464225441,
      "rev_growth_yoy_accel": 0.31311667850497693,
      "op_leverage_ratio": 0.9559121935981899,
      "fcf_margin_change": -0.06336926383687858
    },
    {
      "date": "2024-12-31T00:00:00",
      "quarter_label": "2024-12 (Q4)",
      "revenue": 687310000,
      "gross_profit": 629513000,
      "operating_income": 51081000,
      "net_income": -264216000,
      "opex": 636229000,
      "cogs": 57797000,
      "rd": null,
      "sga": 88646000,
      "fcf": -32571000,
      "ocf": -32571000,
      "capex": null,
      "gross_margin": 0.915908396502306,
      "op_margin": 0.07432017575766393,
      "fcf_margin": -0.047389096623066736,
      "incr_op_margin_yoy": 0.07042035251291166,
      "rev_growth_yoy": 0.8519736044384207,
      "rev_growth_yoy_accel": 0.2505833580158766,
      "fcf_margin_change": -0.2975817344824318
    },
    {
      "date": "2025-03-30T00:00:00",
      "quarter_label": "2025-03 (Q1)",
      "revenue": 202057000,
      "gross_profit": 180456000,
      "operating_income": -321027000,
      "net_income": -219718000,
      "opex": 523084000,
      "cogs": 21601000,
      "rd": null,
      "sga": 90785000,
      "fcf": -178036000,
      "ocf": -178036000,
      "capex": null,
      "gross_margin": 0.893094522832666,
      "op_margin": -1.588794251127157,
      "fcf_margin": -0.8811177044101417,
      "incr_op_margin_yoy": -1.9388602377491488,
      "rev_growth_yoy": 0.9884564286768686,
      "rev_growth_yoy_accel": 0.13648282423844782,
      "fcf_margin_change": -0.8337286077870749
    },
    {
      "date": "2025-06-29T00:00:00",
      "quarter_label": "2025-06 (Q2)",
      "revenue": 930390000,
      "gross_profit": 849568000,
      "operating_income": 74479000,
      "net_income": -99648000,
      "opex": 855911000,
      "cogs": 80822000,
      "rd": null,
      "sga": 129822000,
      "fcf": 186980000,
      "ocf": 186980000,
      "capex": null,
      "gross_margin": 0.9131310525693527,
      "op_margin": 0.08005137630456045,
      "fcf_margin": 0.20096948591450897,
      "incr_op_margin_yoy": -0.13579579345214537,
      "rev_growth_yoy": 0.6276486312489503,
      "rev_growth_yoy_accel": -0.36080779742791824,
      "op_leverage_ratio": 5.665118164410328,
      "fcf_margin_change": 1.0820871903246507
    },
    {
      "date": "2025-09-28T00:00:00",
      "quarter_label": "2025-09 (Q3)",
      "revenue": 1317753000,
      "gross_profit": 1206558000,
      "operating_income": -1103565000,
      "net_income": -1187348000,
      "opex": 2421318000,
      "cogs": 111195000,
      "rd": null,
      "sga": 111834000,
      "fcf": 356196000,
      "ocf": 356196000,
      "capex": null,
      "gross_margin": 0.915617721985835,
      "op_margin": -0.8374596756751834,
      "fcf_margin": 0.2703055883765774,
      "incr_op_margin_yoy": 44.59633716375033,
      "rev_growth_yoy": -0.022717547288052004,
      "rev_growth_yoy_accel": -0.6503661785370023,
      "op_leverage_ratio": 0.22764307219818014,
      "fcf_margin_change": 0.06933610246206845
    }
  ],
  "signals": [
    {
      "quarter": "2025-09 (Q3)",
      "signal": "FCF MARGIN EXPANSION",
      "detail": "FCF margin: +20.1% -> +27.0% (+6.9%)",
      "severity": "MEDIUM"
    },
    {
      "quarter": "2025-09 (Q3)",
      "signal": "YoY REVENUE GROWTH DECELERATION",
      "detail": "YoY growth: -2.3% vs prior quarter YoY: +62.8% (decel: -65.0%)",
      "severity": "WARNING"
    },
    {
      "quarter": "2025-06 (Q2)",
      "signal": "FCF TURNED POSITIVE",
      "detail": "FCF margin: -88.1% -> +20.1%",
      "severity": "HIGH"
    },
    {
      "quarter": "2025-06 (Q2)",
      "signal": "OPERATING LEVERAGE",
      "detail": "Rev growth +360.5% vs OpEx growth +63.6% (leverage: 5.7x)",
      "severity": "MEDIUM"
    },
    {
      "quarter": "2025-06 (Q2)",
      "signal": "GROSS MARGIN INFLECTION",
      "detail": "GM: +91.6% -> +89.3% -> +91.3% (reversal +2.0%)",
      "severity": "MEDIUM"
    },
    {
      "quarter": "2025-06 (Q2)",
      "signal": "YoY REVENUE GROWTH DECELERATION",
      "detail": "YoY growth: +62.8% vs prior quarter YoY: +98.8% (decel: -36.1%)",
      "severity": "WARNING"
    },
    {
      "quarter": "2025-06 (Q2)",
      "signal": "OP MARGIN TURNED POSITIVE (QoQ)",
      "detail": "Op margin: -158.9% -> +8.0%",
      "severity": "HIGH"
    },
    {
      "quarter": "2025-03 (Q1)",
      "signal": "YoY REVENUE GROWTH ACCELERATION",
      "detail": "YoY growth: +98.8% vs prior quarter YoY: +85.2% (accel: +13.6%)",
      "severity": "MEDIUM"
    },
    {
      "quarter": "2024-12 (Q4)",
      "signal": "YoY REVENUE GROWTH ACCELERATION",
      "detail": "YoY growth: +85.2% vs prior quarter YoY: +60.1% (accel: +25.1%)",
      "severity": "HIGH"
    },
    {
      "quarter": "2024-09 (Q3)",
      "signal": "YoY REVENUE GROWTH ACCELERATION",
      "detail": "YoY growth: +60.1% vs prior quarter YoY: +28.8% (accel: +31.3%)",
      "severity": "HIGH"
    },
    {
      "quarter": "2024-06 (Q2)",
      "signal": "FCF TURNED POSITIVE",
      "detail": "FCF margin: -108.9% -> +31.4%",
      "severity": "HIGH"
    },
    {
      "quarter": "2024-06 (Q2)",
      "signal": "OPERATING LEVERAGE",
      "detail": "Rev growth +462.5% vs OpEx growth +96.8% (leverage: 4.8x)",
      "severity": "MEDIUM"
    },
    {
      "quarter": "2024-06 (Q2)",
      "signal": "GROSS MARGIN INFLECTION",
      "detail": "GM: +91.7% -> +88.6% -> +90.7% (reversal +2.1%)",
      "severity": "MEDIUM"
    },
    {
      "quarter": "2024-06 (Q2)",
      "signal": "OP MARGIN TURNED POSITIVE (QoQ)",
      "detail": "Op margin: -124.3% -> +21.6%",
      "severity": "HIGH"
    }
  ],
  "data_quality": {
    "n_quarters": 11,
    "coverage": {
      "revenue": [
        11,
        11
      ],
      "gross_profit": [
        11,
        11
      ],
      "op_income": [
        11,
        11
      ],
      "fcf": [
        9,
        11
      ]
    },
    "gaps": [],
    "warnings": []
  },
  "market_cap": null,
  "source": "SEC EDGAR",
  "last_updated": "2026-02-02T21:41:29.296589",
  "sector": "Consumer Cyclical",
  "industry": "Leisure"
}