{
  "ticker": "FWONK",
  "name": "LIBERTY MEDIA CORPORATION",
  "quarters": [
    {
      "date": "2020-12-31T00:00:00",
      "quarter_label": "2020-12 (Q4)",
      "revenue": 2709000000,
      "gross_profit": null,
      "operating_income": -603000000,
      "net_income": -905000000,
      "opex": 3312000000,
      "cogs": null,
      "rd": null,
      "sga": 529000000,
      "fcf": 674000000,
      "ocf": 674000000,
      "capex": null,
      "gross_margin": null,
      "op_margin": -0.22259136212624583,
      "fcf_margin": 0.24880029531192321
    },
    {
      "date": "2021-03-31T00:00:00",
      "quarter_label": "2021-03 (Q1)",
      "revenue": 2254000000,
      "gross_profit": null,
      "operating_income": 142000000,
      "net_income": -116000000,
      "opex": 2112000000,
      "cogs": null,
      "rd": null,
      "sga": 410000000,
      "fcf": 497000000,
      "ocf": 497000000,
      "capex": null,
      "gross_margin": null,
      "op_margin": 0.06299911268855368,
      "fcf_margin": 0.2204968944099379,
      "fcf_margin_change": -0.028303400901985326
    },
    {
      "date": "2021-06-30T00:00:00",
      "quarter_label": "2021-06 (Q2)",
      "revenue": 2876000000,
      "gross_profit": null,
      "operating_income": 622000000,
      "net_income": 417000000,
      "opex": 2254000000,
      "cogs": null,
      "rd": null,
      "sga": 445000000,
      "fcf": 738000000,
      "ocf": 738000000,
      "capex": null,
      "gross_margin": null,
      "op_margin": 0.21627260083449235,
      "fcf_margin": 0.2566063977746871,
      "op_leverage_ratio": 4.104327830336054,
      "fcf_margin_change": 0.03610950336474919
    },
    {
      "date": "2021-09-30T00:00:00",
      "quarter_label": "2021-09 (Q3)",
      "revenue": 3100000000,
      "gross_profit": null,
      "operating_income": 702000000,
      "net_income": 328000000,
      "opex": 2398000000,
      "cogs": null,
      "rd": null,
      "sga": 481000000,
      "fcf": 438000000,
      "ocf": 438000000,
      "capex": null,
      "gross_margin": null,
      "op_margin": 0.2264516129032258,
      "fcf_margin": 0.14129032258064517,
      "op_leverage_ratio": 1.219131509813012,
      "fcf_margin_change": -0.11531607519404191
    },
    {
      "date": "2021-12-31T00:00:00",
      "quarter_label": "2021-12 (Q4)",
      "revenue": 3170000000,
      "gross_profit": null,
      "operating_income": 511000000,
      "net_income": -231000000,
      "opex": 2659000000,
      "cogs": null,
      "rd": null,
      "sga": 571000000,
      "fcf": 764000000,
      "ocf": 764000000,
      "capex": null,
      "gross_margin": null,
      "op_margin": 0.161198738170347,
      "fcf_margin": 0.24100946372239748,
      "incr_op_margin_yoy": 2.41648590021692,
      "rev_growth_yoy": 0.1701734957548911,
      "op_leverage_ratio": 0.20746508466197008,
      "fcf_margin_change": 0.09971914114175232
    },
    {
      "date": "2022-03-31T00:00:00",
      "quarter_label": "2022-03 (Q1)",
      "revenue": 2569000000,
      "gross_profit": null,
      "operating_income": 463000000,
      "net_income": 240000000,
      "opex": 2106000000,
      "cogs": null,
      "rd": null,
      "sga": 482000000,
      "fcf": 551000000,
      "ocf": 551000000,
      "capex": null,
      "gross_margin": null,
      "op_margin": 0.1802257687816271,
      "fcf_margin": 0.21448034254573764,
      "incr_op_margin_yoy": 1.019047619047619,
      "rev_growth_yoy": 0.13975155279503104,
      "rev_growth_yoy_accel": -0.03042194295986006,
      "fcf_margin_change": -0.026529121176659842
    },
    {
      "date": "2022-06-30T00:00:00",
      "quarter_label": "2022-06 (Q2)",
      "revenue": 3258000000,
      "gross_profit": null,
      "operating_income": 556000000,
      "net_income": 622000000,
      "opex": 2702000000,
      "cogs": null,
      "rd": null,
      "sga": 520000000,
      "fcf": 670000000,
      "ocf": 670000000,
      "capex": null,
      "gross_margin": null,
      "op_margin": 0.17065684468999387,
      "fcf_margin": 0.2056476365868631,
      "incr_op_margin_yoy": -0.17277486910994763,
      "rev_growth_yoy": 0.13282336578581364,
      "rev_growth_yoy_accel": -0.006928187009217407,
      "op_leverage_ratio": 0.9476920223313069,
      "fcf_margin_change": -0.008832705958874532
    },
    {
      "date": "2022-09-30T00:00:00",
      "quarter_label": "2022-09 (Q3)",
      "revenue": 3247000000,
      "gross_profit": null,
      "operating_income": 506000000,
      "net_income": 391000000,
      "opex": 2741000000,
      "cogs": null,
      "rd": null,
      "sga": 525000000,
      "fcf": 519000000,
      "ocf": 519000000,
      "capex": null,
      "gross_margin": null,
      "op_margin": 0.15583615645210963,
      "fcf_margin": 0.15983985217123498,
      "incr_op_margin_yoy": -1.3333333333333333,
      "rev_growth_yoy": 0.047419354838709675,
      "rev_growth_yoy_accel": -0.08540401094710395,
      "fcf_margin_change": -0.04580778441562813
    },
    {
      "date": "2022-12-31T00:00:00",
      "quarter_label": "2022-12 (Q4)",
      "revenue": 3090000000,
      "gross_profit": null,
      "operating_income": 539000000,
      "net_income": 562000000,
      "opex": 2551000000,
      "cogs": null,
      "rd": null,
      "sga": 504000000,
      "fcf": 806000000,
      "ocf": 806000000,
      "capex": null,
      "gross_margin": null,
      "op_margin": 0.1744336569579288,
      "fcf_margin": 0.2608414239482201,
      "incr_op_margin_yoy": -0.35,
      "rev_growth_yoy": -0.025236593059936908,
      "rev_growth_yoy_accel": -0.07265594789864659,
      "fcf_margin_change": 0.1010015717769851
    },
    {
      "date": "2023-03-31T00:00:00",
      "quarter_label": "2023-03 (Q1)",
      "revenue": 2556000000,
      "gross_profit": null,
      "operating_income": 340000000,
      "net_income": 15000000,
      "opex": 2216000000,
      "cogs": null,
      "rd": null,
      "sga": 486000000,
      "fcf": 661000000,
      "ocf": 661000000,
      "capex": null,
      "gross_margin": null,
      "op_margin": 0.13302034428794993,
      "fcf_margin": 0.25860719874804383,
      "incr_op_margin_yoy": 9.461538461538462,
      "rev_growth_yoy": -0.00506033476060724,
      "rev_growth_yoy_accel": 0.020176258299329668,
      "fcf_margin_change": -0.002234225200176243
    },
    {
      "date": "2023-06-30T00:00:00",
      "quarter_label": "2023-06 (Q2)",
      "revenue": 3244000000,
      "gross_profit": null,
      "operating_income": 523000000,
      "net_income": 253000000,
      "opex": 2721000000,
      "cogs": null,
      "rd": null,
      "sga": 490000000,
      "fcf": 537000000,
      "ocf": 537000000,
      "capex": null,
      "gross_margin": null,
      "op_margin": 0.16122071516646116,
      "fcf_margin": 0.1655363748458693,
      "incr_op_margin_yoy": 2.357142857142857,
      "rev_growth_yoy": -0.004297114794352364,
      "rev_growth_yoy_accel": 0.0007632199662548763,
      "op_leverage_ratio": 1.1811524814453276,
      "fcf_margin_change": -0.09307082390217453
    },
    {
      "date": "2023-09-30T00:00:00",
      "quarter_label": "2023-09 (Q3)",
      "revenue": 3207000000,
      "gross_profit": null,
      "operating_income": 629000000,
      "net_income": 385000000,
      "opex": 2578000000,
      "cogs": null,
      "rd": null,
      "sga": 469000000,
      "fcf": 683000000,
      "ocf": 683000000,
      "capex": null,
      "gross_margin": null,
      "op_margin": 0.19613345806049268,
      "fcf_margin": 0.21297162457125038,
      "incr_op_margin_yoy": -3.075,
      "rev_growth_yoy": -0.012319063751154912,
      "rev_growth_yoy_accel": -0.008021948956802548,
      "fcf_margin_change": 0.04743524972538107
    },
    {
      "date": "2023-12-31T00:00:00",
      "quarter_label": "2023-12 (Q4)",
      "revenue": 1230000000,
      "gross_profit": null,
      "operating_income": 116000000,
      "net_income": 108000000,
      "opex": 2947000000,
      "cogs": null,
      "rd": null,
      "sga": 485000000,
      "fcf": 583000000,
      "ocf": 583000000,
      "capex": null,
      "gross_margin": null,
      "op_margin": 0.0943089430894309,
      "fcf_margin": 0.4739837398373984,
      "incr_op_margin_yoy": 0.22741935483870968,
      "rev_growth_yoy": -0.6019417475728155,
      "rev_growth_yoy_accel": -0.5896226838216606,
      "fcf_margin_change": 0.261012115266148
    },
    {
      "date": "2024-03-31T00:00:00",
      "quarter_label": "2024-03 (Q1)",
      "revenue": 2749000000,
      "gross_profit": null,
      "operating_income": 502000000,
      "net_income": 203000000,
      "opex": 2247000000,
      "cogs": null,
      "rd": null,
      "sga": 465000000,
      "fcf": 395000000,
      "ocf": 395000000,
      "capex": null,
      "gross_margin": null,
      "op_margin": 0.18261185885776646,
      "fcf_margin": 0.14368861404146963,
      "incr_op_margin_yoy": 0.8393782383419689,
      "rev_growth_yoy": 0.07550860719874804,
      "rev_growth_yoy_accel": 0.6774503547715636,
      "op_leverage_ratio": Infinity,
      "fcf_margin_change": -0.3302951257959288
    },
    {
      "date": "2024-06-30T00:00:00",
      "quarter_label": "2024-06 (Q2)",
      "revenue": 3166000000,
      "gross_profit": null,
      "operating_income": 528000000,
      "net_income": 457000000,
      "opex": 2638000000,
      "cogs": null,
      "rd": null,
      "sga": 454000000,
      "fcf": 752000000,
      "ocf": 752000000,
      "capex": null,
      "gross_margin": null,
      "op_margin": 0.16677195198989261,
      "fcf_margin": 0.23752368919772585,
      "incr_op_margin_yoy": -0.0641025641025641,
      "rev_growth_yoy": -0.02404438964241677,
      "rev_growth_yoy_accel": -0.09955299684116481,
      "op_leverage_ratio": 0.8717413167680599,
      "fcf_margin_change": 0.09383507515625622
    },
    {
      "date": "2024-09-30T00:00:00",
      "quarter_label": "2024-09 (Q3)",
      "revenue": 911000000,
      "gross_profit": null,
      "operating_income": 107000000,
      "net_income": -2368000000,
      "opex": 804000000,
      "cogs": null,
      "rd": null,
      "sga": 116000000,
      "fcf": null,
      "ocf": null,
      "capex": null,
      "gross_margin": null,
      "op_margin": 0.11745334796926454,
      "fcf_margin": null,
      "incr_op_margin_yoy": 0.2273519163763066,
      "rev_growth_yoy": -0.7159338946055503,
      "rev_growth_yoy_accel": -0.6918895049631336
    },
    {
      "date": "2024-12-31T00:00:00",
      "quarter_label": "2024-12 (Q4)",
      "revenue": 1167000000,
      "gross_profit": null,
      "operating_income": 19000000,
      "net_income": -355000000,
      "opex": 1148000000,
      "cogs": null,
      "rd": null,
      "sga": 117000000,
      "fcf": null,
      "ocf": null,
      "capex": null,
      "gross_margin": null,
      "op_margin": 0.016281062553556127,
      "fcf_margin": null,
      "incr_op_margin_yoy": 1.5396825396825398,
      "rev_growth_yoy": -0.05121951219512195,
      "rev_growth_yoy_accel": 0.6647143824104284,
      "op_leverage_ratio": 0.6567789038368265
    },
    {
      "date": "2025-03-31T00:00:00",
      "quarter_label": "2025-03 (Q1)",
      "revenue": 447000000,
      "gross_profit": null,
      "operating_income": -71000000,
      "net_income": 5000000,
      "opex": 518000000,
      "cogs": null,
      "rd": null,
      "sga": 104000000,
      "fcf": null,
      "ocf": null,
      "capex": null,
      "gross_margin": null,
      "op_margin": -0.15883668903803133,
      "fcf_margin": null,
      "incr_op_margin_yoy": 0.24891398783666377,
      "rev_growth_yoy": -0.8373954165150964,
      "rev_growth_yoy_accel": -0.7861759043199744
    },
    {
      "date": "2025-06-30T00:00:00",
      "quarter_label": "2025-06 (Q2)",
      "revenue": 1341000000,
      "gross_profit": null,
      "operating_income": 273000000,
      "net_income": 204000000,
      "opex": 1068000000,
      "cogs": null,
      "rd": null,
      "sga": 118000000,
      "fcf": null,
      "ocf": null,
      "capex": null,
      "gross_margin": null,
      "op_margin": 0.203579418344519,
      "fcf_margin": null,
      "incr_op_margin_yoy": 0.13972602739726028,
      "rev_growth_yoy": -0.5764371446620341,
      "rev_growth_yoy_accel": 0.2609582718530623,
      "op_leverage_ratio": 1.8836363636363636
    },
    {
      "date": "2025-09-30T00:00:00",
      "quarter_label": "2025-09 (Q3)",
      "revenue": 1085000000,
      "gross_profit": null,
      "operating_income": 149000000,
      "net_income": 13000000,
      "opex": 936000000,
      "cogs": null,
      "rd": null,
      "sga": 140000000,
      "fcf": null,
      "ocf": null,
      "capex": null,
      "gross_margin": null,
      "op_margin": 0.13732718894009216,
      "fcf_margin": null,
      "incr_op_margin_yoy": 0.2413793103448276,
      "rev_growth_yoy": 0.19099890230515917,
      "rev_growth_yoy_accel": 0.7674360469671933
    }
  ],
  "signals": [
    {
      "quarter": "2025-09 (Q3)",
      "signal": "YoY REVENUE GROWTH ACCELERATION",
      "detail": "YoY growth: +19.1% vs prior quarter YoY: -57.6% (accel: +76.7%)",
      "severity": "HIGH"
    },
    {
      "quarter": "2025-09 (Q3)",
      "signal": "INCREMENTAL MARGIN (YoY)",
      "detail": "YoY Incr OPM: +24.1% vs year-ago OPM: +11.7%",
      "severity": "MEDIUM"
    },
    {
      "quarter": "2025-06 (Q2)",
      "signal": "OPERATING LEVERAGE",
      "detail": "Rev growth +200.0% vs OpEx growth +106.2% (leverage: 1.9x)",
      "severity": "MEDIUM"
    },
    {
      "quarter": "2025-06 (Q2)",
      "signal": "YoY REVENUE GROWTH ACCELERATION",
      "detail": "YoY growth: -57.6% vs prior quarter YoY: -83.7% (accel: +26.1%)",
      "severity": "HIGH"
    },
    {
      "quarter": "2025-06 (Q2)",
      "signal": "OP MARGIN TURNED POSITIVE (QoQ)",
      "detail": "Op margin: -15.9% -> +20.4%",
      "severity": "HIGH"
    },
    {
      "quarter": "2025-03 (Q1)",
      "signal": "YoY REVENUE GROWTH DECELERATION",
      "detail": "YoY growth: -83.7% vs prior quarter YoY: -5.1% (decel: -78.6%)",
      "severity": "WARNING"
    },
    {
      "quarter": "2024-12 (Q4)",
      "signal": "YoY REVENUE GROWTH ACCELERATION",
      "detail": "YoY growth: -5.1% vs prior quarter YoY: -71.6% (accel: +66.5%)",
      "severity": "HIGH"
    },
    {
      "quarter": "2024-12 (Q4)",
      "signal": "INCREMENTAL MARGIN (YoY)",
      "detail": "YoY Incr OPM: +154.0% vs year-ago OPM: +9.4%",
      "severity": "HIGH"
    },
    {
      "quarter": "2024-09 (Q3)",
      "signal": "YoY REVENUE GROWTH DECELERATION",
      "detail": "YoY growth: -71.6% vs prior quarter YoY: -2.4% (decel: -69.2%)",
      "severity": "WARNING"
    },
    {
      "quarter": "2024-06 (Q2)",
      "signal": "FCF MARGIN EXPANSION",
      "detail": "FCF margin: +14.4% -> +23.8% (+9.4%)",
      "severity": "MEDIUM"
    },
    {
      "quarter": "2024-06 (Q2)",
      "signal": "YoY REVENUE GROWTH DECELERATION",
      "detail": "YoY growth: -2.4% vs prior quarter YoY: +7.6% (decel: -10.0%)",
      "severity": "WARNING"
    },
    {
      "quarter": "2024-03 (Q1)",
      "signal": "YoY REVENUE GROWTH ACCELERATION",
      "detail": "YoY growth: +7.6% vs prior quarter YoY: -60.2% (accel: +67.7%)",
      "severity": "HIGH"
    },
    {
      "quarter": "2024-03 (Q1)",
      "signal": "INCREMENTAL MARGIN (YoY)",
      "detail": "YoY Incr OPM: +83.9% vs year-ago OPM: +13.3%",
      "severity": "HIGH"
    },
    {
      "quarter": "2023-12 (Q4)",
      "signal": "FCF MARGIN EXPANSION",
      "detail": "FCF margin: +21.3% -> +47.4% (+26.1%)",
      "severity": "MEDIUM"
    },
    {
      "quarter": "2023-12 (Q4)",
      "signal": "YoY REVENUE GROWTH DECELERATION",
      "detail": "YoY growth: -60.2% vs prior quarter YoY: -1.2% (decel: -59.0%)",
      "severity": "WARNING"
    },
    {
      "quarter": "2023-06 (Q2)",
      "signal": "INCREMENTAL MARGIN (YoY)",
      "detail": "YoY Incr OPM: +235.7% vs year-ago OPM: +17.1%",
      "severity": "HIGH"
    },
    {
      "quarter": "2023-03 (Q1)",
      "signal": "INCREMENTAL MARGIN (YoY)",
      "detail": "YoY Incr OPM: +946.2% vs year-ago OPM: +18.0%",
      "severity": "HIGH"
    },
    {
      "quarter": "2022-12 (Q4)",
      "signal": "FCF MARGIN EXPANSION",
      "detail": "FCF margin: +16.0% -> +26.1% (+10.1%)",
      "severity": "MEDIUM"
    },
    {
      "quarter": "2022-12 (Q4)",
      "signal": "YoY REVENUE GROWTH DECELERATION",
      "detail": "YoY growth: -2.5% vs prior quarter YoY: +4.7% (decel: -7.3%)",
      "severity": "WARNING"
    },
    {
      "quarter": "2022-09 (Q3)",
      "signal": "YoY REVENUE GROWTH DECELERATION",
      "detail": "YoY growth: +4.7% vs prior quarter YoY: +13.3% (decel: -8.5%)",
      "severity": "WARNING"
    },
    {
      "quarter": "2022-03 (Q1)",
      "signal": "INCREMENTAL MARGIN (YoY)",
      "detail": "YoY Incr OPM: +101.9% vs year-ago OPM: +6.3%",
      "severity": "HIGH"
    },
    {
      "quarter": "2021-12 (Q4)",
      "signal": "FCF MARGIN EXPANSION",
      "detail": "FCF margin: +14.1% -> +24.1% (+10.0%)",
      "severity": "MEDIUM"
    },
    {
      "quarter": "2021-12 (Q4)",
      "signal": "OP MARGIN TURNED POSITIVE (YoY)",
      "detail": "Op margin: -22.3% (year-ago) -> +16.1%",
      "severity": "HIGH"
    },
    {
      "quarter": "2021-06 (Q2)",
      "signal": "OPERATING LEVERAGE",
      "detail": "Rev growth +27.6% vs OpEx growth +6.7% (leverage: 4.1x)",
      "severity": "MEDIUM"
    },
    {
      "quarter": "2021-03 (Q1)",
      "signal": "OP MARGIN TURNED POSITIVE (QoQ)",
      "detail": "Op margin: -22.3% -> +6.3%",
      "severity": "HIGH"
    }
  ],
  "data_quality": {
    "n_quarters": 20,
    "coverage": {
      "revenue": [
        20,
        20
      ],
      "gross_profit": [
        0,
        20
      ],
      "op_income": [
        20,
        20
      ],
      "fcf": [
        15,
        20
      ]
    },
    "gaps": [],
    "warnings": [
      "gross_profit: no data",
      "fcf: 15/20Q"
    ]
  },
  "market_cap": null,
  "source": "SEC EDGAR",
  "last_updated": "2026-02-03T00:53:51.007582",
  "sector": "Communication Services",
  "industry": "Entertainment"
}