{
  "ticker": "FWRD",
  "name": "FORWARD AIR CORPORATION",
  "quarters": [
    {
      "date": "2020-12-31T00:00:00",
      "quarter_label": "2020-12 (Q4)",
      "revenue": 350341000,
      "gross_profit": null,
      "operating_income": 20726000,
      "net_income": -4443000,
      "opex": 329615000,
      "cogs": null,
      "rd": null,
      "sga": null,
      "fcf": null,
      "ocf": null,
      "capex": -3829000,
      "gross_margin": null,
      "op_margin": 0.05915950459694983,
      "fcf_margin": null
    },
    {
      "date": "2021-03-31T00:00:00",
      "quarter_label": "2021-03 (Q1)",
      "revenue": 362202000,
      "gross_profit": null,
      "operating_income": 22724000,
      "net_income": 11181000,
      "opex": 339478000,
      "cogs": null,
      "rd": null,
      "sga": null,
      "fcf": null,
      "ocf": null,
      "capex": -2695000,
      "gross_margin": null,
      "op_margin": 0.06273847190241909,
      "fcf_margin": null,
      "op_leverage_ratio": 1.1314315234690844
    },
    {
      "date": "2021-06-30T00:00:00",
      "quarter_label": "2021-06 (Q2)",
      "revenue": 420671000,
      "gross_profit": null,
      "operating_income": 42124000,
      "net_income": 30677000,
      "opex": 378547000,
      "cogs": null,
      "rd": null,
      "sga": null,
      "fcf": null,
      "ocf": null,
      "capex": -5880000,
      "gross_margin": null,
      "op_margin": 0.10013526009636985,
      "fcf_margin": null,
      "op_leverage_ratio": 1.4026656501660513
    },
    {
      "date": "2021-09-30T00:00:00",
      "quarter_label": "2021-09 (Q3)",
      "revenue": 419625000,
      "gross_profit": null,
      "operating_income": 42476000,
      "net_income": 23536000,
      "opex": 377149000,
      "cogs": null,
      "rd": null,
      "sga": null,
      "fcf": null,
      "ocf": null,
      "capex": -14440000,
      "gross_margin": null,
      "op_margin": 0.10122371164730413,
      "fcf_margin": null
    },
    {
      "date": "2021-12-31T00:00:00",
      "quarter_label": "2021-12 (Q4)",
      "revenue": 459929000,
      "gross_profit": null,
      "operating_income": 51977000,
      "net_income": 40465000,
      "opex": 407952000,
      "cogs": null,
      "rd": null,
      "sga": null,
      "fcf": null,
      "ocf": null,
      "capex": -15360000,
      "gross_margin": null,
      "op_margin": 0.11301092125088873,
      "fcf_margin": null,
      "incr_op_margin_yoy": 0.28516808409679895,
      "rev_growth_yoy": 0.3128038111439997,
      "op_leverage_ratio": 1.1759984263145489
    },
    {
      "date": "2022-03-31T00:00:00",
      "quarter_label": "2022-03 (Q1)",
      "revenue": 466961000,
      "gross_profit": null,
      "operating_income": 57351000,
      "net_income": 42686000,
      "opex": 409610000,
      "cogs": null,
      "rd": null,
      "sga": null,
      "fcf": 52578000,
      "ocf": 62486000,
      "capex": -9908000,
      "gross_margin": null,
      "op_margin": 0.12281753722473611,
      "fcf_margin": 0.11259612687140896,
      "incr_op_margin_yoy": 0.3305396195076318,
      "rev_growth_yoy": 0.2892281102810034,
      "rev_growth_yoy_accel": -0.023575700862996263,
      "op_leverage_ratio": 3.76194644255956
    },
    {
      "date": "2022-06-30T00:00:00",
      "quarter_label": "2022-06 (Q2)",
      "revenue": 515219000,
      "gross_profit": null,
      "operating_income": 75545000,
      "net_income": 55430000,
      "opex": 439674000,
      "cogs": null,
      "rd": null,
      "sga": null,
      "fcf": 41569000,
      "ocf": 50334000,
      "capex": -8765000,
      "gross_margin": null,
      "op_margin": 0.146626968337736,
      "fcf_margin": 0.08068219533829303,
      "incr_op_margin_yoy": 0.35348182933536404,
      "rev_growth_yoy": 0.22475521250573488,
      "rev_growth_yoy_accel": -0.06447289777526855,
      "op_leverage_ratio": 1.4080319082160953,
      "fcf_margin_change": -0.03191393153311593
    },
    {
      "date": "2022-09-30T00:00:00",
      "quarter_label": "2022-09 (Q3)",
      "revenue": 510023000,
      "gross_profit": null,
      "operating_income": 71665000,
      "net_income": 52133000,
      "opex": 438358000,
      "cogs": null,
      "rd": null,
      "sga": null,
      "fcf": 77266000,
      "ocf": 83994000,
      "capex": -6728000,
      "gross_margin": null,
      "op_margin": 0.14051327097013272,
      "fcf_margin": 0.15149512865106082,
      "incr_op_margin_yoy": 0.322894311821058,
      "rev_growth_yoy": 0.21542567768841228,
      "rev_growth_yoy_accel": -0.009329534817322599,
      "fcf_margin_change": 0.07081293331276779
    },
    {
      "date": "2022-12-31T00:00:00",
      "quarter_label": "2022-12 (Q4)",
      "revenue": 403039000,
      "gross_profit": null,
      "operating_income": 61415000,
      "net_income": 42942000,
      "opex": 419785000,
      "cogs": null,
      "rd": null,
      "sga": null,
      "fcf": null,
      "ocf": null,
      "capex": -13853000,
      "gross_margin": null,
      "op_margin": 0.15237979451120115,
      "fcf_margin": null,
      "incr_op_margin_yoy": -0.1658991035331341,
      "rev_growth_yoy": -0.12369300478986973,
      "rev_growth_yoy_accel": -0.33911868247828203
    },
    {
      "date": "2023-03-31T00:00:00",
      "quarter_label": "2023-03 (Q1)",
      "revenue": 427066000,
      "gross_profit": null,
      "operating_income": 50509000,
      "net_income": 36368000,
      "opex": 376557000,
      "cogs": null,
      "rd": null,
      "sga": null,
      "fcf": 59474000,
      "ocf": 65993000,
      "capex": -6519000,
      "gross_margin": null,
      "op_margin": 0.11826977563186955,
      "fcf_margin": 0.13926184711496584,
      "incr_op_margin_yoy": 0.1715001879934829,
      "rev_growth_yoy": -0.08543540038675607,
      "rev_growth_yoy_accel": 0.03825760440311367,
      "op_leverage_ratio": Infinity
    },
    {
      "date": "2023-06-30T00:00:00",
      "quarter_label": "2023-06 (Q2)",
      "revenue": 402182000,
      "gross_profit": null,
      "operating_income": 30211000,
      "net_income": 19951000,
      "opex": 371971000,
      "cogs": null,
      "rd": null,
      "sga": null,
      "fcf": 52787000,
      "ocf": 63573000,
      "capex": -10786000,
      "gross_margin": null,
      "op_margin": 0.07511773276775191,
      "fcf_margin": 0.13125152294234949,
      "incr_op_margin_yoy": 0.40105452197068214,
      "rev_growth_yoy": -0.21939602382676104,
      "rev_growth_yoy_accel": -0.13396062344000498,
      "fcf_margin_change": -0.008010324172616351
    },
    {
      "date": "2023-09-30T00:00:00",
      "quarter_label": "2023-09 (Q3)",
      "revenue": 413447000,
      "gross_profit": null,
      "operating_income": 15493000,
      "net_income": 9288000,
      "opex": 397954000,
      "cogs": null,
      "rd": null,
      "sga": null,
      "fcf": 24022000,
      "ocf": 29865000,
      "capex": -5843000,
      "gross_margin": null,
      "op_margin": 0.03747275950726454,
      "fcf_margin": 0.05810176395039751,
      "incr_op_margin_yoy": 0.5816351888667992,
      "rev_growth_yoy": -0.18935616629053983,
      "rev_growth_yoy_accel": 0.03003985753622121,
      "op_leverage_ratio": 0.40098521111385427,
      "fcf_margin_change": -0.07314975899195197
    },
    {
      "date": "2023-12-31T00:00:00",
      "quarter_label": "2023-12 (Q4)",
      "revenue": 338428000,
      "gross_profit": null,
      "operating_income": -8003000,
      "net_income": 101744000,
      "opex": 136043000,
      "cogs": null,
      "rd": null,
      "sga": null,
      "fcf": null,
      "ocf": null,
      "capex": -8645000,
      "gross_margin": null,
      "op_margin": -0.023647570531989077,
      "fcf_margin": null,
      "incr_op_margin_yoy": 1.074399096129142,
      "rev_growth_yoy": -0.16030954820749357,
      "rev_growth_yoy_accel": 0.02904661808304626
    },
    {
      "date": "2024-03-31T00:00:00",
      "quarter_label": "2024-03 (Q1)",
      "revenue": 541813000,
      "gross_profit": null,
      "operating_income": -65732000,
      "net_income": -61712000,
      "opex": 607545000,
      "cogs": null,
      "rd": null,
      "sga": null,
      "fcf": -56689000,
      "ocf": -51719000,
      "capex": -4970000,
      "gross_margin": null,
      "op_margin": -0.12131860992630299,
      "fcf_margin": -0.10462834963354516,
      "incr_op_margin_yoy": -1.0130199482339408,
      "rev_growth_yoy": 0.2686868071913943,
      "rev_growth_yoy_accel": 0.4289963553988879,
      "op_leverage_ratio": 0.1733984829264836
    },
    {
      "date": "2024-06-30T00:00:00",
      "quarter_label": "2024-06 (Q2)",
      "revenue": 643666000,
      "gross_profit": null,
      "operating_income": -1095755000,
      "net_income": -645433000,
      "opex": 1739421000,
      "cogs": null,
      "rd": null,
      "sga": null,
      "fcf": null,
      "ocf": null,
      "capex": -14426000,
      "gross_margin": null,
      "op_margin": -1.7023658232685897,
      "fcf_margin": null,
      "incr_op_margin_yoy": -4.662694008712792,
      "rev_growth_yoy": 0.600434629098269,
      "rev_growth_yoy_accel": 0.33174782190687463,
      "op_leverage_ratio": 0.10090298263840186
    },
    {
      "date": "2024-09-30T00:00:00",
      "quarter_label": "2024-09 (Q3)",
      "revenue": 655937000,
      "gross_profit": null,
      "operating_income": 22697000,
      "net_income": -73408000,
      "opex": 633240000,
      "cogs": null,
      "rd": null,
      "sga": null,
      "fcf": null,
      "ocf": null,
      "capex": -10414000,
      "gross_margin": null,
      "op_margin": 0.03460240846300788,
      "fcf_margin": null,
      "incr_op_margin_yoy": 0.02970844158522001,
      "rev_growth_yoy": 0.5865080651208014,
      "rev_growth_yoy_accel": -0.013926563977467499,
      "op_leverage_ratio": Infinity
    },
    {
      "date": "2024-12-31T00:00:00",
      "quarter_label": "2024-12 (Q4)",
      "revenue": 632846000,
      "gross_profit": null,
      "operating_income": 75855000,
      "net_income": -36416000,
      "opex": 556991000,
      "cogs": null,
      "rd": null,
      "sga": null,
      "fcf": null,
      "ocf": null,
      "capex": -7250000,
      "gross_margin": null,
      "op_margin": 0.11986328427453125,
      "fcf_margin": null,
      "incr_op_margin_yoy": 0.28482633534634433,
      "rev_growth_yoy": 0.8699575685226991,
      "rev_growth_yoy_accel": 0.2834495034018977
    },
    {
      "date": "2025-03-31T00:00:00",
      "quarter_label": "2025-03 (Q1)",
      "revenue": 613281000,
      "gross_profit": null,
      "operating_income": 4763000,
      "net_income": -50637000,
      "opex": 608518000,
      "cogs": null,
      "rd": null,
      "sga": null,
      "fcf": 15709000,
      "ocf": 27615000,
      "capex": -11906000,
      "gross_margin": null,
      "op_margin": 0.0077664235480962235,
      "fcf_margin": 0.025614685600890946,
      "incr_op_margin_yoy": 0.986385515195612,
      "rev_growth_yoy": 0.1319052883559457,
      "rev_growth_yoy_accel": -0.7380522801667534
    },
    {
      "date": "2025-06-30T00:00:00",
      "quarter_label": "2025-06 (Q2)",
      "revenue": 618844000,
      "gross_profit": null,
      "operating_income": 19522000,
      "net_income": -12583000,
      "opex": 599322000,
      "cogs": null,
      "rd": null,
      "sga": null,
      "fcf": null,
      "ocf": null,
      "capex": -4744000,
      "gross_margin": null,
      "op_margin": 0.03154591464084648,
      "fcf_margin": null,
      "incr_op_margin_yoy": -44.93098863911047,
      "rev_growth_yoy": -0.03856347857429163,
      "rev_growth_yoy_accel": -0.17046876693023733
    },
    {
      "date": "2025-09-30T00:00:00",
      "quarter_label": "2025-09 (Q3)",
      "revenue": 631763000,
      "gross_profit": null,
      "operating_income": 15007000,
      "net_income": -16250000,
      "opex": 616756000,
      "cogs": null,
      "rd": null,
      "sga": null,
      "fcf": null,
      "ocf": null,
      "capex": -4115000,
      "gross_margin": null,
      "op_margin": 0.02375416097492256,
      "fcf_margin": null,
      "incr_op_margin_yoy": 0.318110366509473,
      "rev_growth_yoy": -0.03685414910273395,
      "rev_growth_yoy_accel": 0.0017093294715576843,
      "op_leverage_ratio": 0.7176470304436678
    }
  ],
  "signals": [
    {
      "quarter": "2025-09 (Q3)",
      "signal": "INCREMENTAL MARGIN (YoY)",
      "detail": "YoY Incr OPM: +31.8% vs year-ago OPM: +3.5%",
      "severity": "HIGH"
    },
    {
      "quarter": "2025-06 (Q2)",
      "signal": "YoY REVENUE GROWTH DECELERATION",
      "detail": "YoY growth: -3.9% vs prior quarter YoY: +13.2% (decel: -17.0%)",
      "severity": "WARNING"
    },
    {
      "quarter": "2025-06 (Q2)",
      "signal": "OP MARGIN TURNED POSITIVE (YoY)",
      "detail": "Op margin: -170.2% (year-ago) -> +3.2%",
      "severity": "HIGH"
    },
    {
      "quarter": "2025-03 (Q1)",
      "signal": "YoY REVENUE GROWTH DECELERATION",
      "detail": "YoY growth: +13.2% vs prior quarter YoY: +87.0% (decel: -73.8%)",
      "severity": "WARNING"
    },
    {
      "quarter": "2025-03 (Q1)",
      "signal": "OP MARGIN TURNED POSITIVE (YoY)",
      "detail": "Op margin: -12.1% (year-ago) -> +0.8%",
      "severity": "HIGH"
    },
    {
      "quarter": "2024-12 (Q4)",
      "signal": "YoY REVENUE GROWTH ACCELERATION",
      "detail": "YoY growth: +87.0% vs prior quarter YoY: +58.7% (accel: +28.3%)",
      "severity": "HIGH"
    },
    {
      "quarter": "2024-12 (Q4)",
      "signal": "OP MARGIN TURNED POSITIVE (YoY)",
      "detail": "Op margin: -2.4% (year-ago) -> +12.0%",
      "severity": "HIGH"
    },
    {
      "quarter": "2024-09 (Q3)",
      "signal": "OP MARGIN TURNED POSITIVE (QoQ)",
      "detail": "Op margin: -170.2% -> +3.5%",
      "severity": "HIGH"
    },
    {
      "quarter": "2024-06 (Q2)",
      "signal": "YoY REVENUE GROWTH ACCELERATION",
      "detail": "YoY growth: +60.0% vs prior quarter YoY: +26.9% (accel: +33.2%)",
      "severity": "HIGH"
    },
    {
      "quarter": "2024-03 (Q1)",
      "signal": "YoY REVENUE GROWTH ACCELERATION",
      "detail": "YoY growth: +26.9% vs prior quarter YoY: -16.0% (accel: +42.9%)",
      "severity": "HIGH"
    },
    {
      "quarter": "2023-09 (Q3)",
      "signal": "INCREMENTAL MARGIN (YoY)",
      "detail": "YoY Incr OPM: +58.2% vs year-ago OPM: +14.1%",
      "severity": "HIGH"
    },
    {
      "quarter": "2023-06 (Q2)",
      "signal": "YoY REVENUE GROWTH DECELERATION",
      "detail": "YoY growth: -21.9% vs prior quarter YoY: -8.5% (decel: -13.4%)",
      "severity": "WARNING"
    },
    {
      "quarter": "2023-06 (Q2)",
      "signal": "INCREMENTAL MARGIN (YoY)",
      "detail": "YoY Incr OPM: +40.1% vs year-ago OPM: +14.7%",
      "severity": "HIGH"
    },
    {
      "quarter": "2022-12 (Q4)",
      "signal": "YoY REVENUE GROWTH DECELERATION",
      "detail": "YoY growth: -12.4% vs prior quarter YoY: +21.5% (decel: -33.9%)",
      "severity": "WARNING"
    },
    {
      "quarter": "2022-09 (Q3)",
      "signal": "FCF MARGIN EXPANSION",
      "detail": "FCF margin: +8.1% -> +15.1% (+7.1%)",
      "severity": "MEDIUM"
    },
    {
      "quarter": "2022-09 (Q3)",
      "signal": "INCREMENTAL MARGIN (YoY)",
      "detail": "YoY Incr OPM: +32.3% vs year-ago OPM: +10.1%",
      "severity": "HIGH"
    },
    {
      "quarter": "2022-06 (Q2)",
      "signal": "YoY REVENUE GROWTH DECELERATION",
      "detail": "YoY growth: +22.5% vs prior quarter YoY: +28.9% (decel: -6.4%)",
      "severity": "WARNING"
    },
    {
      "quarter": "2022-06 (Q2)",
      "signal": "INCREMENTAL MARGIN (YoY)",
      "detail": "YoY Incr OPM: +35.3% vs year-ago OPM: +10.0%",
      "severity": "HIGH"
    },
    {
      "quarter": "2022-03 (Q1)",
      "signal": "OPERATING LEVERAGE",
      "detail": "Rev growth +1.5% vs OpEx growth +0.4% (leverage: 3.8x)",
      "severity": "MEDIUM"
    },
    {
      "quarter": "2022-03 (Q1)",
      "signal": "INCREMENTAL MARGIN (YoY)",
      "detail": "YoY Incr OPM: +33.1% vs year-ago OPM: +6.3%",
      "severity": "HIGH"
    },
    {
      "quarter": "2021-12 (Q4)",
      "signal": "INCREMENTAL MARGIN (YoY)",
      "detail": "YoY Incr OPM: +28.5% vs year-ago OPM: +5.9%",
      "severity": "HIGH"
    }
  ],
  "data_quality": {
    "n_quarters": 20,
    "coverage": {
      "revenue": [
        20,
        20
      ],
      "gross_profit": [
        0,
        20
      ],
      "op_income": [
        20,
        20
      ],
      "fcf": [
        8,
        20
      ]
    },
    "gaps": [],
    "warnings": [
      "gross_profit: no data",
      "fcf: 8/20Q"
    ]
  },
  "market_cap": null,
  "source": "SEC EDGAR",
  "last_updated": "2026-02-02T22:05:58.525994"
}