{
  "ticker": "FWRG",
  "name": "First Watch Restaurant Group, Inc.",
  "quarters": [
    {
      "date": "2020-12-27T00:00:00",
      "quarter_label": "2020-12 (Q4)",
      "revenue": 109393000,
      "gross_profit": null,
      "operating_income": -4729000,
      "net_income": -7118000,
      "opex": 114122000,
      "cogs": null,
      "rd": null,
      "sga": null,
      "fcf": -2541000,
      "ocf": 2029000,
      "capex": -4570000,
      "gross_margin": null,
      "op_margin": -0.04322945709506093,
      "fcf_margin": -0.023228177305677694
    },
    {
      "date": "2021-03-28T00:00:00",
      "quarter_label": "2021-03 (Q1)",
      "revenue": 127169000,
      "gross_profit": null,
      "operating_income": 3845000,
      "net_income": -2042000,
      "opex": 123324000,
      "cogs": null,
      "rd": null,
      "sga": null,
      "fcf": -4680000,
      "ocf": 5829000,
      "capex": -10509000,
      "gross_margin": null,
      "op_margin": 0.03023535610093655,
      "fcf_margin": -0.03680142173013864,
      "op_leverage_ratio": 2.0152626417432953,
      "fcf_margin_change": -0.013573244424460944
    },
    {
      "date": "2021-06-27T00:00:00",
      "quarter_label": "2021-06 (Q2)",
      "revenue": 153963000,
      "gross_profit": null,
      "operating_income": 12312000,
      "net_income": 3805000,
      "opex": 141651000,
      "cogs": null,
      "rd": null,
      "sga": null,
      "fcf": 15943000,
      "ocf": 24599000,
      "capex": -8656000,
      "gross_margin": null,
      "op_margin": 0.07996726486233706,
      "fcf_margin": 0.10355085312705001,
      "op_leverage_ratio": 1.4177919937049983,
      "fcf_margin_change": 0.14035227485718865
    },
    {
      "date": "2021-09-26T00:00:00",
      "quarter_label": "2021-09 (Q3)",
      "revenue": 157441000,
      "gross_profit": null,
      "operating_income": 7153000,
      "net_income": 783000,
      "opex": 150288000,
      "cogs": null,
      "rd": null,
      "sga": null,
      "fcf": 5937000,
      "ocf": 13837000,
      "capex": -7900000,
      "gross_margin": null,
      "op_margin": 0.04543289232156808,
      "fcf_margin": 0.03770936414275824,
      "op_leverage_ratio": 0.37048441042130276,
      "fcf_margin_change": -0.06584148898429176
    },
    {
      "date": "2021-12-26T00:00:00",
      "quarter_label": "2021-12 (Q4)",
      "revenue": 162620000,
      "gross_profit": null,
      "operating_income": -1067000,
      "net_income": -4653000,
      "opex": 163687000,
      "cogs": null,
      "rd": null,
      "sga": null,
      "fcf": 10460000,
      "ocf": 18706000,
      "capex": -8246000,
      "gross_margin": null,
      "op_margin": -0.006561308572131349,
      "fcf_margin": 0.0643217316443242,
      "incr_op_margin_yoy": 0.06879966934074812,
      "rev_growth_yoy": 0.48656678215242294,
      "op_leverage_ratio": 0.3689605978555563,
      "fcf_margin_change": 0.02661236750156596
    },
    {
      "date": "2022-03-27T00:00:00",
      "quarter_label": "2022-03 (Q1)",
      "revenue": 173112000,
      "gross_profit": null,
      "operating_income": 7760000,
      "net_income": 4640000,
      "opex": 165352000,
      "cogs": null,
      "rd": null,
      "sga": null,
      "fcf": -3368000,
      "ocf": 7989000,
      "capex": -11357000,
      "gross_margin": null,
      "op_margin": 0.04482647072415546,
      "fcf_margin": -0.019455612551411802,
      "incr_op_margin_yoy": 0.08521428726900725,
      "rev_growth_yoy": 0.361275153535846,
      "rev_growth_yoy_accel": -0.12529162861657694,
      "op_leverage_ratio": 6.342847597320602,
      "fcf_margin_change": -0.083777344195736
    },
    {
      "date": "2022-06-26T00:00:00",
      "quarter_label": "2022-06 (Q2)",
      "revenue": 184453000,
      "gross_profit": null,
      "operating_income": 5053000,
      "net_income": 2707000,
      "opex": 179400000,
      "cogs": null,
      "rd": null,
      "sga": null,
      "fcf": 8614000,
      "ocf": 23823000,
      "capex": -15209000,
      "gross_margin": null,
      "op_margin": 0.027394512423218925,
      "fcf_margin": 0.04670024342244366,
      "incr_op_margin_yoy": -0.23807805837979665,
      "rev_growth_yoy": 0.19803459272682397,
      "rev_growth_yoy_accel": -0.16324056080902202,
      "op_leverage_ratio": 0.7711149626649596,
      "fcf_margin_change": 0.06615585597385545
    },
    {
      "date": "2022-09-25T00:00:00",
      "quarter_label": "2022-09 (Q3)",
      "revenue": 186852000,
      "gross_profit": null,
      "operating_income": 2621000,
      "net_income": 46000,
      "opex": 184231000,
      "cogs": null,
      "rd": null,
      "sga": null,
      "fcf": -3587000,
      "ocf": 14832000,
      "capex": -18419000,
      "gross_margin": null,
      "op_margin": 0.014027144477982574,
      "fcf_margin": -0.019197011538543873,
      "incr_op_margin_yoy": -0.1540920063921662,
      "rev_growth_yoy": 0.18680648623928964,
      "rev_growth_yoy_accel": -0.011228106487534334,
      "op_leverage_ratio": 0.48298086621749076,
      "fcf_margin_change": -0.06589725496098753
    },
    {
      "date": "2022-12-25T00:00:00",
      "quarter_label": "2022-12 (Q4)",
      "revenue": 185745000,
      "gross_profit": null,
      "operating_income": 1479000,
      "net_income": 6907000,
      "opex": 184266000,
      "cogs": null,
      "rd": null,
      "sga": null,
      "fcf": -941000,
      "ocf": 16293000,
      "capex": -17234000,
      "gross_margin": null,
      "op_margin": 0.007962529274004685,
      "fcf_margin": -0.005066085224366739,
      "incr_op_margin_yoy": 0.1100972972972973,
      "rev_growth_yoy": 0.14220268109703604,
      "rev_growth_yoy_accel": -0.044603805142253594,
      "fcf_margin_change": 0.014130926314177134
    },
    {
      "date": "2023-03-26T00:00:00",
      "quarter_label": "2023-03 (Q1)",
      "revenue": 211406000,
      "gross_profit": null,
      "operating_income": 15331000,
      "net_income": 9360000,
      "opex": 196075000,
      "cogs": null,
      "rd": null,
      "sga": null,
      "fcf": 6624000,
      "ocf": 21143000,
      "capex": -14519000,
      "gross_margin": null,
      "op_margin": 0.07251922840411341,
      "fcf_margin": 0.031333074747168954,
      "incr_op_margin_yoy": 0.19770721261816473,
      "rev_growth_yoy": 0.22120939045242385,
      "rev_growth_yoy_accel": 0.07900670935538781,
      "op_leverage_ratio": 2.155701036184247,
      "fcf_margin_change": 0.03639915997153569
    },
    {
      "date": "2023-06-25T00:00:00",
      "quarter_label": "2023-06 (Q2)",
      "revenue": 216300000,
      "gross_profit": null,
      "operating_income": 11343000,
      "net_income": 7959000,
      "opex": 204957000,
      "cogs": null,
      "rd": null,
      "sga": null,
      "fcf": 19282000,
      "ocf": 34440000,
      "capex": -15158000,
      "gross_margin": null,
      "op_margin": 0.05244105409153953,
      "fcf_margin": 0.08914470642625982,
      "incr_op_margin_yoy": 0.197506829528684,
      "rev_growth_yoy": 0.17265644906832636,
      "rev_growth_yoy_accel": -0.04855294138409749,
      "op_leverage_ratio": 0.51104378475459,
      "fcf_margin_change": 0.05781163167909087
    },
    {
      "date": "2023-09-24T00:00:00",
      "quarter_label": "2023-09 (Q3)",
      "revenue": 219212000,
      "gross_profit": null,
      "operating_income": 7738000,
      "net_income": 5418000,
      "opex": 211474000,
      "cogs": null,
      "rd": null,
      "sga": null,
      "fcf": -5632000,
      "ocf": 17461000,
      "capex": -23093000,
      "gross_margin": null,
      "op_margin": 0.03529916245461015,
      "fcf_margin": -0.025692024159261355,
      "incr_op_margin_yoy": 0.15812731767614338,
      "rev_growth_yoy": 0.1731851946995483,
      "rev_growth_yoy_accel": 0.000528745631221933,
      "op_leverage_ratio": 0.42339905638874276,
      "fcf_margin_change": -0.11483673058552119
    },
    {
      "date": "2023-12-31T00:00:00",
      "quarter_label": "2023-12 (Q4)",
      "revenue": 244633000,
      "gross_profit": null,
      "operating_income": 6855000,
      "net_income": 25385000,
      "opex": 237778000,
      "cogs": null,
      "rd": null,
      "sga": null,
      "fcf": -9463000,
      "ocf": 22294000,
      "capex": -31757000,
      "gross_margin": null,
      "op_margin": 0.02802156700036381,
      "fcf_margin": -0.03868243450393038,
      "incr_op_margin_yoy": 0.09129194402934383,
      "rev_growth_yoy": 0.3170367977603704,
      "rev_growth_yoy_accel": 0.14385160306082212,
      "op_leverage_ratio": 0.9323167575745649,
      "fcf_margin_change": -0.012990410344669023
    },
    {
      "date": "2024-03-31T00:00:00",
      "quarter_label": "2024-03 (Q1)",
      "revenue": 242449000,
      "gross_profit": null,
      "operating_income": 12286000,
      "net_income": 7214000,
      "opex": 230163000,
      "cogs": null,
      "rd": null,
      "sga": null,
      "fcf": -3602000,
      "ocf": 24982000,
      "capex": -28584000,
      "gross_margin": null,
      "op_margin": 0.05067457485904252,
      "fcf_margin": -0.014856732756167276,
      "incr_op_margin_yoy": -0.09808974648068808,
      "rev_growth_yoy": 0.14684067623435476,
      "rev_growth_yoy_accel": -0.17019612152601565,
      "fcf_margin_change": 0.023825701747763103
    },
    {
      "date": "2024-06-30T00:00:00",
      "quarter_label": "2024-06 (Q2)",
      "revenue": 258561000,
      "gross_profit": null,
      "operating_income": 16447000,
      "net_income": 8900000,
      "opex": 242114000,
      "cogs": null,
      "rd": null,
      "sga": null,
      "fcf": 2296000,
      "ocf": 31911000,
      "capex": -29615000,
      "gross_margin": null,
      "op_margin": 0.06360974779645809,
      "fcf_margin": 0.00887991615131439,
      "incr_op_margin_yoy": 0.12077328979437306,
      "rev_growth_yoy": 0.19538141470180306,
      "rev_growth_yoy_accel": 0.0485407384674483,
      "op_leverage_ratio": 1.2798536733219903,
      "fcf_margin_change": 0.023736648907481665
    },
    {
      "date": "2024-09-29T00:00:00",
      "quarter_label": "2024-09 (Q3)",
      "revenue": 251609000,
      "gross_profit": null,
      "operating_income": 6313000,
      "net_income": 2112000,
      "opex": 245296000,
      "cogs": null,
      "rd": null,
      "sga": null,
      "fcf": 6783000,
      "ocf": 35856000,
      "capex": -29073000,
      "gross_margin": null,
      "op_margin": 0.025090517429821668,
      "fcf_margin": 0.0269584951253731,
      "incr_op_margin_yoy": -0.04398555421798315,
      "rev_growth_yoy": 0.14778844223856358,
      "rev_growth_yoy_accel": -0.047592972463239486,
      "fcf_margin_change": 0.01807857897405871
    },
    {
      "date": "2024-12-29T00:00:00",
      "quarter_label": "2024-12 (Q4)",
      "revenue": 263291000,
      "gross_profit": null,
      "operating_income": 3861000,
      "net_income": 699000,
      "opex": 259430000,
      "cogs": null,
      "rd": null,
      "sga": null,
      "fcf": -17753000,
      "ocf": 22924000,
      "capex": -40677000,
      "gross_margin": null,
      "op_margin": 0.014664382755202418,
      "fcf_margin": -0.06742729527405039,
      "incr_op_margin_yoy": -0.16046735984564262,
      "rev_growth_yoy": 0.07626935041470284,
      "rev_growth_yoy_accel": -0.07151909182386074,
      "op_leverage_ratio": 0.8057798624157934,
      "fcf_margin_change": -0.09438579039942349
    },
    {
      "date": "2025-03-30T00:00:00",
      "quarter_label": "2025-03 (Q1)",
      "revenue": 282240000,
      "gross_profit": null,
      "operating_income": 1113000,
      "net_income": -829000,
      "opex": 281127000,
      "cogs": null,
      "rd": null,
      "sga": null,
      "fcf": -16420000,
      "ocf": 20138000,
      "capex": -36558000,
      "gross_margin": null,
      "op_margin": 0.003943452380952381,
      "fcf_margin": -0.058177437641723354,
      "incr_op_margin_yoy": -0.2807921389258878,
      "rev_growth_yoy": 0.16412111413121935,
      "rev_growth_yoy_accel": 0.08785176371651651,
      "op_leverage_ratio": 0.860539457582692,
      "fcf_margin_change": 0.009249857632327038
    },
    {
      "date": "2025-06-29T00:00:00",
      "quarter_label": "2025-06 (Q2)",
      "revenue": 307887000,
      "gross_profit": null,
      "operating_income": 7313000,
      "net_income": 2106000,
      "opex": 300574000,
      "cogs": null,
      "rd": null,
      "sga": null,
      "fcf": -1693000,
      "ocf": 39432000,
      "capex": -41125000,
      "gross_margin": null,
      "op_margin": 0.0237522207823,
      "fcf_margin": -0.005498770652869397,
      "incr_op_margin_yoy": -0.18517617483680007,
      "rev_growth_yoy": 0.19077122999988397,
      "rev_growth_yoy_accel": 0.026650115868664614,
      "op_leverage_ratio": 1.313614556321577,
      "fcf_margin_change": 0.052678666988853956
    },
    {
      "date": "2025-09-28T00:00:00",
      "quarter_label": "2025-09 (Q3)",
      "revenue": 316022000,
      "gross_profit": null,
      "operating_income": 10050000,
      "net_income": 2991000,
      "opex": 305972000,
      "cogs": null,
      "rd": null,
      "sga": null,
      "fcf": 5457000,
      "ocf": 47882000,
      "capex": -42425000,
      "gross_margin": null,
      "op_margin": 0.031801583434064716,
      "fcf_margin": 0.017267785154198124,
      "incr_op_margin_yoy": 0.05801623895797432,
      "rev_growth_yoy": 0.2560043559650092,
      "rev_growth_yoy_accel": 0.06523312596512523,
      "op_leverage_ratio": 1.4712441059533141,
      "fcf_margin_change": 0.02276655580706752
    }
  ],
  "signals": [
    {
      "quarter": "2025-09 (Q3)",
      "signal": "FCF TURNED POSITIVE",
      "detail": "FCF margin: -0.5% -> +1.7%",
      "severity": "HIGH"
    },
    {
      "quarter": "2025-09 (Q3)",
      "signal": "YoY REVENUE GROWTH ACCELERATION",
      "detail": "YoY growth: +25.6% vs prior quarter YoY: +19.1% (accel: +6.5%)",
      "severity": "MEDIUM"
    },
    {
      "quarter": "2025-06 (Q2)",
      "signal": "FCF MARGIN EXPANSION",
      "detail": "FCF margin: -5.8% -> -0.5% (+5.3%)",
      "severity": "MEDIUM"
    },
    {
      "quarter": "2025-03 (Q1)",
      "signal": "YoY REVENUE GROWTH ACCELERATION",
      "detail": "YoY growth: +16.4% vs prior quarter YoY: +7.6% (accel: +8.8%)",
      "severity": "MEDIUM"
    },
    {
      "quarter": "2024-12 (Q4)",
      "signal": "YoY REVENUE GROWTH DECELERATION",
      "detail": "YoY growth: +7.6% vs prior quarter YoY: +14.8% (decel: -7.2%)",
      "severity": "WARNING"
    },
    {
      "quarter": "2024-06 (Q2)",
      "signal": "FCF TURNED POSITIVE",
      "detail": "FCF margin: -1.5% -> +0.9%",
      "severity": "HIGH"
    },
    {
      "quarter": "2024-03 (Q1)",
      "signal": "YoY REVENUE GROWTH DECELERATION",
      "detail": "YoY growth: +14.7% vs prior quarter YoY: +31.7% (decel: -17.0%)",
      "severity": "WARNING"
    },
    {
      "quarter": "2023-12 (Q4)",
      "signal": "YoY REVENUE GROWTH ACCELERATION",
      "detail": "YoY growth: +31.7% vs prior quarter YoY: +17.3% (accel: +14.4%)",
      "severity": "MEDIUM"
    },
    {
      "quarter": "2023-09 (Q3)",
      "signal": "INCREMENTAL MARGIN (YoY)",
      "detail": "YoY Incr OPM: +15.8% vs year-ago OPM: +1.4%",
      "severity": "MEDIUM"
    },
    {
      "quarter": "2023-06 (Q2)",
      "signal": "FCF MARGIN EXPANSION",
      "detail": "FCF margin: +3.1% -> +8.9% (+5.8%)",
      "severity": "MEDIUM"
    },
    {
      "quarter": "2023-06 (Q2)",
      "signal": "INCREMENTAL MARGIN (YoY)",
      "detail": "YoY Incr OPM: +19.8% vs year-ago OPM: +2.7%",
      "severity": "MEDIUM"
    },
    {
      "quarter": "2023-03 (Q1)",
      "signal": "FCF TURNED POSITIVE",
      "detail": "FCF margin: -0.5% -> +3.1%",
      "severity": "HIGH"
    },
    {
      "quarter": "2023-03 (Q1)",
      "signal": "OPERATING LEVERAGE",
      "detail": "Rev growth +13.8% vs OpEx growth +6.4% (leverage: 2.2x)",
      "severity": "MEDIUM"
    },
    {
      "quarter": "2023-03 (Q1)",
      "signal": "YoY REVENUE GROWTH ACCELERATION",
      "detail": "YoY growth: +22.1% vs prior quarter YoY: +14.2% (accel: +7.9%)",
      "severity": "MEDIUM"
    },
    {
      "quarter": "2023-03 (Q1)",
      "signal": "INCREMENTAL MARGIN (YoY)",
      "detail": "YoY Incr OPM: +19.8% vs year-ago OPM: +4.5%",
      "severity": "MEDIUM"
    },
    {
      "quarter": "2022-12 (Q4)",
      "signal": "OP MARGIN TURNED POSITIVE (YoY)",
      "detail": "Op margin: -0.7% (year-ago) -> +0.8%",
      "severity": "HIGH"
    },
    {
      "quarter": "2022-06 (Q2)",
      "signal": "FCF TURNED POSITIVE",
      "detail": "FCF margin: -1.9% -> +4.7%",
      "severity": "HIGH"
    },
    {
      "quarter": "2022-06 (Q2)",
      "signal": "YoY REVENUE GROWTH DECELERATION",
      "detail": "YoY growth: +19.8% vs prior quarter YoY: +36.1% (decel: -16.3%)",
      "severity": "WARNING"
    },
    {
      "quarter": "2022-03 (Q1)",
      "signal": "OPERATING LEVERAGE",
      "detail": "Rev growth +6.5% vs OpEx growth +1.0% (leverage: 6.3x)",
      "severity": "MEDIUM"
    },
    {
      "quarter": "2022-03 (Q1)",
      "signal": "YoY REVENUE GROWTH DECELERATION",
      "detail": "YoY growth: +36.1% vs prior quarter YoY: +48.7% (decel: -12.5%)",
      "severity": "WARNING"
    },
    {
      "quarter": "2022-03 (Q1)",
      "signal": "OP MARGIN TURNED POSITIVE (QoQ)",
      "detail": "Op margin: -0.7% -> +4.5%",
      "severity": "HIGH"
    },
    {
      "quarter": "2021-06 (Q2)",
      "signal": "FCF TURNED POSITIVE",
      "detail": "FCF margin: -3.7% -> +10.4%",
      "severity": "HIGH"
    },
    {
      "quarter": "2021-03 (Q1)",
      "signal": "OPERATING LEVERAGE",
      "detail": "Rev growth +16.2% vs OpEx growth +8.1% (leverage: 2.0x)",
      "severity": "MEDIUM"
    },
    {
      "quarter": "2021-03 (Q1)",
      "signal": "OP MARGIN TURNED POSITIVE (QoQ)",
      "detail": "Op margin: -4.3% -> +3.0%",
      "severity": "HIGH"
    }
  ],
  "data_quality": {
    "n_quarters": 20,
    "coverage": {
      "revenue": [
        20,
        20
      ],
      "gross_profit": [
        0,
        20
      ],
      "op_income": [
        20,
        20
      ],
      "fcf": [
        20,
        20
      ]
    },
    "gaps": [],
    "warnings": [
      "gross_profit: no data"
    ]
  },
  "market_cap": null,
  "source": "SEC EDGAR",
  "last_updated": "2026-02-02T22:01:55.836177",
  "sector": "Consumer Cyclical",
  "industry": "Restaurants"
}