{
  "ticker": "FXNC",
  "name": "FIRST NATIONAL CORPORATION",
  "quarters": [
    {
      "date": "2020-12-31T00:00:00",
      "quarter_label": "2020-12 (Q4)",
      "revenue": 1943000,
      "gross_profit": null,
      "operating_income": null,
      "net_income": 3156000,
      "opex": null,
      "cogs": null,
      "rd": null,
      "sga": null,
      "fcf": 6013000,
      "ocf": 6013000,
      "capex": null,
      "gross_margin": null,
      "op_margin": null,
      "fcf_margin": 3.0946989191971177
    },
    {
      "date": "2021-03-31T00:00:00",
      "quarter_label": "2021-03 (Q1)",
      "revenue": 1972000,
      "gross_profit": null,
      "operating_income": null,
      "net_income": 2436000,
      "opex": null,
      "cogs": null,
      "rd": null,
      "sga": null,
      "fcf": 5050000,
      "ocf": 5050000,
      "capex": null,
      "gross_margin": null,
      "op_margin": null,
      "fcf_margin": 2.5608519269776875,
      "fcf_margin_change": -0.5338469922194302
    },
    {
      "date": "2021-06-30T00:00:00",
      "quarter_label": "2021-06 (Q2)",
      "revenue": 2093000,
      "gross_profit": null,
      "operating_income": null,
      "net_income": 3342000,
      "opex": null,
      "cogs": null,
      "rd": null,
      "sga": null,
      "fcf": -5635000,
      "ocf": -5635000,
      "capex": null,
      "gross_margin": null,
      "op_margin": null,
      "fcf_margin": -2.6923076923076925,
      "fcf_margin_change": -5.25315961928538
    },
    {
      "date": "2021-09-30T00:00:00",
      "quarter_label": "2021-09 (Q3)",
      "revenue": 2430000,
      "gross_profit": null,
      "operating_income": null,
      "net_income": 2398000,
      "opex": null,
      "cogs": null,
      "rd": null,
      "sga": null,
      "fcf": 12924000,
      "ocf": 12924000,
      "capex": null,
      "gross_margin": null,
      "op_margin": null,
      "fcf_margin": 5.318518518518519,
      "fcf_margin_change": 8.010826210826211
    },
    {
      "date": "2021-12-31T00:00:00",
      "quarter_label": "2021-12 (Q4)",
      "revenue": 2524000,
      "gross_profit": null,
      "operating_income": null,
      "net_income": 2183000,
      "opex": null,
      "cogs": null,
      "rd": null,
      "sga": null,
      "fcf": -4471000,
      "ocf": -4471000,
      "capex": null,
      "gross_margin": null,
      "op_margin": null,
      "fcf_margin": -1.7713946117274169,
      "rev_growth_yoy": 0.29902213072568196,
      "fcf_margin_change": -7.089913130245936
    },
    {
      "date": "2022-03-31T00:00:00",
      "quarter_label": "2022-03 (Q1)",
      "revenue": 2489000,
      "gross_profit": null,
      "operating_income": null,
      "net_income": 3729000,
      "opex": null,
      "cogs": null,
      "rd": null,
      "sga": null,
      "fcf": 8624000,
      "ocf": 8624000,
      "capex": null,
      "gross_margin": null,
      "op_margin": null,
      "fcf_margin": 3.464845319405384,
      "rev_growth_yoy": 0.26217038539553755,
      "rev_growth_yoy_accel": -0.0368517453301444,
      "fcf_margin_change": 5.2362399311328005
    },
    {
      "date": "2022-06-30T00:00:00",
      "quarter_label": "2022-06 (Q2)",
      "revenue": 2501000,
      "gross_profit": null,
      "operating_income": null,
      "net_income": 3835000,
      "opex": null,
      "cogs": null,
      "rd": null,
      "sga": null,
      "fcf": 3650000,
      "ocf": 3650000,
      "capex": null,
      "gross_margin": null,
      "op_margin": null,
      "fcf_margin": 1.4594162335065974,
      "rev_growth_yoy": 0.19493549928332538,
      "rev_growth_yoy_accel": -0.06723488611221218,
      "fcf_margin_change": -2.005429085898786
    },
    {
      "date": "2022-09-30T00:00:00",
      "quarter_label": "2022-09 (Q3)",
      "revenue": 2614000,
      "gross_profit": null,
      "operating_income": null,
      "net_income": 4454000,
      "opex": null,
      "cogs": null,
      "rd": null,
      "sga": null,
      "fcf": 4563000,
      "ocf": 4563000,
      "capex": null,
      "gross_margin": null,
      "op_margin": null,
      "fcf_margin": 1.7456006120887528,
      "rev_growth_yoy": 0.0757201646090535,
      "rev_growth_yoy_accel": -0.11921533467427188,
      "fcf_margin_change": 0.2861843785821554
    },
    {
      "date": "2022-12-31T00:00:00",
      "quarter_label": "2022-12 (Q4)",
      "revenue": 2465000,
      "gross_profit": null,
      "operating_income": null,
      "net_income": 4779000,
      "opex": null,
      "cogs": null,
      "rd": null,
      "sga": null,
      "fcf": 9935000,
      "ocf": 9935000,
      "capex": null,
      "gross_margin": null,
      "op_margin": null,
      "fcf_margin": 4.0304259634888435,
      "rev_growth_yoy": -0.023375594294770204,
      "rev_growth_yoy_accel": -0.0990957589038237,
      "fcf_margin_change": 2.284825351400091
    },
    {
      "date": "2023-03-31T00:00:00",
      "quarter_label": "2023-03 (Q1)",
      "revenue": 2418000,
      "gross_profit": null,
      "operating_income": null,
      "net_income": 3849000,
      "opex": null,
      "cogs": null,
      "rd": null,
      "sga": null,
      "fcf": 4553000,
      "ocf": 4553000,
      "capex": null,
      "gross_margin": null,
      "op_margin": null,
      "fcf_margin": 1.8829611248966087,
      "rev_growth_yoy": -0.028525512253917237,
      "rev_growth_yoy_accel": -0.005149917959147033,
      "fcf_margin_change": -2.147464838592235
    },
    {
      "date": "2023-06-30T00:00:00",
      "quarter_label": "2023-06 (Q2)",
      "revenue": 2535000,
      "gross_profit": null,
      "operating_income": null,
      "net_income": 3505000,
      "opex": null,
      "cogs": null,
      "rd": null,
      "sga": null,
      "fcf": 3309000,
      "ocf": 3309000,
      "capex": null,
      "gross_margin": null,
      "op_margin": null,
      "fcf_margin": 1.3053254437869823,
      "rev_growth_yoy": 0.013594562175129948,
      "rev_growth_yoy_accel": 0.04212007442904719,
      "fcf_margin_change": -0.5776356811096264
    },
    {
      "date": "2023-09-30T00:00:00",
      "quarter_label": "2023-09 (Q3)",
      "revenue": 2855000,
      "gross_profit": null,
      "operating_income": null,
      "net_income": 3121000,
      "opex": null,
      "cogs": null,
      "rd": null,
      "sga": null,
      "fcf": 3448000,
      "ocf": 3448000,
      "capex": null,
      "gross_margin": null,
      "op_margin": null,
      "fcf_margin": 1.207705779334501,
      "rev_growth_yoy": 0.09219586840091813,
      "rev_growth_yoy_accel": 0.07860130622578819,
      "fcf_margin_change": -0.09761966445248138
    },
    {
      "date": "2023-12-31T00:00:00",
      "quarter_label": "2023-12 (Q4)",
      "revenue": 2146000,
      "gross_profit": null,
      "operating_income": null,
      "net_income": -851000,
      "opex": null,
      "cogs": null,
      "rd": null,
      "sga": null,
      "fcf": 5080000,
      "ocf": 5080000,
      "capex": null,
      "gross_margin": null,
      "op_margin": null,
      "fcf_margin": 2.3671947809878846,
      "rev_growth_yoy": -0.12941176470588237,
      "rev_growth_yoy_accel": -0.22160763310680048,
      "fcf_margin_change": 1.1594890016533836
    },
    {
      "date": "2024-03-31T00:00:00",
      "quarter_label": "2024-03 (Q1)",
      "revenue": 2540000,
      "gross_profit": null,
      "operating_income": null,
      "net_income": 3209000,
      "opex": null,
      "cogs": null,
      "rd": null,
      "sga": null,
      "fcf": 4703000,
      "ocf": 4703000,
      "capex": null,
      "gross_margin": null,
      "op_margin": null,
      "fcf_margin": 1.8515748031496062,
      "rev_growth_yoy": 0.050454921422663356,
      "rev_growth_yoy_accel": 0.17986668612854573,
      "fcf_margin_change": -0.5156199778382784
    },
    {
      "date": "2024-06-30T00:00:00",
      "quarter_label": "2024-06 (Q2)",
      "revenue": 2510000,
      "gross_profit": null,
      "operating_income": null,
      "net_income": 2442000,
      "opex": null,
      "cogs": null,
      "rd": null,
      "sga": null,
      "fcf": 3633000,
      "ocf": 3633000,
      "capex": null,
      "gross_margin": null,
      "op_margin": null,
      "fcf_margin": 1.447410358565737,
      "rev_growth_yoy": -0.009861932938856016,
      "rev_growth_yoy_accel": -0.06031685436151937,
      "fcf_margin_change": -0.40416444458386924
    },
    {
      "date": "2024-09-30T00:00:00",
      "quarter_label": "2024-09 (Q3)",
      "revenue": 2929000,
      "gross_profit": null,
      "operating_income": null,
      "net_income": 2248000,
      "opex": null,
      "cogs": null,
      "rd": null,
      "sga": null,
      "fcf": 6142000,
      "ocf": 6142000,
      "capex": null,
      "gross_margin": null,
      "op_margin": null,
      "fcf_margin": 2.096961420279959,
      "rev_growth_yoy": 0.025919439579684764,
      "rev_growth_yoy_accel": 0.03578137251854078,
      "fcf_margin_change": 0.6495510617142222
    },
    {
      "date": "2024-12-31T00:00:00",
      "quarter_label": "2024-12 (Q4)",
      "revenue": 6203000,
      "gross_profit": null,
      "operating_income": null,
      "net_income": -933000,
      "opex": null,
      "cogs": null,
      "rd": null,
      "sga": null,
      "fcf": -36682000,
      "ocf": -36682000,
      "capex": null,
      "gross_margin": null,
      "op_margin": null,
      "fcf_margin": -5.91359019829115,
      "rev_growth_yoy": 1.8904939422180802,
      "rev_growth_yoy_accel": 1.8645745026383955,
      "fcf_margin_change": -8.010551618571109
    },
    {
      "date": "2025-03-31T00:00:00",
      "quarter_label": "2025-03 (Q1)",
      "revenue": 3275000,
      "gross_profit": null,
      "operating_income": null,
      "net_income": 1598000,
      "opex": null,
      "cogs": null,
      "rd": null,
      "sga": null,
      "fcf": 3527000,
      "ocf": 3527000,
      "capex": null,
      "gross_margin": null,
      "op_margin": null,
      "fcf_margin": 1.0769465648854961,
      "rev_growth_yoy": 0.28937007874015747,
      "rev_growth_yoy_accel": -1.6011238634779228,
      "fcf_margin_change": 6.990536763176646
    },
    {
      "date": "2025-06-30T00:00:00",
      "quarter_label": "2025-06 (Q2)",
      "revenue": 3428000,
      "gross_profit": null,
      "operating_income": null,
      "net_income": 5051000,
      "opex": null,
      "cogs": null,
      "rd": null,
      "sga": null,
      "fcf": 4701000,
      "ocf": 4701000,
      "capex": null,
      "gross_margin": null,
      "op_margin": null,
      "fcf_margin": 1.3713535589264878,
      "rev_growth_yoy": 0.36573705179282867,
      "rev_growth_yoy_accel": 0.0763669730526712,
      "fcf_margin_change": 0.2944069940409917
    },
    {
      "date": "2025-09-30T00:00:00",
      "quarter_label": "2025-09 (Q3)",
      "revenue": 4108000,
      "gross_profit": null,
      "operating_income": null,
      "net_income": 5550000,
      "opex": null,
      "cogs": null,
      "rd": null,
      "sga": null,
      "fcf": 8437000,
      "ocf": 8437000,
      "capex": null,
      "gross_margin": null,
      "op_margin": null,
      "fcf_margin": 2.0537974683544302,
      "rev_growth_yoy": 0.402526459542506,
      "rev_growth_yoy_accel": 0.036789407749677316,
      "fcf_margin_change": 0.6824439094279424
    }
  ],
  "signals": [
    {
      "quarter": "2025-09 (Q3)",
      "signal": "FCF MARGIN EXPANSION",
      "detail": "FCF margin: +137.1% -> +205.4% (+68.2%)",
      "severity": "MEDIUM"
    },
    {
      "quarter": "2025-06 (Q2)",
      "signal": "FCF MARGIN EXPANSION",
      "detail": "FCF margin: +107.7% -> +137.1% (+29.4%)",
      "severity": "MEDIUM"
    },
    {
      "quarter": "2025-06 (Q2)",
      "signal": "YoY REVENUE GROWTH ACCELERATION",
      "detail": "YoY growth: +36.6% vs prior quarter YoY: +28.9% (accel: +7.6%)",
      "severity": "MEDIUM"
    },
    {
      "quarter": "2025-03 (Q1)",
      "signal": "FCF TURNED POSITIVE",
      "detail": "FCF margin: -591.4% -> +107.7%",
      "severity": "HIGH"
    },
    {
      "quarter": "2025-03 (Q1)",
      "signal": "YoY REVENUE GROWTH DECELERATION",
      "detail": "YoY growth: +28.9% vs prior quarter YoY: +189.0% (decel: -160.1%)",
      "severity": "WARNING"
    },
    {
      "quarter": "2024-12 (Q4)",
      "signal": "YoY REVENUE GROWTH ACCELERATION",
      "detail": "YoY growth: +189.0% vs prior quarter YoY: +2.6% (accel: +186.5%)",
      "severity": "HIGH"
    },
    {
      "quarter": "2024-09 (Q3)",
      "signal": "FCF MARGIN EXPANSION",
      "detail": "FCF margin: +144.7% -> +209.7% (+65.0%)",
      "severity": "MEDIUM"
    },
    {
      "quarter": "2024-06 (Q2)",
      "signal": "YoY REVENUE GROWTH DECELERATION",
      "detail": "YoY growth: -1.0% vs prior quarter YoY: +5.0% (decel: -6.0%)",
      "severity": "WARNING"
    },
    {
      "quarter": "2024-03 (Q1)",
      "signal": "YoY REVENUE GROWTH ACCELERATION",
      "detail": "YoY growth: +5.0% vs prior quarter YoY: -12.9% (accel: +18.0%)",
      "severity": "HIGH"
    },
    {
      "quarter": "2023-12 (Q4)",
      "signal": "FCF MARGIN EXPANSION",
      "detail": "FCF margin: +120.8% -> +236.7% (+115.9%)",
      "severity": "MEDIUM"
    },
    {
      "quarter": "2023-12 (Q4)",
      "signal": "YoY REVENUE GROWTH DECELERATION",
      "detail": "YoY growth: -12.9% vs prior quarter YoY: +9.2% (decel: -22.2%)",
      "severity": "WARNING"
    },
    {
      "quarter": "2023-09 (Q3)",
      "signal": "YoY REVENUE GROWTH ACCELERATION",
      "detail": "YoY growth: +9.2% vs prior quarter YoY: +1.4% (accel: +7.9%)",
      "severity": "MEDIUM"
    },
    {
      "quarter": "2022-12 (Q4)",
      "signal": "FCF MARGIN EXPANSION",
      "detail": "FCF margin: +174.6% -> +403.0% (+228.5%)",
      "severity": "MEDIUM"
    },
    {
      "quarter": "2022-12 (Q4)",
      "signal": "YoY REVENUE GROWTH DECELERATION",
      "detail": "YoY growth: -2.3% vs prior quarter YoY: +7.6% (decel: -9.9%)",
      "severity": "WARNING"
    },
    {
      "quarter": "2022-09 (Q3)",
      "signal": "FCF MARGIN EXPANSION",
      "detail": "FCF margin: +145.9% -> +174.6% (+28.6%)",
      "severity": "MEDIUM"
    },
    {
      "quarter": "2022-09 (Q3)",
      "signal": "YoY REVENUE GROWTH DECELERATION",
      "detail": "YoY growth: +7.6% vs prior quarter YoY: +19.5% (decel: -11.9%)",
      "severity": "WARNING"
    },
    {
      "quarter": "2022-06 (Q2)",
      "signal": "YoY REVENUE GROWTH DECELERATION",
      "detail": "YoY growth: +19.5% vs prior quarter YoY: +26.2% (decel: -6.7%)",
      "severity": "WARNING"
    },
    {
      "quarter": "2022-03 (Q1)",
      "signal": "FCF TURNED POSITIVE",
      "detail": "FCF margin: -177.1% -> +346.5%",
      "severity": "HIGH"
    },
    {
      "quarter": "2021-09 (Q3)",
      "signal": "FCF TURNED POSITIVE",
      "detail": "FCF margin: -269.2% -> +531.9%",
      "severity": "HIGH"
    }
  ],
  "data_quality": {
    "n_quarters": 20,
    "coverage": {
      "revenue": [
        20,
        20
      ],
      "gross_profit": [
        0,
        20
      ],
      "op_income": [
        0,
        20
      ],
      "fcf": [
        20,
        20
      ]
    },
    "gaps": [],
    "warnings": [
      "gross_profit: no data",
      "op_income: no data"
    ]
  },
  "market_cap": null,
  "source": "SEC EDGAR",
  "last_updated": "2026-02-02T22:55:58.810511"
}