{
  "ticker": "FYBR",
  "name": "Frontier Communications Parent, Inc.",
  "quarters": [
    {
      "date": "2020-03-31T00:00:00",
      "quarter_label": "2020-03 (Q1)",
      "revenue": 1933000000,
      "gross_profit": 1647000000,
      "operating_income": 272000000,
      "net_income": -186000000,
      "opex": 1661000000,
      "cogs": 286000000,
      "rd": null,
      "sga": 444000000,
      "fcf": 477000000,
      "ocf": 477000000,
      "capex": null,
      "gross_margin": 0.8520434557682359,
      "op_margin": 0.14071391619244697,
      "fcf_margin": 0.24676668391101914
    },
    {
      "date": "2020-06-30T00:00:00",
      "quarter_label": "2020-06 (Q2)",
      "revenue": 1801000000,
      "gross_profit": null,
      "operating_income": 140000000,
      "net_income": -181000000,
      "opex": 1661000000,
      "cogs": null,
      "rd": null,
      "sga": 407000000,
      "fcf": 473000000,
      "ocf": 473000000,
      "capex": null,
      "gross_margin": null,
      "op_margin": 0.07773459189339256,
      "fcf_margin": 0.2626318711826763,
      "fcf_margin_change": 0.015865187271657144
    },
    {
      "date": "2020-09-30T00:00:00",
      "quarter_label": "2020-09 (Q3)",
      "revenue": 1726000000,
      "gross_profit": null,
      "operating_income": 270000000,
      "net_income": 15000000,
      "opex": 1456000000,
      "cogs": null,
      "rd": null,
      "sga": 404000000,
      "fcf": 542000000,
      "ocf": 542000000,
      "capex": null,
      "gross_margin": null,
      "op_margin": 0.1564310544611819,
      "fcf_margin": 0.31402085747392816,
      "fcf_margin_change": 0.05138898629125188
    },
    {
      "date": "2020-12-31T00:00:00",
      "quarter_label": "2020-12 (Q4)",
      "revenue": 1695000000,
      "gross_profit": null,
      "operating_income": 277000000,
      "net_income": -50000000,
      "opex": 1418000000,
      "cogs": null,
      "rd": null,
      "sga": 393000000,
      "fcf": 497000000,
      "ocf": 497000000,
      "capex": null,
      "gross_margin": null,
      "op_margin": 0.16342182890855458,
      "fcf_margin": 0.29321533923303833,
      "fcf_margin_change": -0.02080551824088983
    },
    {
      "date": "2021-03-31T00:00:00",
      "quarter_label": "2021-03 (Q1)",
      "revenue": 1676000000,
      "gross_profit": 1478000000,
      "operating_income": 259000000,
      "net_income": 60000000,
      "opex": 1417000000,
      "cogs": 198000000,
      "rd": null,
      "sga": 408000000,
      "fcf": 665000000,
      "ocf": 665000000,
      "capex": null,
      "gross_margin": 0.8818615751789977,
      "op_margin": 0.15453460620525059,
      "fcf_margin": 0.3967780429594272,
      "incr_op_margin_yoy": 0.05058365758754864,
      "rev_growth_yoy": -0.13295395757889292,
      "fcf_margin_change": 0.10356270372638887
    },
    {
      "date": "2022-03-31T00:00:00",
      "quarter_label": "2022-03 (Q1)",
      "revenue": 1447000000,
      "gross_profit": 894000000,
      "operating_income": 121000000,
      "net_income": 65000000,
      "opex": 1326000000,
      "cogs": 553000000,
      "rd": null,
      "sga": 435000000,
      "fcf": 528000000,
      "ocf": 528000000,
      "capex": null,
      "gross_margin": 0.61782999308915,
      "op_margin": 0.08362128541810643,
      "fcf_margin": 0.3648928818244644,
      "incr_op_margin_yoy": 0.6026200873362445,
      "rev_growth_yoy": -0.1366348448687351,
      "rev_growth_yoy_accel": -0.003680887289842172,
      "fcf_margin_change": -0.031885161134962814
    },
    {
      "date": "2022-06-30T00:00:00",
      "quarter_label": "2022-06 (Q2)",
      "revenue": 1459000000,
      "gross_profit": 913000000,
      "operating_income": 166000000,
      "net_income": 101000000,
      "opex": 1293000000,
      "cogs": 546000000,
      "rd": null,
      "sga": 427000000,
      "fcf": 229000000,
      "ocf": 229000000,
      "capex": null,
      "gross_margin": 0.6257710760795065,
      "op_margin": 0.113776559287183,
      "fcf_margin": 0.15695681973954764,
      "fcf_margin_change": -0.20793606208491675
    },
    {
      "date": "2022-09-30T00:00:00",
      "quarter_label": "2022-09 (Q3)",
      "revenue": 1444000000,
      "gross_profit": 900000000,
      "operating_income": 169000000,
      "net_income": 120000000,
      "opex": 1275000000,
      "cogs": 544000000,
      "rd": null,
      "sga": 431000000,
      "fcf": 284000000,
      "ocf": 284000000,
      "capex": null,
      "gross_margin": 0.6232686980609419,
      "op_margin": 0.11703601108033242,
      "fcf_margin": 0.19667590027700832,
      "fcf_margin_change": 0.03971908053746068
    },
    {
      "date": "2022-12-31T00:00:00",
      "quarter_label": "2022-12 (Q4)",
      "revenue": 1437000000,
      "gross_profit": 911000000,
      "operating_income": 136000000,
      "net_income": 155000000,
      "opex": 1301000000,
      "cogs": 526000000,
      "rd": null,
      "sga": 452000000,
      "fcf": 360000000,
      "ocf": 360000000,
      "capex": null,
      "gross_margin": 0.6339596381350034,
      "op_margin": 0.09464161447459986,
      "fcf_margin": 0.25052192066805845,
      "fcf_margin_change": 0.05384602039105013
    },
    {
      "date": "2023-03-31T00:00:00",
      "quarter_label": "2023-03 (Q1)",
      "revenue": 1440000000,
      "gross_profit": 898000000,
      "operating_income": 143000000,
      "net_income": 3000000,
      "opex": 1297000000,
      "cogs": 542000000,
      "rd": null,
      "sga": 417000000,
      "fcf": 389000000,
      "ocf": 389000000,
      "capex": null,
      "gross_margin": 0.6236111111111111,
      "op_margin": 0.09930555555555555,
      "fcf_margin": 0.2701388888888889,
      "incr_op_margin_yoy": -3.142857142857143,
      "rev_growth_yoy": -0.0048375950241879755,
      "fcf_margin_change": 0.019616968220830422
    },
    {
      "date": "2023-06-30T00:00:00",
      "quarter_label": "2023-06 (Q2)",
      "revenue": 1449000000,
      "gross_profit": 921000000,
      "operating_income": 115000000,
      "net_income": -2000000,
      "opex": 1334000000,
      "cogs": 528000000,
      "rd": null,
      "sga": 428000000,
      "fcf": 276000000,
      "ocf": 276000000,
      "capex": null,
      "gross_margin": 0.6356107660455487,
      "op_margin": 0.07936507936507936,
      "fcf_margin": 0.19047619047619047,
      "incr_op_margin_yoy": 5.1,
      "rev_growth_yoy": -0.006854009595613434,
      "rev_growth_yoy_accel": -0.0020164145714254584,
      "fcf_margin_change": -0.07966269841269841
    },
    {
      "date": "2023-09-30T00:00:00",
      "quarter_label": "2023-09 (Q3)",
      "revenue": 1436000000,
      "gross_profit": 891000000,
      "operating_income": 114000000,
      "net_income": 11000000,
      "opex": 1322000000,
      "cogs": 545000000,
      "rd": null,
      "sga": 405000000,
      "fcf": 383000000,
      "ocf": 383000000,
      "capex": null,
      "gross_margin": 0.6204735376044568,
      "op_margin": 0.07938718662952646,
      "fcf_margin": 0.2667130919220056,
      "incr_op_margin_yoy": 6.875,
      "rev_growth_yoy": -0.00554016620498615,
      "rev_growth_yoy_accel": 0.0013138433906272843,
      "fcf_margin_change": 0.07623690144581513
    },
    {
      "date": "2023-12-31T00:00:00",
      "quarter_label": "2023-12 (Q4)",
      "revenue": 1426000000,
      "gross_profit": 916000000,
      "operating_income": 120000000,
      "net_income": 17000000,
      "opex": 1306000000,
      "cogs": 510000000,
      "rd": null,
      "sga": 396000000,
      "fcf": 296000000,
      "ocf": 296000000,
      "capex": null,
      "gross_margin": 0.6423562412342216,
      "op_margin": 0.08415147265077139,
      "fcf_margin": 0.20757363253856942,
      "incr_op_margin_yoy": 1.4545454545454546,
      "rev_growth_yoy": -0.007654836464857342,
      "rev_growth_yoy_accel": -0.002114670259871192,
      "fcf_margin_change": -0.05913945938343618
    },
    {
      "date": "2024-03-31T00:00:00",
      "quarter_label": "2024-03 (Q1)",
      "revenue": 1462000000,
      "gross_profit": 940000000,
      "operating_income": 90000000,
      "net_income": 1000000,
      "opex": 1372000000,
      "cogs": 522000000,
      "rd": null,
      "sga": 428000000,
      "fcf": 335000000,
      "ocf": 335000000,
      "capex": null,
      "gross_margin": 0.6429548563611491,
      "op_margin": 0.06155950752393981,
      "fcf_margin": 0.22913816689466485,
      "incr_op_margin_yoy": -2.409090909090909,
      "rev_growth_yoy": 0.015277777777777777,
      "rev_growth_yoy_accel": 0.022932614242635117,
      "op_leverage_ratio": 0.4995537421904883,
      "fcf_margin_change": 0.021564534356095427
    },
    {
      "date": "2024-06-30T00:00:00",
      "quarter_label": "2024-06 (Q2)",
      "revenue": 1480000000,
      "gross_profit": 964000000,
      "operating_income": 91000000,
      "net_income": -123000000,
      "opex": 1389000000,
      "cogs": 516000000,
      "rd": null,
      "sga": 449000000,
      "fcf": 374000000,
      "ocf": 374000000,
      "capex": null,
      "gross_margin": 0.6513513513513514,
      "op_margin": 0.06148648648648649,
      "fcf_margin": 0.2527027027027027,
      "incr_op_margin_yoy": -0.7741935483870968,
      "rev_growth_yoy": 0.02139406487232574,
      "rev_growth_yoy_accel": 0.006116287094547963,
      "op_leverage_ratio": 0.9936428743864166,
      "fcf_margin_change": 0.02356453580803783
    },
    {
      "date": "2024-09-30T00:00:00",
      "quarter_label": "2024-09 (Q3)",
      "revenue": 1489000000,
      "gross_profit": 951000000,
      "operating_income": 86000000,
      "net_income": -82000000,
      "opex": 1403000000,
      "cogs": 538000000,
      "rd": null,
      "sga": 427000000,
      "fcf": 618000000,
      "ocf": 618000000,
      "capex": null,
      "gross_margin": 0.638683680322364,
      "op_margin": 0.0577568838146407,
      "fcf_margin": 0.4150436534586971,
      "incr_op_margin_yoy": -0.5283018867924528,
      "rev_growth_yoy": 0.03690807799442897,
      "rev_growth_yoy_accel": 0.015514013122103227,
      "fcf_margin_change": 0.16234095075599442
    },
    {
      "date": "2024-12-31T00:00:00",
      "quarter_label": "2024-12 (Q4)",
      "revenue": 1506000000,
      "gross_profit": 972000000,
      "operating_income": 86000000,
      "net_income": -118000000,
      "opex": 1420000000,
      "cogs": 534000000,
      "rd": null,
      "sga": 421000000,
      "fcf": 294000000,
      "ocf": 294000000,
      "capex": null,
      "gross_margin": 0.6454183266932271,
      "op_margin": 0.057104913678618856,
      "fcf_margin": 0.1952191235059761,
      "incr_op_margin_yoy": -0.425,
      "rev_growth_yoy": 0.056100981767180924,
      "rev_growth_yoy_accel": 0.019192903772751957,
      "op_leverage_ratio": 0.9422431161853593,
      "fcf_margin_change": -0.219824529952721
    },
    {
      "date": "2025-03-31T00:00:00",
      "quarter_label": "2025-03 (Q1)",
      "revenue": 1511000000,
      "gross_profit": 990000000,
      "operating_income": 76000000,
      "net_income": -64000000,
      "opex": 1435000000,
      "cogs": 521000000,
      "rd": null,
      "sga": 433000000,
      "fcf": 519000000,
      "ocf": 519000000,
      "capex": null,
      "gross_margin": 0.6551952349437459,
      "op_margin": 0.05029781601588352,
      "fcf_margin": 0.343481138318994,
      "incr_op_margin_yoy": -0.2857142857142857,
      "rev_growth_yoy": 0.033515731874145006,
      "rev_growth_yoy_accel": -0.022585249893035918,
      "fcf_margin_change": 0.14826201481301793
    },
    {
      "date": "2025-06-30T00:00:00",
      "quarter_label": "2025-06 (Q2)",
      "revenue": 1539000000,
      "gross_profit": 1007000000,
      "operating_income": 44000000,
      "net_income": -123000000,
      "opex": 1495000000,
      "cogs": 532000000,
      "rd": null,
      "sga": 490000000,
      "fcf": 477000000,
      "ocf": 477000000,
      "capex": null,
      "gross_margin": 0.654320987654321,
      "op_margin": 0.028589993502274202,
      "fcf_margin": 0.30994152046783624,
      "incr_op_margin_yoy": -0.7966101694915254,
      "rev_growth_yoy": 0.03986486486486487,
      "rev_growth_yoy_accel": 0.006349132990719861,
      "op_leverage_ratio": 0.443194352525921,
      "fcf_margin_change": -0.03353961785115778
    },
    {
      "date": "2025-09-30T00:00:00",
      "quarter_label": "2025-09 (Q3)",
      "revenue": 1550000000,
      "gross_profit": 1003000000,
      "operating_income": 117000000,
      "net_income": -76000000,
      "opex": 1433000000,
      "cogs": 547000000,
      "rd": null,
      "sga": 395000000,
      "fcf": 504000000,
      "ocf": 504000000,
      "capex": null,
      "gross_margin": 0.6470967741935484,
      "op_margin": 0.07548387096774194,
      "fcf_margin": 0.3251612903225806,
      "incr_op_margin_yoy": 0.5081967213114754,
      "rev_growth_yoy": 0.0409670920080591,
      "rev_growth_yoy_accel": 0.0011022271431942315,
      "fcf_margin_change": 0.01521976985474438
    }
  ],
  "signals": [
    {
      "quarter": "2025-09 (Q3)",
      "signal": "INCREMENTAL MARGIN (YoY)",
      "detail": "YoY Incr OPM: +50.8% vs year-ago OPM: +5.8%",
      "severity": "HIGH"
    },
    {
      "quarter": "2025-03 (Q1)",
      "signal": "FCF MARGIN EXPANSION",
      "detail": "FCF margin: +19.5% -> +34.3% (+14.8%)",
      "severity": "MEDIUM"
    },
    {
      "quarter": "2024-09 (Q3)",
      "signal": "FCF MARGIN EXPANSION",
      "detail": "FCF margin: +25.3% -> +41.5% (+16.2%)",
      "severity": "MEDIUM"
    },
    {
      "quarter": "2023-12 (Q4)",
      "signal": "GROSS MARGIN INFLECTION",
      "detail": "GM: +63.6% -> +62.0% -> +64.2% (reversal +2.2%)",
      "severity": "MEDIUM"
    },
    {
      "quarter": "2023-12 (Q4)",
      "signal": "INCREMENTAL MARGIN (YoY)",
      "detail": "YoY Incr OPM: +145.5% vs year-ago OPM: +9.5%",
      "severity": "HIGH"
    },
    {
      "quarter": "2023-09 (Q3)",
      "signal": "FCF MARGIN EXPANSION",
      "detail": "FCF margin: +19.0% -> +26.7% (+7.6%)",
      "severity": "MEDIUM"
    },
    {
      "quarter": "2023-09 (Q3)",
      "signal": "INCREMENTAL MARGIN (YoY)",
      "detail": "YoY Incr OPM: +687.5% vs year-ago OPM: +11.7%",
      "severity": "HIGH"
    },
    {
      "quarter": "2023-06 (Q2)",
      "signal": "INCREMENTAL MARGIN (YoY)",
      "detail": "YoY Incr OPM: +510.0% vs year-ago OPM: +11.4%",
      "severity": "HIGH"
    },
    {
      "quarter": "2022-12 (Q4)",
      "signal": "FCF MARGIN EXPANSION",
      "detail": "FCF margin: +19.7% -> +25.1% (+5.4%)",
      "severity": "MEDIUM"
    },
    {
      "quarter": "2022-03 (Q1)",
      "signal": "INCREMENTAL MARGIN (YoY)",
      "detail": "YoY Incr OPM: +60.3% vs year-ago OPM: +15.5%",
      "severity": "HIGH"
    },
    {
      "quarter": "2021-03 (Q1)",
      "signal": "FCF MARGIN EXPANSION",
      "detail": "FCF margin: +29.3% -> +39.7% (+10.4%)",
      "severity": "MEDIUM"
    },
    {
      "quarter": "2020-09 (Q3)",
      "signal": "FCF MARGIN EXPANSION",
      "detail": "FCF margin: +26.3% -> +31.4% (+5.1%)",
      "severity": "MEDIUM"
    }
  ],
  "data_quality": {
    "n_quarters": 20,
    "coverage": {
      "revenue": [
        20,
        20
      ],
      "gross_profit": [
        17,
        20
      ],
      "op_income": [
        20,
        20
      ],
      "fcf": [
        20,
        20
      ]
    },
    "gaps": [
      [
        "2021-03 (Q1)",
        "2022-03 (Q1)",
        365
      ]
    ],
    "warnings": [
      "gap: 3Q missing between 2021-03 (Q1) and 2022-03 (Q1)"
    ]
  },
  "market_cap": null,
  "source": "SEC EDGAR",
  "last_updated": "2026-02-03T00:54:40.575219"
}