{
  "ticker": "GABC",
  "name": "GERMAN AMERICAN BANCORP, INC.",
  "quarters": [
    {
      "date": "2019-06-30T00:00:00",
      "quarter_label": "2019-06 (Q2)",
      "revenue": 8679000,
      "gross_profit": null,
      "operating_income": null,
      "net_income": null,
      "opex": null,
      "cogs": null,
      "rd": null,
      "sga": null,
      "fcf": null,
      "ocf": null,
      "capex": null,
      "gross_margin": null,
      "op_margin": null,
      "fcf_margin": null
    },
    {
      "date": "2019-09-30T00:00:00",
      "quarter_label": "2019-09 (Q3)",
      "revenue": 9291000,
      "gross_profit": null,
      "operating_income": null,
      "net_income": null,
      "opex": null,
      "cogs": null,
      "rd": null,
      "sga": null,
      "fcf": null,
      "ocf": null,
      "capex": null,
      "gross_margin": null,
      "op_margin": null,
      "fcf_margin": null
    },
    {
      "date": "2020-03-31T00:00:00",
      "quarter_label": "2020-03 (Q1)",
      "revenue": 10499000,
      "gross_profit": null,
      "operating_income": null,
      "net_income": null,
      "opex": null,
      "cogs": null,
      "rd": null,
      "sga": null,
      "fcf": null,
      "ocf": null,
      "capex": null,
      "gross_margin": null,
      "op_margin": null,
      "fcf_margin": null
    },
    {
      "date": "2020-06-30T00:00:00",
      "quarter_label": "2020-06 (Q2)",
      "revenue": 8092000,
      "gross_profit": null,
      "operating_income": null,
      "net_income": null,
      "opex": null,
      "cogs": null,
      "rd": null,
      "sga": null,
      "fcf": null,
      "ocf": null,
      "capex": null,
      "gross_margin": null,
      "op_margin": null,
      "fcf_margin": null,
      "rev_growth_yoy": -0.067634520106003
    },
    {
      "date": "2020-09-30T00:00:00",
      "quarter_label": "2020-09 (Q3)",
      "revenue": 9167000,
      "gross_profit": null,
      "operating_income": null,
      "net_income": null,
      "opex": null,
      "cogs": null,
      "rd": null,
      "sga": null,
      "fcf": null,
      "ocf": null,
      "capex": null,
      "gross_margin": null,
      "op_margin": null,
      "fcf_margin": null,
      "rev_growth_yoy": -0.013346249058228394,
      "rev_growth_yoy_accel": 0.05428827104777461
    },
    {
      "date": "2021-03-31T00:00:00",
      "quarter_label": "2021-03 (Q1)",
      "revenue": 10821000,
      "gross_profit": null,
      "operating_income": null,
      "net_income": 19557000,
      "opex": null,
      "cogs": null,
      "rd": null,
      "sga": null,
      "fcf": 25855000,
      "ocf": 26690000,
      "capex": -835000,
      "gross_margin": null,
      "op_margin": null,
      "fcf_margin": 2.3893355512429535,
      "rev_growth_yoy": 0.0306695875797695,
      "rev_growth_yoy_accel": 0.04401583663799789
    },
    {
      "date": "2021-06-30T00:00:00",
      "quarter_label": "2021-06 (Q2)",
      "revenue": 10583000,
      "gross_profit": null,
      "operating_income": null,
      "net_income": 23822000,
      "opex": null,
      "cogs": null,
      "rd": null,
      "sga": null,
      "fcf": 17774000,
      "ocf": 18734000,
      "capex": -960000,
      "gross_margin": null,
      "op_margin": null,
      "fcf_margin": 1.6794859680619862,
      "rev_growth_yoy": 0.30783489866534847,
      "rev_growth_yoy_accel": 0.27716531108557896,
      "fcf_margin_change": -0.7098495831809672
    },
    {
      "date": "2021-09-30T00:00:00",
      "quarter_label": "2021-09 (Q3)",
      "revenue": 10813000,
      "gross_profit": null,
      "operating_income": null,
      "net_income": 21486000,
      "opex": null,
      "cogs": null,
      "rd": null,
      "sga": null,
      "fcf": 27510000,
      "ocf": 28509000,
      "capex": -999000,
      "gross_margin": null,
      "op_margin": null,
      "fcf_margin": 2.544159807638953,
      "rev_growth_yoy": 0.1795571070142904,
      "rev_growth_yoy_accel": -0.12827779165105807,
      "fcf_margin_change": 0.8646738395769669
    },
    {
      "date": "2024-03-31T00:00:00",
      "quarter_label": "2024-03 (Q1)",
      "revenue": 84080000,
      "gross_profit": null,
      "operating_income": null,
      "net_income": 19022000,
      "opex": null,
      "cogs": null,
      "rd": null,
      "sga": null,
      "fcf": 22615000,
      "ocf": 23853000,
      "capex": -1238000,
      "gross_margin": null,
      "op_margin": null,
      "fcf_margin": 0.26897002854424357,
      "fcf_margin_change": -2.2751897790947098
    },
    {
      "date": "2024-06-30T00:00:00",
      "quarter_label": "2024-06 (Q2)",
      "revenue": 90500000,
      "gross_profit": null,
      "operating_income": null,
      "net_income": 20530000,
      "opex": null,
      "cogs": null,
      "rd": null,
      "sga": null,
      "fcf": 17038000,
      "ocf": 18709000,
      "capex": -1671000,
      "gross_margin": null,
      "op_margin": null,
      "fcf_margin": 0.18826519337016576,
      "fcf_margin_change": -0.08070483517407781
    },
    {
      "date": "2024-09-30T00:00:00",
      "quarter_label": "2024-09 (Q3)",
      "revenue": 88454000,
      "gross_profit": null,
      "operating_income": null,
      "net_income": 21048000,
      "opex": null,
      "cogs": null,
      "rd": null,
      "sga": null,
      "fcf": 23027000,
      "ocf": 24509000,
      "capex": -1482000,
      "gross_margin": null,
      "op_margin": null,
      "fcf_margin": 0.26032740181337194,
      "fcf_margin_change": 0.07206220844320618
    },
    {
      "date": "2024-12-31T00:00:00",
      "quarter_label": "2024-12 (Q4)",
      "revenue": 90669000,
      "gross_profit": null,
      "operating_income": null,
      "net_income": 23211000,
      "opex": null,
      "cogs": null,
      "rd": null,
      "sga": null,
      "fcf": 28037000,
      "ocf": 28693000,
      "capex": -656000,
      "gross_margin": null,
      "op_margin": null,
      "fcf_margin": 0.3092236596852287,
      "fcf_margin_change": 0.04889625787185675
    },
    {
      "date": "2025-03-31T00:00:00",
      "quarter_label": "2025-03 (Q1)",
      "revenue": 111056000,
      "gross_profit": null,
      "operating_income": null,
      "net_income": 10517000,
      "opex": null,
      "cogs": null,
      "rd": null,
      "sga": null,
      "fcf": 36675000,
      "ocf": 37928000,
      "capex": -1253000,
      "gross_margin": null,
      "op_margin": null,
      "fcf_margin": 0.33023879844402826,
      "rev_growth_yoy": 0.32083729781160797,
      "fcf_margin_change": 0.021015138758799567
    },
    {
      "date": "2025-06-30T00:00:00",
      "quarter_label": "2025-06 (Q2)",
      "revenue": 123168000,
      "gross_profit": null,
      "operating_income": null,
      "net_income": 31361000,
      "opex": null,
      "cogs": null,
      "rd": null,
      "sga": null,
      "fcf": 26165000,
      "ocf": 26916000,
      "capex": -751000,
      "gross_margin": null,
      "op_margin": null,
      "fcf_margin": 0.21243342426604314,
      "rev_growth_yoy": 0.36097237569060775,
      "rev_growth_yoy_accel": 0.04013507787899978,
      "fcf_margin_change": -0.11780537417798512
    },
    {
      "date": "2025-09-30T00:00:00",
      "quarter_label": "2025-09 (Q3)",
      "revenue": 126526000,
      "gross_profit": null,
      "operating_income": null,
      "net_income": 35074000,
      "opex": null,
      "cogs": null,
      "rd": null,
      "sga": null,
      "fcf": 50145000,
      "ocf": 51803000,
      "capex": -1658000,
      "gross_margin": null,
      "op_margin": null,
      "fcf_margin": 0.3963217046298784,
      "rev_growth_yoy": 0.43041580934723134,
      "rev_growth_yoy_accel": 0.06944343365662359,
      "fcf_margin_change": 0.18388828036383528
    }
  ],
  "signals": [
    {
      "quarter": "2025-09 (Q3)",
      "signal": "FCF MARGIN EXPANSION",
      "detail": "FCF margin: +21.2% -> +39.6% (+18.4%)",
      "severity": "MEDIUM"
    },
    {
      "quarter": "2025-09 (Q3)",
      "signal": "YoY REVENUE GROWTH ACCELERATION",
      "detail": "YoY growth: +43.0% vs prior quarter YoY: +36.1% (accel: +6.9%)",
      "severity": "MEDIUM"
    },
    {
      "quarter": "2024-09 (Q3)",
      "signal": "FCF MARGIN EXPANSION",
      "detail": "FCF margin: +18.8% -> +26.0% (+7.2%)",
      "severity": "MEDIUM"
    },
    {
      "quarter": "2021-09 (Q3)",
      "signal": "FCF MARGIN EXPANSION",
      "detail": "FCF margin: +167.9% -> +254.4% (+86.5%)",
      "severity": "MEDIUM"
    },
    {
      "quarter": "2021-09 (Q3)",
      "signal": "YoY REVENUE GROWTH DECELERATION",
      "detail": "YoY growth: +18.0% vs prior quarter YoY: +30.8% (decel: -12.8%)",
      "severity": "WARNING"
    },
    {
      "quarter": "2021-06 (Q2)",
      "signal": "YoY REVENUE GROWTH ACCELERATION",
      "detail": "YoY growth: +30.8% vs prior quarter YoY: +3.1% (accel: +27.7%)",
      "severity": "HIGH"
    },
    {
      "quarter": "2020-09 (Q3)",
      "signal": "YoY REVENUE GROWTH ACCELERATION",
      "detail": "YoY growth: -1.3% vs prior quarter YoY: -6.8% (accel: +5.4%)",
      "severity": "MEDIUM"
    }
  ],
  "data_quality": {
    "n_quarters": 15,
    "coverage": {
      "revenue": [
        15,
        15
      ],
      "gross_profit": [
        0,
        15
      ],
      "op_income": [
        0,
        15
      ],
      "fcf": [
        10,
        15
      ]
    },
    "gaps": [
      [
        "2019-09 (Q3)",
        "2020-03 (Q1)",
        183
      ],
      [
        "2020-09 (Q3)",
        "2021-03 (Q1)",
        182
      ],
      [
        "2021-09 (Q3)",
        "2024-03 (Q1)",
        913
      ]
    ],
    "warnings": [
      "gross_profit: no data",
      "op_income: no data",
      "fcf: 10/15Q",
      "gap: 1Q missing between 2019-09 (Q3) and 2020-03 (Q1)",
      "gap: 1Q missing between 2020-09 (Q3) and 2021-03 (Q1)",
      "gap: 9Q missing between 2021-09 (Q3) and 2024-03 (Q1)"
    ]
  },
  "market_cap": null,
  "source": "SEC EDGAR",
  "last_updated": "2026-02-02T21:46:31.197463",
  "sector": "Financial Services",
  "industry": "Banks - Regional"
}