{
  "ticker": "GAIA",
  "name": "GAIA, INC",
  "quarters": [
    {
      "date": "2020-12-31T00:00:00",
      "quarter_label": "2020-12 (Q4)",
      "revenue": 18626000,
      "gross_profit": 16223000,
      "operating_income": 489000,
      "net_income": 310000,
      "opex": 15734000,
      "cogs": 2403000,
      "rd": null,
      "sga": null,
      "fcf": 4453000,
      "ocf": 4453000,
      "capex": null,
      "gross_margin": 0.8709867926554279,
      "op_margin": 0.026253623966498444,
      "fcf_margin": 0.23907441211210137
    },
    {
      "date": "2021-03-31T00:00:00",
      "quarter_label": "2021-03 (Q1)",
      "revenue": 18896000,
      "gross_profit": 16458000,
      "operating_income": 424000,
      "net_income": 358000,
      "opex": 16034000,
      "cogs": 2438000,
      "rd": null,
      "sga": null,
      "fcf": 414000,
      "ocf": 5188000,
      "capex": -4774000,
      "gross_margin": 0.870977984758679,
      "op_margin": 0.02243861134631668,
      "fcf_margin": 0.02190939881456393,
      "op_leverage_ratio": 0.7602598518200365,
      "fcf_margin_change": -0.21716501329753743
    },
    {
      "date": "2021-06-30T00:00:00",
      "quarter_label": "2021-06 (Q2)",
      "revenue": 19443000,
      "gross_profit": 16934000,
      "operating_income": 695000,
      "net_income": 643000,
      "opex": 16239000,
      "cogs": 2509000,
      "rd": null,
      "sga": null,
      "fcf": 47000,
      "ocf": 4252000,
      "capex": -4205000,
      "gross_margin": 0.8709561281695212,
      "op_margin": 0.03574551252378748,
      "fcf_margin": 0.0024173224296662036,
      "op_leverage_ratio": 2.264151401251523,
      "fcf_margin_change": -0.019492076384897725
    },
    {
      "date": "2021-09-30T00:00:00",
      "quarter_label": "2021-09 (Q3)",
      "revenue": 20405000,
      "gross_profit": 17779000,
      "operating_income": 726000,
      "net_income": 647000,
      "opex": 17053000,
      "cogs": 2626000,
      "rd": null,
      "sga": null,
      "fcf": 770000,
      "ocf": 5146000,
      "capex": -4376000,
      "gross_margin": 0.8713060524381279,
      "op_margin": 0.03557951482479784,
      "fcf_margin": 0.03773584905660377,
      "op_leverage_ratio": 0.9870670912176853,
      "fcf_margin_change": 0.03531852662693757
    },
    {
      "date": "2021-12-31T00:00:00",
      "quarter_label": "2021-12 (Q4)",
      "revenue": 20829000,
      "gross_profit": 17876000,
      "operating_income": 140000,
      "net_income": 2083000,
      "opex": 17736000,
      "cogs": 2953000,
      "rd": null,
      "sga": null,
      "fcf": 6281000,
      "ocf": 6281000,
      "capex": null,
      "gross_margin": 0.8582265111143118,
      "op_margin": 0.0067213980507945656,
      "fcf_margin": 0.3015507225502905,
      "incr_op_margin_yoy": -0.1584203359055833,
      "rev_growth_yoy": 0.1182755288306668,
      "op_leverage_ratio": 0.5188112034378506,
      "fcf_margin_change": 0.2638148734936867
    },
    {
      "date": "2022-03-31T00:00:00",
      "quarter_label": "2022-03 (Q1)",
      "revenue": 21831000,
      "gross_profit": 18926000,
      "operating_income": 307000,
      "net_income": 86000,
      "opex": 18619000,
      "cogs": 2905000,
      "rd": null,
      "sga": null,
      "fcf": -978000,
      "ocf": 1200000,
      "capex": -2178000,
      "gross_margin": 0.8669323439146168,
      "op_margin": 0.014062571572534469,
      "fcf_margin": -0.04479868077504466,
      "incr_op_margin_yoy": -0.03986371379897785,
      "rev_growth_yoy": 0.15532387806943268,
      "rev_growth_yoy_accel": 0.037048349238765876,
      "op_leverage_ratio": 0.9662606152770602,
      "fcf_margin_change": -0.34634940332533515
    },
    {
      "date": "2022-06-30T00:00:00",
      "quarter_label": "2022-06 (Q2)",
      "revenue": 20720000,
      "gross_profit": 17961000,
      "operating_income": 298000,
      "net_income": 116000,
      "opex": 17663000,
      "cogs": 2759000,
      "rd": null,
      "sga": null,
      "fcf": -2199000,
      "ocf": 95000,
      "capex": -2294000,
      "gross_margin": 0.8668436293436294,
      "op_margin": 0.014382239382239382,
      "fcf_margin": -0.10612934362934363,
      "incr_op_margin_yoy": -0.31088488645262335,
      "rev_growth_yoy": 0.06567916473795196,
      "rev_growth_yoy_accel": -0.08964471333148072,
      "fcf_margin_change": -0.06133066285429897
    },
    {
      "date": "2022-09-30T00:00:00",
      "quarter_label": "2022-09 (Q3)",
      "revenue": 19907000,
      "gross_profit": 17259000,
      "operating_income": -303000,
      "net_income": -2375000,
      "opex": 17562000,
      "cogs": 2648000,
      "rd": null,
      "sga": null,
      "fcf": -2806000,
      "ocf": -704000,
      "capex": -2102000,
      "gross_margin": 0.8669814638067012,
      "op_margin": -0.015220776611242277,
      "fcf_margin": -0.14095544280906214,
      "rev_growth_yoy": -0.024405782896348933,
      "rev_growth_yoy_accel": -0.09008494763430089,
      "fcf_margin_change": -0.0348260991797185
    },
    {
      "date": "2022-12-31T00:00:00",
      "quarter_label": "2022-12 (Q4)",
      "revenue": -60858000,
      "gross_profit": 16974000,
      "operating_income": -567000,
      "net_income": -922000,
      "opex": 17541000,
      "cogs": 2603000,
      "rd": null,
      "sga": null,
      "fcf": -754000,
      "ocf": 1089000,
      "capex": -1843000,
      "gross_margin": -0.2789115646258503,
      "op_margin": 0.009316770186335404,
      "fcf_margin": 0.012389496861546551,
      "incr_op_margin_yoy": 0.008654987941777761,
      "rev_growth_yoy": -3.9217917326803975,
      "rev_growth_yoy_accel": -3.8973859497840486,
      "fcf_margin_change": 0.1533449396706087
    },
    {
      "date": "2023-03-31T00:00:00",
      "quarter_label": "2023-03 (Q1)",
      "revenue": 19647000,
      "gross_profit": 16874000,
      "operating_income": -1022000,
      "net_income": -1143000,
      "opex": 17896000,
      "cogs": 2773000,
      "rd": null,
      "sga": null,
      "fcf": -732000,
      "ocf": 686000,
      "capex": -1418000,
      "gross_margin": 0.8588588588588588,
      "op_margin": -0.052018119814729986,
      "fcf_margin": -0.03725759657963048,
      "incr_op_margin_yoy": 0.6085164835164835,
      "rev_growth_yoy": -0.10004122577985433,
      "rev_growth_yoy_accel": 3.821750506900543,
      "fcf_margin_change": -0.04964709344117703
    },
    {
      "date": "2023-06-30T00:00:00",
      "quarter_label": "2023-06 (Q2)",
      "revenue": 19839000,
      "gross_profit": 17000000,
      "operating_income": -1605000,
      "net_income": -1718000,
      "opex": 18605000,
      "cogs": 2839000,
      "rd": null,
      "sga": null,
      "fcf": 93000,
      "ocf": 584000,
      "capex": -491000,
      "gross_margin": 0.856898029134533,
      "op_margin": -0.08090125510358386,
      "fcf_margin": 0.004687736277030092,
      "rev_growth_yoy": -0.042519305019305016,
      "rev_growth_yoy_accel": 0.057521920760549315,
      "fcf_margin_change": 0.04194533285666057
    },
    {
      "date": "2023-09-30T00:00:00",
      "quarter_label": "2023-09 (Q3)",
      "revenue": 20223000,
      "gross_profit": 17240000,
      "operating_income": -447000,
      "net_income": -588000,
      "opex": 17687000,
      "cogs": 2983000,
      "rd": null,
      "sga": null,
      "fcf": 349000,
      "ocf": 1415000,
      "capex": -1066000,
      "gross_margin": 0.8524946842703852,
      "op_margin": -0.02210354546803145,
      "fcf_margin": 0.017257578005241556,
      "rev_growth_yoy": 0.015873813231526597,
      "rev_growth_yoy_accel": 0.05839311825083161,
      "op_leverage_ratio": Infinity,
      "fcf_margin_change": 0.012569841728211465
    },
    {
      "date": "2023-12-31T00:00:00",
      "quarter_label": "2023-12 (Q4)",
      "revenue": -57009000,
      "gross_profit": 17680000,
      "operating_income": -1493000,
      "net_income": -2146000,
      "opex": 19173000,
      "cogs": 3034000,
      "rd": null,
      "sga": null,
      "fcf": 886000,
      "ocf": 3185000,
      "capex": -2299000,
      "gross_margin": -0.310126471258924,
      "op_margin": 0.02618884737497588,
      "fcf_margin": -0.015541405742952867,
      "incr_op_margin_yoy": -0.2405819693426864,
      "fcf_margin_change": -0.03279898374819443
    },
    {
      "date": "2024-03-31T00:00:00",
      "quarter_label": "2024-03 (Q1)",
      "revenue": 21693000,
      "gross_profit": 18525000,
      "operating_income": -863000,
      "net_income": -971000,
      "opex": 19388000,
      "cogs": 3168000,
      "rd": null,
      "sga": null,
      "fcf": 4863000,
      "ocf": 5936000,
      "capex": -1073000,
      "gross_margin": 0.8539621075923108,
      "op_margin": -0.03978241829161481,
      "fcf_margin": 0.22417369658415157,
      "incr_op_margin_yoy": 0.07771260997067449,
      "rev_growth_yoy": 0.10413803634142617,
      "fcf_margin_change": 0.23971510232710444
    },
    {
      "date": "2024-06-30T00:00:00",
      "quarter_label": "2024-06 (Q2)",
      "revenue": 22081000,
      "gross_profit": 18666000,
      "operating_income": -2019000,
      "net_income": -2163000,
      "opex": 20685000,
      "cogs": 3415000,
      "rd": null,
      "sga": null,
      "fcf": -3528000,
      "ocf": -2081000,
      "capex": -1447000,
      "gross_margin": 0.8453421493591776,
      "op_margin": -0.09143607626466192,
      "fcf_margin": -0.15977537249218784,
      "incr_op_margin_yoy": -0.18465655664585193,
      "rev_growth_yoy": 0.113009728312919,
      "rev_growth_yoy_accel": 0.008871691971492832,
      "op_leverage_ratio": 0.26736536317884596,
      "fcf_margin_change": -0.3839490690763394
    },
    {
      "date": "2024-09-30T00:00:00",
      "quarter_label": "2024-09 (Q3)",
      "revenue": 22156000,
      "gross_profit": 19055000,
      "operating_income": -1356000,
      "net_income": -1500000,
      "opex": 20411000,
      "cogs": 3101000,
      "rd": null,
      "sga": null,
      "fcf": -952000,
      "ocf": 409000,
      "capex": -1361000,
      "gross_margin": 0.8600379129806824,
      "op_margin": -0.061202383101642895,
      "fcf_margin": -0.04296804477342481,
      "incr_op_margin_yoy": -0.4702534919813761,
      "rev_growth_yoy": 0.09558423577115166,
      "rev_growth_yoy_accel": -0.01742549254176734,
      "fcf_margin_change": 0.11680732771876304
    },
    {
      "date": "2024-12-31T00:00:00",
      "quarter_label": "2024-12 (Q4)",
      "revenue": -61930000,
      "gross_profit": 21564000,
      "operating_income": -1695000,
      "net_income": -764000,
      "opex": 23259000,
      "cogs": 2869000,
      "rd": null,
      "sga": null,
      "fcf": 1558000,
      "ocf": 2659000,
      "capex": -1101000,
      "gross_margin": -0.348199580171161,
      "op_margin": 0.027369610850960763,
      "fcf_margin": -0.025157435814629422,
      "incr_op_margin_yoy": 0.04104856736435684,
      "fcf_margin_change": 0.017810608958795385
    },
    {
      "date": "2025-03-31T00:00:00",
      "quarter_label": "2025-03 (Q1)",
      "revenue": 23840000,
      "gross_profit": 20905000,
      "operating_income": -1014000,
      "net_income": -1219000,
      "opex": 21919000,
      "cogs": 2935000,
      "rd": null,
      "sga": null,
      "fcf": 268000,
      "ocf": 1298000,
      "capex": -1030000,
      "gross_margin": 0.8768875838926175,
      "op_margin": -0.042533557046979864,
      "fcf_margin": 0.011241610738255034,
      "incr_op_margin_yoy": -0.0703306939916162,
      "rev_growth_yoy": 0.0989720186235191,
      "fcf_margin_change": 0.03639904655288446
    },
    {
      "date": "2025-06-30T00:00:00",
      "quarter_label": "2025-06 (Q2)",
      "revenue": 24632000,
      "gross_profit": 21347000,
      "operating_income": -2196000,
      "net_income": -2047000,
      "opex": 23543000,
      "cogs": 3285000,
      "rd": null,
      "sga": null,
      "fcf": 880000,
      "ocf": 2284000,
      "capex": -1404000,
      "gross_margin": 0.8666368950958103,
      "op_margin": -0.08915232218252679,
      "fcf_margin": 0.03572588502760637,
      "incr_op_margin_yoy": -0.06938455507644062,
      "rev_growth_yoy": 0.11552918798967438,
      "rev_growth_yoy_accel": 0.01655716936615527,
      "op_leverage_ratio": 0.44838765001487746,
      "fcf_margin_change": 0.024484274289351335
    },
    {
      "date": "2025-09-30T00:00:00",
      "quarter_label": "2025-09 (Q3)",
      "revenue": 24984000,
      "gross_profit": 21574000,
      "operating_income": -1241000,
      "net_income": -1153000,
      "opex": 22815000,
      "cogs": 3410000,
      "rd": null,
      "sga": null,
      "fcf": -1601000,
      "ocf": 326000,
      "capex": -1927000,
      "gross_margin": 0.8635126480947807,
      "op_margin": -0.04967178994556516,
      "fcf_margin": -0.06408101184758246,
      "incr_op_margin_yoy": 0.04066478076379067,
      "rev_growth_yoy": 0.12764036829752662,
      "rev_growth_yoy_accel": 0.012111180307852243,
      "op_leverage_ratio": Infinity,
      "fcf_margin_change": -0.09980689687518882
    }
  ],
  "signals": [
    {
      "quarter": "2025-03 (Q1)",
      "signal": "FCF TURNED POSITIVE",
      "detail": "FCF margin: -2.5% -> +1.1%",
      "severity": "HIGH"
    },
    {
      "quarter": "2025-03 (Q1)",
      "signal": "GROSS MARGIN INFLECTION",
      "detail": "GM: +86.0% -> -34.8% -> +87.7% (reversal +122.5%)",
      "severity": "HIGH"
    },
    {
      "quarter": "2024-12 (Q4)",
      "signal": "OP MARGIN TURNED POSITIVE (QoQ)",
      "detail": "Op margin: -6.1% -> +2.7%",
      "severity": "HIGH"
    },
    {
      "quarter": "2024-09 (Q3)",
      "signal": "FCF MARGIN EXPANSION",
      "detail": "FCF margin: -16.0% -> -4.3% (+11.7%)",
      "severity": "MEDIUM"
    },
    {
      "quarter": "2024-03 (Q1)",
      "signal": "FCF TURNED POSITIVE",
      "detail": "FCF margin: -1.6% -> +22.4%",
      "severity": "HIGH"
    },
    {
      "quarter": "2024-03 (Q1)",
      "signal": "GROSS MARGIN INFLECTION",
      "detail": "GM: +85.2% -> -31.0% -> +85.4% (reversal +116.4%)",
      "severity": "HIGH"
    },
    {
      "quarter": "2023-12 (Q4)",
      "signal": "OP MARGIN TURNED POSITIVE (QoQ)",
      "detail": "Op margin: -2.2% -> +2.6%",
      "severity": "HIGH"
    },
    {
      "quarter": "2023-09 (Q3)",
      "signal": "YoY REVENUE GROWTH ACCELERATION",
      "detail": "YoY growth: +1.6% vs prior quarter YoY: -4.3% (accel: +5.8%)",
      "severity": "MEDIUM"
    },
    {
      "quarter": "2023-06 (Q2)",
      "signal": "FCF TURNED POSITIVE",
      "detail": "FCF margin: -3.7% -> +0.5%",
      "severity": "HIGH"
    },
    {
      "quarter": "2023-06 (Q2)",
      "signal": "YoY REVENUE GROWTH ACCELERATION",
      "detail": "YoY growth: -4.3% vs prior quarter YoY: -10.0% (accel: +5.8%)",
      "severity": "MEDIUM"
    },
    {
      "quarter": "2023-03 (Q1)",
      "signal": "GROSS MARGIN INFLECTION",
      "detail": "GM: +86.7% -> -27.9% -> +85.9% (reversal +113.8%)",
      "severity": "HIGH"
    },
    {
      "quarter": "2023-03 (Q1)",
      "signal": "YoY REVENUE GROWTH ACCELERATION",
      "detail": "YoY growth: -10.0% vs prior quarter YoY: -392.2% (accel: +382.2%)",
      "severity": "HIGH"
    },
    {
      "quarter": "2022-12 (Q4)",
      "signal": "FCF TURNED POSITIVE",
      "detail": "FCF margin: -14.1% -> +1.2%",
      "severity": "HIGH"
    },
    {
      "quarter": "2022-12 (Q4)",
      "signal": "YoY REVENUE GROWTH DECELERATION",
      "detail": "YoY growth: -392.2% vs prior quarter YoY: -2.4% (decel: -389.7%)",
      "severity": "WARNING"
    },
    {
      "quarter": "2022-12 (Q4)",
      "signal": "OP MARGIN TURNED POSITIVE (QoQ)",
      "detail": "Op margin: -1.5% -> +0.9%",
      "severity": "HIGH"
    },
    {
      "quarter": "2022-09 (Q3)",
      "signal": "YoY REVENUE GROWTH DECELERATION",
      "detail": "YoY growth: -2.4% vs prior quarter YoY: +6.6% (decel: -9.0%)",
      "severity": "WARNING"
    },
    {
      "quarter": "2022-06 (Q2)",
      "signal": "YoY REVENUE GROWTH DECELERATION",
      "detail": "YoY growth: +6.6% vs prior quarter YoY: +15.5% (decel: -9.0%)",
      "severity": "WARNING"
    },
    {
      "quarter": "2021-12 (Q4)",
      "signal": "FCF MARGIN EXPANSION",
      "detail": "FCF margin: +3.8% -> +30.2% (+26.4%)",
      "severity": "MEDIUM"
    },
    {
      "quarter": "2021-06 (Q2)",
      "signal": "OPERATING LEVERAGE",
      "detail": "Rev growth +2.9% vs OpEx growth +1.3% (leverage: 2.3x)",
      "severity": "MEDIUM"
    }
  ],
  "data_quality": {
    "n_quarters": 20,
    "coverage": {
      "revenue": [
        20,
        20
      ],
      "gross_profit": [
        20,
        20
      ],
      "op_income": [
        20,
        20
      ],
      "fcf": [
        20,
        20
      ]
    },
    "gaps": [],
    "warnings": []
  },
  "market_cap": null,
  "source": "SEC EDGAR",
  "last_updated": "2026-02-02T23:24:34.288017"
}