{
  "ticker": "GATX",
  "name": "GATX Corporation",
  "sector": "Industrials",
  "industry": "Rental & Leasing Services",
  "quarters": [
    {
      "date": "2021-03-31T00:00:00",
      "quarter_label": "2021-03 (Q1)",
      "revenue": 305800000,
      "gross_profit": null,
      "operating_income": null,
      "net_income": 36500000,
      "opex": 235700000,
      "cogs": null,
      "rd": null,
      "sga": 47100000,
      "fcf": -433100000,
      "ocf": 76400000,
      "capex": -509500000,
      "gross_margin": null,
      "op_margin": null,
      "fcf_margin": -1.4162851536952257
    },
    {
      "date": "2021-06-30T00:00:00",
      "quarter_label": "2021-06 (Q2)",
      "revenue": 317100000,
      "gross_profit": null,
      "operating_income": null,
      "net_income": 5500000,
      "opex": 243000000,
      "cogs": null,
      "rd": null,
      "sga": 47800000,
      "fcf": -31700000,
      "ocf": 122200000,
      "capex": -153900000,
      "gross_margin": null,
      "op_margin": null,
      "fcf_margin": -0.0999684642068748,
      "op_leverage_ratio": 1.1931023052044043,
      "fcf_margin_change": 1.316316689488351
    },
    {
      "date": "2021-09-30T00:00:00",
      "quarter_label": "2021-09 (Q3)",
      "revenue": 313500000,
      "gross_profit": null,
      "operating_income": null,
      "net_income": 40100000,
      "opex": 233600000,
      "cogs": null,
      "rd": null,
      "sga": 45900000,
      "fcf": 141400000,
      "ocf": 141400000,
      "capex": null,
      "gross_margin": null,
      "op_margin": null,
      "fcf_margin": 0.45103668261562996,
      "fcf_margin_change": 0.5510051468225048
    },
    {
      "date": "2021-12-31T00:00:00",
      "quarter_label": "2021-12 (Q4)",
      "revenue": 321000000,
      "gross_profit": null,
      "operating_income": null,
      "net_income": 61000000,
      "opex": 248200000,
      "cogs": null,
      "rd": null,
      "sga": 57500000,
      "fcf": 167200000,
      "ocf": 167200000,
      "capex": null,
      "gross_margin": null,
      "op_margin": null,
      "fcf_margin": 0.5208722741433022,
      "op_leverage_ratio": 0.3827751196172249,
      "fcf_margin_change": 0.06983559152767221
    },
    {
      "date": "2022-03-31T00:00:00",
      "quarter_label": "2022-03 (Q1)",
      "revenue": 316600000,
      "gross_profit": null,
      "operating_income": null,
      "net_income": 75800000,
      "opex": 235300000,
      "cogs": null,
      "rd": null,
      "sga": 47200000,
      "fcf": 100200000,
      "ocf": 100200000,
      "capex": null,
      "gross_margin": null,
      "op_margin": null,
      "fcf_margin": 0.31648768161718255,
      "rev_growth_yoy": 0.03531720078482668,
      "fcf_margin_change": -0.20438459252611962
    },
    {
      "date": "2022-06-30T00:00:00",
      "quarter_label": "2022-06 (Q2)",
      "revenue": 312700000,
      "gross_profit": null,
      "operating_income": null,
      "net_income": 2600000,
      "opex": 230900000,
      "cogs": null,
      "rd": null,
      "sga": 47900000,
      "fcf": 116300000,
      "ocf": 116300000,
      "capex": null,
      "gross_margin": null,
      "op_margin": null,
      "fcf_margin": 0.3719219699392389,
      "rev_growth_yoy": -0.013875748975086723,
      "rev_growth_yoy_accel": -0.04919294975991341,
      "fcf_margin_change": 0.055434288322056324
    },
    {
      "date": "2022-09-30T00:00:00",
      "quarter_label": "2022-09 (Q3)",
      "revenue": 321000000,
      "gross_profit": null,
      "operating_income": null,
      "net_income": 29100000,
      "opex": 233500000,
      "cogs": null,
      "rd": null,
      "sga": 47600000,
      "fcf": 136100000,
      "ocf": 136100000,
      "capex": null,
      "gross_margin": null,
      "op_margin": null,
      "fcf_margin": 0.42398753894081,
      "rev_growth_yoy": 0.023923444976076555,
      "rev_growth_yoy_accel": 0.03779919395116328,
      "op_leverage_ratio": 2.3572236845342056,
      "fcf_margin_change": 0.05206556900157111
    },
    {
      "date": "2022-12-31T00:00:00",
      "quarter_label": "2022-12 (Q4)",
      "revenue": 322700000,
      "gross_profit": null,
      "operating_income": null,
      "net_income": 48400000,
      "opex": 233100000,
      "cogs": null,
      "rd": null,
      "sga": 52300000,
      "fcf": 180900000,
      "ocf": 180900000,
      "capex": null,
      "gross_margin": null,
      "op_margin": null,
      "fcf_margin": 0.5605825844437559,
      "rev_growth_yoy": 0.00529595015576324,
      "rev_growth_yoy_accel": -0.018627494820313315,
      "fcf_margin_change": 0.13659504550294588
    },
    {
      "date": "2023-03-31T00:00:00",
      "quarter_label": "2023-03 (Q1)",
      "revenue": 338900000,
      "gross_profit": null,
      "operating_income": null,
      "net_income": 77400000,
      "opex": 246100000,
      "cogs": null,
      "rd": null,
      "sga": 50400000,
      "fcf": 95000000,
      "ocf": 95000000,
      "capex": null,
      "gross_margin": null,
      "op_margin": null,
      "fcf_margin": 0.28031867807612865,
      "rev_growth_yoy": 0.0704358812381554,
      "rev_growth_yoy_accel": 0.06513993108239216,
      "op_leverage_ratio": 0.9001501752044052,
      "fcf_margin_change": -0.2802639063676272
    },
    {
      "date": "2023-06-30T00:00:00",
      "quarter_label": "2023-06 (Q2)",
      "revenue": 343200000,
      "gross_profit": null,
      "operating_income": null,
      "net_income": 63300000,
      "opex": 248800000,
      "cogs": null,
      "rd": null,
      "sga": 52000000,
      "fcf": 163400000,
      "ocf": 163400000,
      "capex": null,
      "gross_margin": null,
      "op_margin": null,
      "fcf_margin": 0.4761072261072261,
      "rev_growth_yoy": 0.0975375759513911,
      "rev_growth_yoy_accel": 0.027101694713235702,
      "op_leverage_ratio": 1.1564976011715462,
      "fcf_margin_change": 0.19578854803109746
    },
    {
      "date": "2023-09-30T00:00:00",
      "quarter_label": "2023-09 (Q3)",
      "revenue": 360100000,
      "gross_profit": null,
      "operating_income": null,
      "net_income": 52500000,
      "opex": 257100000,
      "cogs": null,
      "rd": null,
      "sga": 51000000,
      "fcf": 141700000,
      "ocf": 141700000,
      "capex": null,
      "gross_margin": null,
      "op_margin": null,
      "fcf_margin": 0.3935018050541516,
      "rev_growth_yoy": 0.12180685358255451,
      "rev_growth_yoy_accel": 0.024269277631163405,
      "op_leverage_ratio": 1.4760861628331508,
      "fcf_margin_change": -0.0826054210530745
    },
    {
      "date": "2023-12-31T00:00:00",
      "quarter_label": "2023-12 (Q4)",
      "revenue": 368700000,
      "gross_profit": null,
      "operating_income": null,
      "net_income": 66000000,
      "opex": 270900000,
      "cogs": null,
      "rd": null,
      "sga": 59300000,
      "fcf": 120300000,
      "ocf": 120300000,
      "capex": null,
      "gross_margin": null,
      "op_margin": null,
      "fcf_margin": 0.32628152969894225,
      "rev_growth_yoy": 0.14254725751471956,
      "rev_growth_yoy_accel": 0.020740403932165044,
      "op_leverage_ratio": 0.44493679291984106,
      "fcf_margin_change": -0.06722027535520936
    },
    {
      "date": "2024-03-31T00:00:00",
      "quarter_label": "2024-03 (Q1)",
      "revenue": 379900000,
      "gross_profit": null,
      "operating_income": null,
      "net_income": 74300000,
      "opex": 265900000,
      "cogs": null,
      "rd": null,
      "sga": 55900000,
      "fcf": 97600000,
      "ocf": 97600000,
      "capex": null,
      "gross_margin": null,
      "op_margin": null,
      "fcf_margin": 0.2569097130823901,
      "rev_growth_yoy": 0.12097964001180289,
      "rev_growth_yoy_accel": -0.021567617502916664,
      "op_leverage_ratio": null,
      "fcf_margin_change": -0.06937181661655217
    },
    {
      "date": "2024-06-30T00:00:00",
      "quarter_label": "2024-06 (Q2)",
      "revenue": 386700000,
      "gross_profit": null,
      "operating_income": null,
      "net_income": 44400000,
      "opex": 276500000,
      "cogs": null,
      "rd": null,
      "sga": 58600000,
      "fcf": 138300000,
      "ocf": 138300000,
      "capex": null,
      "gross_margin": null,
      "op_margin": null,
      "fcf_margin": 0.35764158262218776,
      "rev_growth_yoy": 0.12674825174825174,
      "rev_growth_yoy_accel": 0.005768611736448853,
      "op_leverage_ratio": 0.44900594496068974,
      "fcf_margin_change": 0.10073186953979768
    },
    {
      "date": "2024-09-30T00:00:00",
      "quarter_label": "2024-09 (Q3)",
      "revenue": 405400000,
      "gross_profit": null,
      "operating_income": null,
      "net_income": 89000000,
      "opex": 278600000,
      "cogs": null,
      "rd": null,
      "sga": 57200000,
      "fcf": 160200000,
      "ocf": 160200000,
      "capex": null,
      "gross_margin": null,
      "op_margin": null,
      "fcf_margin": 0.3951652688702516,
      "rev_growth_yoy": 0.12579838933629547,
      "rev_growth_yoy_accel": -0.0009498624119562704,
      "op_leverage_ratio": 6.367123523834152,
      "fcf_margin_change": 0.03752368624806385
    },
    {
      "date": "2024-12-31T00:00:00",
      "quarter_label": "2024-12 (Q4)",
      "revenue": 413500000,
      "gross_profit": null,
      "operating_income": null,
      "net_income": 76500000,
      "opex": 290900000,
      "cogs": null,
      "rd": null,
      "sga": 64600000,
      "fcf": 206000000,
      "ocf": 206000000,
      "capex": null,
      "gross_margin": null,
      "op_margin": null,
      "fcf_margin": 0.49818621523579204,
      "rev_growth_yoy": 0.12150800108489286,
      "rev_growth_yoy_accel": -0.004290388251402613,
      "op_leverage_ratio": 0.4525611560999675,
      "fcf_margin_change": 0.10302094636554043
    },
    {
      "date": "2025-03-31T00:00:00",
      "quarter_label": "2025-03 (Q1)",
      "revenue": 421600000,
      "gross_profit": null,
      "operating_income": null,
      "net_income": 78600000,
      "opex": 287300000,
      "cogs": null,
      "rd": null,
      "sga": 56600000,
      "fcf": 124200000,
      "ocf": 124200000,
      "capex": null,
      "gross_margin": null,
      "op_margin": null,
      "fcf_margin": 0.29459203036053133,
      "rev_growth_yoy": 0.10976572782311135,
      "rev_growth_yoy_accel": -0.01174227326178151,
      "op_leverage_ratio": null,
      "fcf_margin_change": -0.2035941848752607
    },
    {
      "date": "2025-06-30T00:00:00",
      "quarter_label": "2025-06 (Q2)",
      "revenue": 430500000,
      "gross_profit": null,
      "operating_income": null,
      "net_income": 75500000,
      "opex": 293200000,
      "cogs": null,
      "rd": null,
      "sga": 58200000,
      "fcf": 161300000,
      "ocf": 161300000,
      "capex": null,
      "gross_margin": null,
      "op_margin": null,
      "fcf_margin": 0.37468060394889663,
      "rev_growth_yoy": 0.11326609775019394,
      "rev_growth_yoy_accel": 0.0035003699270825944,
      "op_leverage_ratio": 1.0279524330235101,
      "fcf_margin_change": 0.0800885735883653
    },
    {
      "date": "2025-09-30T00:00:00",
      "quarter_label": "2025-09 (Q3)",
      "revenue": 439300000,
      "gross_profit": null,
      "operating_income": null,
      "net_income": 82200000,
      "opex": 312100000,
      "cogs": null,
      "rd": null,
      "sga": 66200000,
      "fcf": 218300000,
      "ocf": 218300000,
      "capex": null,
      "gross_margin": null,
      "op_margin": null,
      "fcf_margin": 0.4969269292055543,
      "rev_growth_yoy": 0.08362111494819931,
      "rev_growth_yoy_accel": -0.029644982801994638,
      "op_leverage_ratio": 0.3171112708859515,
      "fcf_margin_change": 0.12224632525665768
    },
    {
      "date": "2025-12-31T00:00:00",
      "quarter_label": "2025-12 (Q4)",
      "revenue": 449000000,
      "gross_profit": null,
      "operating_income": null,
      "net_income": 97000000,
      "opex": 313700000,
      "cogs": null,
      "rd": null,
      "sga": 71600000,
      "fcf": 144300000,
      "ocf": 144300000,
      "capex": null,
      "gross_margin": null,
      "op_margin": null,
      "fcf_margin": 0.32138084632516706,
      "rev_growth_yoy": 0.08585247883917775,
      "rev_growth_yoy_accel": 0.002231363890978444,
      "op_leverage_ratio": 4.307093671750513,
      "fcf_margin_change": -0.17554608288038726
    }
  ],
  "signals": [
    {
      "quarter": "2025-12 (Q4)",
      "signal": "OPERATING LEVERAGE",
      "detail": "Rev growth +2.2% vs OpEx growth +0.5% (leverage: 4.3x)",
      "severity": "MEDIUM"
    },
    {
      "quarter": "2025-09 (Q3)",
      "signal": "FCF MARGIN EXPANSION",
      "detail": "FCF margin: +37.5% -> +49.7% (+12.2%)",
      "severity": "MEDIUM"
    },
    {
      "quarter": "2025-06 (Q2)",
      "signal": "FCF MARGIN EXPANSION",
      "detail": "FCF margin: +29.5% -> +37.5% (+8.0%)",
      "severity": "MEDIUM"
    },
    {
      "quarter": "2024-12 (Q4)",
      "signal": "FCF MARGIN EXPANSION",
      "detail": "FCF margin: +39.5% -> +49.8% (+10.3%)",
      "severity": "MEDIUM"
    },
    {
      "quarter": "2024-09 (Q3)",
      "signal": "OPERATING LEVERAGE",
      "detail": "Rev growth +4.8% vs OpEx growth +0.8% (leverage: 6.4x)",
      "severity": "MEDIUM"
    },
    {
      "quarter": "2024-06 (Q2)",
      "signal": "FCF MARGIN EXPANSION",
      "detail": "FCF margin: +25.7% -> +35.8% (+10.1%)",
      "severity": "MEDIUM"
    },
    {
      "quarter": "2023-06 (Q2)",
      "signal": "FCF MARGIN EXPANSION",
      "detail": "FCF margin: +28.0% -> +47.6% (+19.6%)",
      "severity": "MEDIUM"
    },
    {
      "quarter": "2023-03 (Q1)",
      "signal": "YoY REVENUE GROWTH ACCELERATION",
      "detail": "YoY growth: +7.0% vs prior quarter YoY: +0.5% (accel: +6.5%)",
      "severity": "MEDIUM"
    },
    {
      "quarter": "2022-12 (Q4)",
      "signal": "FCF MARGIN EXPANSION",
      "detail": "FCF margin: +42.4% -> +56.1% (+13.7%)",
      "severity": "MEDIUM"
    },
    {
      "quarter": "2022-09 (Q3)",
      "signal": "FCF MARGIN EXPANSION",
      "detail": "FCF margin: +37.2% -> +42.4% (+5.2%)",
      "severity": "MEDIUM"
    },
    {
      "quarter": "2022-09 (Q3)",
      "signal": "OPERATING LEVERAGE",
      "detail": "Rev growth +2.7% vs OpEx growth +1.1% (leverage: 2.4x)",
      "severity": "MEDIUM"
    },
    {
      "quarter": "2022-06 (Q2)",
      "signal": "FCF MARGIN EXPANSION",
      "detail": "FCF margin: +31.6% -> +37.2% (+5.5%)",
      "severity": "MEDIUM"
    },
    {
      "quarter": "2021-12 (Q4)",
      "signal": "FCF MARGIN EXPANSION",
      "detail": "FCF margin: +45.1% -> +52.1% (+7.0%)",
      "severity": "MEDIUM"
    },
    {
      "quarter": "2021-09 (Q3)",
      "signal": "FCF TURNED POSITIVE",
      "detail": "FCF margin: -10.0% -> +45.1%",
      "severity": "HIGH"
    },
    {
      "quarter": "2021-06 (Q2)",
      "signal": "FCF MARGIN EXPANSION",
      "detail": "FCF margin: -141.6% -> -10.0% (+131.6%)",
      "severity": "MEDIUM"
    }
  ],
  "data_quality": {
    "n_quarters": 20,
    "coverage": {
      "revenue": [
        20,
        20
      ],
      "gross_profit": [
        0,
        20
      ],
      "op_income": [
        0,
        20
      ],
      "fcf": [
        20,
        20
      ]
    },
    "gaps": [],
    "warnings": [
      "gross_profit: no data",
      "op_income: no data"
    ]
  },
  "market_cap": null,
  "source": "SEC EDGAR",
  "last_updated": "2026-02-24T10:17:30.110294"
}