{
  "ticker": "GBCI",
  "name": "GLACIER BANCORP, INC.",
  "quarters": [
    {
      "date": "2011-06-30T00:00:00",
      "quarter_label": "2011-06 (Q2)",
      "revenue": 89413000,
      "gross_profit": null,
      "operating_income": null,
      "net_income": null,
      "opex": null,
      "cogs": null,
      "rd": null,
      "sga": null,
      "fcf": null,
      "ocf": null,
      "capex": null,
      "gross_margin": null,
      "op_margin": null,
      "fcf_margin": null
    },
    {
      "date": "2011-09-30T00:00:00",
      "quarter_label": "2011-09 (Q3)",
      "revenue": 92369000,
      "gross_profit": null,
      "operating_income": null,
      "net_income": null,
      "opex": null,
      "cogs": null,
      "rd": null,
      "sga": null,
      "fcf": null,
      "ocf": null,
      "capex": null,
      "gross_margin": null,
      "op_margin": null,
      "fcf_margin": null
    },
    {
      "date": "2012-03-31T00:00:00",
      "quarter_label": "2012-03 (Q1)",
      "revenue": 88222000,
      "gross_profit": null,
      "operating_income": null,
      "net_income": null,
      "opex": null,
      "cogs": null,
      "rd": null,
      "sga": null,
      "fcf": null,
      "ocf": null,
      "capex": null,
      "gross_margin": null,
      "op_margin": null,
      "fcf_margin": null
    },
    {
      "date": "2017-03-31T00:00:00",
      "quarter_label": "2017-03 (Q1)",
      "revenue": 16270000,
      "gross_profit": null,
      "operating_income": null,
      "net_income": null,
      "opex": null,
      "cogs": null,
      "rd": null,
      "sga": null,
      "fcf": null,
      "ocf": null,
      "capex": null,
      "gross_margin": null,
      "op_margin": null,
      "fcf_margin": null
    },
    {
      "date": "2017-12-31T00:00:00",
      "quarter_label": "2017-12 (Q4)",
      "revenue": 17750000,
      "gross_profit": null,
      "operating_income": null,
      "net_income": null,
      "opex": null,
      "cogs": null,
      "rd": null,
      "sga": null,
      "fcf": null,
      "ocf": null,
      "capex": null,
      "gross_margin": null,
      "op_margin": null,
      "fcf_margin": null
    },
    {
      "date": "2018-03-31T00:00:00",
      "quarter_label": "2018-03 (Q1)",
      "revenue": 17291000,
      "gross_profit": null,
      "operating_income": null,
      "net_income": null,
      "opex": null,
      "cogs": null,
      "rd": null,
      "sga": null,
      "fcf": null,
      "ocf": null,
      "capex": null,
      "gross_margin": null,
      "op_margin": null,
      "fcf_margin": null,
      "rev_growth_yoy": 0.06275353411186232
    },
    {
      "date": "2018-12-31T00:00:00",
      "quarter_label": "2018-12 (Q4)",
      "revenue": 20145000,
      "gross_profit": null,
      "operating_income": null,
      "net_income": null,
      "opex": null,
      "cogs": null,
      "rd": null,
      "sga": null,
      "fcf": null,
      "ocf": null,
      "capex": null,
      "gross_margin": null,
      "op_margin": null,
      "fcf_margin": null,
      "rev_growth_yoy": 0.13492957746478873,
      "rev_growth_yoy_accel": 0.0721760433529264
    },
    {
      "date": "2019-03-31T00:00:00",
      "quarter_label": "2019-03 (Q1)",
      "revenue": 18446000,
      "gross_profit": null,
      "operating_income": null,
      "net_income": null,
      "opex": null,
      "cogs": null,
      "rd": null,
      "sga": null,
      "fcf": null,
      "ocf": null,
      "capex": null,
      "gross_margin": null,
      "op_margin": null,
      "fcf_margin": null,
      "rev_growth_yoy": 0.06679775605806489,
      "rev_growth_yoy_accel": -0.06813182140672384
    },
    {
      "date": "2019-12-31T00:00:00",
      "quarter_label": "2019-12 (Q4)",
      "revenue": 15269000,
      "gross_profit": null,
      "operating_income": null,
      "net_income": null,
      "opex": null,
      "cogs": null,
      "rd": null,
      "sga": null,
      "fcf": null,
      "ocf": null,
      "capex": null,
      "gross_margin": null,
      "op_margin": null,
      "fcf_margin": null,
      "rev_growth_yoy": -0.24204517249937949,
      "rev_growth_yoy_accel": -0.3088429285574444
    },
    {
      "date": "2020-03-31T00:00:00",
      "quarter_label": "2020-03 (Q1)",
      "revenue": 14458000,
      "gross_profit": null,
      "operating_income": null,
      "net_income": null,
      "opex": null,
      "cogs": null,
      "rd": null,
      "sga": null,
      "fcf": null,
      "ocf": null,
      "capex": null,
      "gross_margin": null,
      "op_margin": null,
      "fcf_margin": null,
      "rev_growth_yoy": -0.21619863385015722,
      "rev_growth_yoy_accel": 0.02584653864922226
    },
    {
      "date": "2020-12-31T00:00:00",
      "quarter_label": "2020-12 (Q4)",
      "revenue": 14336000,
      "gross_profit": null,
      "operating_income": null,
      "net_income": 81860000,
      "opex": null,
      "cogs": null,
      "rd": null,
      "sga": null,
      "fcf": 75788000,
      "ocf": 75788000,
      "capex": null,
      "gross_margin": null,
      "op_margin": null,
      "fcf_margin": 5.286551339285714,
      "rev_growth_yoy": -0.061104198048333225,
      "rev_growth_yoy_accel": 0.155094435801824
    },
    {
      "date": "2021-03-31T00:00:00",
      "quarter_label": "2021-03 (Q1)",
      "revenue": 13695000,
      "gross_profit": null,
      "operating_income": null,
      "net_income": 80802000,
      "opex": null,
      "cogs": null,
      "rd": null,
      "sga": null,
      "fcf": 147745000,
      "ocf": 147745000,
      "capex": null,
      "gross_margin": null,
      "op_margin": null,
      "fcf_margin": 10.788243884629427,
      "rev_growth_yoy": -0.05277355097523862,
      "rev_growth_yoy_accel": 0.008330647073094603,
      "fcf_margin_change": 5.501692545343713
    },
    {
      "date": "2021-12-31T00:00:00",
      "quarter_label": "2021-12 (Q4)",
      "revenue": 19405000,
      "gross_profit": null,
      "operating_income": null,
      "net_income": 50709000,
      "opex": null,
      "cogs": null,
      "rd": null,
      "sga": null,
      "fcf": 154739000,
      "ocf": 154739000,
      "capex": null,
      "gross_margin": null,
      "op_margin": null,
      "fcf_margin": 7.974181911878381,
      "rev_growth_yoy": 0.3535853794642857,
      "rev_growth_yoy_accel": 0.4063589304395243,
      "fcf_margin_change": -2.8140619727510456
    },
    {
      "date": "2022-03-31T00:00:00",
      "quarter_label": "2022-03 (Q1)",
      "revenue": 19129000,
      "gross_profit": null,
      "operating_income": null,
      "net_income": 67795000,
      "opex": null,
      "cogs": null,
      "rd": null,
      "sga": null,
      "fcf": 78358000,
      "ocf": 78358000,
      "capex": null,
      "gross_margin": null,
      "op_margin": null,
      "fcf_margin": 4.096293585655288,
      "rev_growth_yoy": 0.3967871485943775,
      "rev_growth_yoy_accel": 0.04320176913009183,
      "fcf_margin_change": -3.8778883262230934
    },
    {
      "date": "2022-12-31T00:00:00",
      "quarter_label": "2022-12 (Q4)",
      "revenue": 21788000,
      "gross_profit": null,
      "operating_income": null,
      "net_income": 79677000,
      "opex": null,
      "cogs": null,
      "rd": null,
      "sga": null,
      "fcf": 119913000,
      "ocf": 119913000,
      "capex": null,
      "gross_margin": null,
      "op_margin": null,
      "fcf_margin": 5.503625849091243,
      "rev_growth_yoy": 0.12280340118526153,
      "rev_growth_yoy_accel": -0.273983747409116,
      "fcf_margin_change": 1.407332263435955
    },
    {
      "date": "2023-03-31T00:00:00",
      "quarter_label": "2023-03 (Q1)",
      "revenue": 20879000,
      "gross_profit": null,
      "operating_income": null,
      "net_income": 61211000,
      "opex": null,
      "cogs": null,
      "rd": null,
      "sga": null,
      "fcf": 98179000,
      "ocf": 98179000,
      "capex": null,
      "gross_margin": null,
      "op_margin": null,
      "fcf_margin": 4.702284592173955,
      "rev_growth_yoy": 0.09148413403732553,
      "rev_growth_yoy_accel": -0.03131926714793601,
      "fcf_margin_change": -0.8013412569172882
    },
    {
      "date": "2023-12-31T00:00:00",
      "quarter_label": "2023-12 (Q4)",
      "revenue": 22609000,
      "gross_profit": null,
      "operating_income": null,
      "net_income": 54316000,
      "opex": null,
      "cogs": null,
      "rd": null,
      "sga": null,
      "fcf": 151204000,
      "ocf": 151204000,
      "capex": null,
      "gross_margin": null,
      "op_margin": null,
      "fcf_margin": 6.687779202972267,
      "rev_growth_yoy": 0.03768129245456214,
      "rev_growth_yoy_accel": -0.05380284158276338,
      "fcf_margin_change": 1.9854946107983125
    },
    {
      "date": "2024-03-31T00:00:00",
      "quarter_label": "2024-03 (Q1)",
      "revenue": 22151000,
      "gross_profit": null,
      "operating_income": null,
      "net_income": 32627000,
      "opex": null,
      "cogs": null,
      "rd": null,
      "sga": null,
      "fcf": -63418000,
      "ocf": -56729000,
      "capex": -6689000,
      "gross_margin": null,
      "op_margin": null,
      "fcf_margin": -2.8629858697124284,
      "rev_growth_yoy": 0.0609224579721251,
      "rev_growth_yoy_accel": 0.02324116551756296,
      "fcf_margin_change": -9.550765072684696
    },
    {
      "date": "2024-12-31T00:00:00",
      "quarter_label": "2024-12 (Q4)",
      "revenue": 24038000,
      "gross_profit": null,
      "operating_income": null,
      "net_income": 61754000,
      "opex": null,
      "cogs": null,
      "rd": null,
      "sga": null,
      "fcf": 91330000,
      "ocf": 101997000,
      "capex": -10667000,
      "gross_margin": null,
      "op_margin": null,
      "fcf_margin": 3.799400948498211,
      "rev_growth_yoy": 0.0632049183953293,
      "rev_growth_yoy_accel": 0.002282460423204194,
      "fcf_margin_change": 6.662386818210639
    },
    {
      "date": "2025-03-31T00:00:00",
      "quarter_label": "2025-03 (Q1)",
      "revenue": 22543000,
      "gross_profit": null,
      "operating_income": null,
      "net_income": 54568000,
      "opex": null,
      "cogs": null,
      "rd": null,
      "sga": null,
      "fcf": 46783000,
      "ocf": 52446000,
      "capex": -5663000,
      "gross_margin": null,
      "op_margin": null,
      "fcf_margin": 2.0752783569178903,
      "rev_growth_yoy": 0.01769671798112952,
      "rev_growth_yoy_accel": -0.04550820041419978,
      "fcf_margin_change": -1.7241225915803207
    }
  ],
  "signals": [
    {
      "quarter": "2024-12 (Q4)",
      "signal": "FCF TURNED POSITIVE",
      "detail": "FCF margin: -286.3% -> +379.9%",
      "severity": "HIGH"
    },
    {
      "quarter": "2023-12 (Q4)",
      "signal": "FCF MARGIN EXPANSION",
      "detail": "FCF margin: +470.2% -> +668.8% (+198.5%)",
      "severity": "MEDIUM"
    },
    {
      "quarter": "2023-12 (Q4)",
      "signal": "YoY REVENUE GROWTH DECELERATION",
      "detail": "YoY growth: +3.8% vs prior quarter YoY: +9.1% (decel: -5.4%)",
      "severity": "WARNING"
    },
    {
      "quarter": "2022-12 (Q4)",
      "signal": "FCF MARGIN EXPANSION",
      "detail": "FCF margin: +409.6% -> +550.4% (+140.7%)",
      "severity": "MEDIUM"
    },
    {
      "quarter": "2022-12 (Q4)",
      "signal": "YoY REVENUE GROWTH DECELERATION",
      "detail": "YoY growth: +12.3% vs prior quarter YoY: +39.7% (decel: -27.4%)",
      "severity": "WARNING"
    },
    {
      "quarter": "2021-12 (Q4)",
      "signal": "YoY REVENUE GROWTH ACCELERATION",
      "detail": "YoY growth: +35.4% vs prior quarter YoY: -5.3% (accel: +40.6%)",
      "severity": "HIGH"
    },
    {
      "quarter": "2021-03 (Q1)",
      "signal": "FCF MARGIN EXPANSION",
      "detail": "FCF margin: +528.7% -> +1078.8% (+550.2%)",
      "severity": "MEDIUM"
    },
    {
      "quarter": "2020-12 (Q4)",
      "signal": "YoY REVENUE GROWTH ACCELERATION",
      "detail": "YoY growth: -6.1% vs prior quarter YoY: -21.6% (accel: +15.5%)",
      "severity": "HIGH"
    },
    {
      "quarter": "2019-12 (Q4)",
      "signal": "YoY REVENUE GROWTH DECELERATION",
      "detail": "YoY growth: -24.2% vs prior quarter YoY: +6.7% (decel: -30.9%)",
      "severity": "WARNING"
    },
    {
      "quarter": "2019-03 (Q1)",
      "signal": "YoY REVENUE GROWTH DECELERATION",
      "detail": "YoY growth: +6.7% vs prior quarter YoY: +13.5% (decel: -6.8%)",
      "severity": "WARNING"
    },
    {
      "quarter": "2018-12 (Q4)",
      "signal": "YoY REVENUE GROWTH ACCELERATION",
      "detail": "YoY growth: +13.5% vs prior quarter YoY: +6.3% (accel: +7.2%)",
      "severity": "MEDIUM"
    }
  ],
  "data_quality": {
    "n_quarters": 20,
    "coverage": {
      "revenue": [
        20,
        20
      ],
      "gross_profit": [
        0,
        20
      ],
      "op_income": [
        0,
        20
      ],
      "fcf": [
        10,
        20
      ]
    },
    "gaps": [
      [
        "2011-09 (Q3)",
        "2012-03 (Q1)",
        183
      ],
      [
        "2012-03 (Q1)",
        "2017-03 (Q1)",
        1826
      ],
      [
        "2017-03 (Q1)",
        "2017-12 (Q4)",
        275
      ],
      [
        "2018-03 (Q1)",
        "2018-12 (Q4)",
        275
      ],
      [
        "2019-03 (Q1)",
        "2019-12 (Q4)",
        275
      ],
      [
        "2020-03 (Q1)",
        "2020-12 (Q4)",
        275
      ],
      [
        "2021-03 (Q1)",
        "2021-12 (Q4)",
        275
      ],
      [
        "2022-03 (Q1)",
        "2022-12 (Q4)",
        275
      ],
      [
        "2023-03 (Q1)",
        "2023-12 (Q4)",
        275
      ],
      [
        "2024-03 (Q1)",
        "2024-12 (Q4)",
        275
      ]
    ],
    "warnings": [
      "gross_profit: no data",
      "op_income: no data",
      "fcf: 10/20Q",
      "gap: 1Q missing between 2011-09 (Q3) and 2012-03 (Q1)",
      "gap: 19Q missing between 2012-03 (Q1) and 2017-03 (Q1)",
      "gap: 2Q missing between 2017-03 (Q1) and 2017-12 (Q4)",
      "gap: 2Q missing between 2018-03 (Q1) and 2018-12 (Q4)",
      "gap: 2Q missing between 2019-03 (Q1) and 2019-12 (Q4)",
      "gap: 2Q missing between 2020-03 (Q1) and 2020-12 (Q4)",
      "gap: 2Q missing between 2021-03 (Q1) and 2021-12 (Q4)",
      "gap: 2Q missing between 2022-03 (Q1) and 2022-12 (Q4)",
      "gap: 2Q missing between 2023-03 (Q1) and 2023-12 (Q4)",
      "gap: 2Q missing between 2024-03 (Q1) and 2024-12 (Q4)"
    ]
  },
  "market_cap": null,
  "source": "SEC EDGAR",
  "last_updated": "2026-02-02T20:54:28.757197",
  "sector": "Financial Services",
  "industry": "Banks - Regional"
}