{
  "ticker": "GBCS",
  "name": "SELECTIS HEALTH, INC.",
  "quarters": [
    {
      "date": "2020-12-31T00:00:00",
      "quarter_label": "2020-12 (Q4)",
      "revenue": 5626471,
      "gross_profit": null,
      "operating_income": 168298,
      "net_income": 1304488,
      "opex": 5458173,
      "cogs": null,
      "rd": null,
      "sga": null,
      "fcf": -340996,
      "ocf": -173065,
      "capex": -167931,
      "gross_margin": null,
      "op_margin": 0.029911822170593256,
      "fcf_margin": -0.06060566205708694
    },
    {
      "date": "2021-03-31T00:00:00",
      "quarter_label": "2021-03 (Q1)",
      "revenue": 5762843,
      "gross_profit": null,
      "operating_income": -305371,
      "net_income": 248056,
      "opex": 6068214,
      "cogs": null,
      "rd": null,
      "sga": null,
      "fcf": -842756,
      "ocf": -664847,
      "capex": -177909,
      "gross_margin": null,
      "op_margin": -0.05298964417389126,
      "fcf_margin": -0.1462396251294717,
      "op_leverage_ratio": 0.21685897339187343,
      "fcf_margin_change": -0.08563396307238476
    },
    {
      "date": "2021-06-30T00:00:00",
      "quarter_label": "2021-06 (Q2)",
      "revenue": 6012037,
      "gross_profit": null,
      "operating_income": 2063,
      "net_income": -678780,
      "opex": 6009974,
      "cogs": null,
      "rd": null,
      "sga": null,
      "fcf": -195241,
      "ocf": 22458,
      "capex": -217699,
      "gross_margin": null,
      "op_margin": 0.00034314492741811136,
      "fcf_margin": -0.032475016371323065,
      "op_leverage_ratio": Infinity,
      "fcf_margin_change": 0.11376460875814863
    },
    {
      "date": "2021-09-30T00:00:00",
      "quarter_label": "2021-09 (Q3)",
      "revenue": 7319055,
      "gross_profit": null,
      "operating_income": 736678,
      "net_income": -52992,
      "opex": 6582377,
      "cogs": null,
      "rd": null,
      "sga": null,
      "fcf": -1060456,
      "ocf": -962375,
      "capex": -98081,
      "gross_margin": null,
      "op_margin": 0.10065206505484656,
      "fcf_margin": -0.14488974327969936,
      "op_leverage_ratio": 2.282604220109356,
      "fcf_margin_change": -0.1124147269083763
    },
    {
      "date": "2021-12-31T00:00:00",
      "quarter_label": "2021-12 (Q4)",
      "revenue": 10193291,
      "gross_profit": null,
      "operating_income": -1162362,
      "net_income": -1768264,
      "opex": 11355653,
      "cogs": null,
      "rd": null,
      "sga": null,
      "fcf": 1307948,
      "ocf": 1333834,
      "capex": -25886,
      "gross_margin": null,
      "op_margin": -0.11403206285389086,
      "fcf_margin": 0.12831459437388767,
      "incr_op_margin_yoy": -0.29137561804494155,
      "rev_growth_yoy": 0.8116668512109989,
      "op_leverage_ratio": 0.5415438393139257,
      "fcf_margin_change": 0.27320433765358704
    },
    {
      "date": "2022-03-31T00:00:00",
      "quarter_label": "2022-03 (Q1)",
      "revenue": 10091006,
      "gross_profit": null,
      "operating_income": 615936,
      "net_income": 228679,
      "opex": 9475070,
      "cogs": null,
      "rd": null,
      "sga": null,
      "fcf": -1281718,
      "ocf": -1217526,
      "capex": -64192,
      "gross_margin": null,
      "op_margin": 0.06103811651682697,
      "fcf_margin": -0.12701587928894303,
      "incr_op_margin_yoy": 0.21286328634111054,
      "rev_growth_yoy": 0.7510464886862266,
      "rev_growth_yoy_accel": -0.06062036252477232,
      "fcf_margin_change": -0.2553304736628307
    },
    {
      "date": "2022-06-30T00:00:00",
      "quarter_label": "2022-06 (Q2)",
      "revenue": 11465767,
      "gross_profit": null,
      "operating_income": 1321651,
      "net_income": 1027925,
      "opex": 10144116,
      "cogs": null,
      "rd": null,
      "sga": null,
      "fcf": 1292048,
      "ocf": 1318946,
      "capex": -26898,
      "gross_margin": null,
      "op_margin": 0.11526930557720212,
      "fcf_margin": 0.11268744602955912,
      "incr_op_margin_yoy": 0.24196063978231414,
      "rev_growth_yoy": 0.9071351357285392,
      "rev_growth_yoy_accel": 0.15608864704231262,
      "op_leverage_ratio": 1.9293862871898353,
      "fcf_margin_change": 0.23970332531850214
    },
    {
      "date": "2022-09-30T00:00:00",
      "quarter_label": "2022-09 (Q3)",
      "revenue": 9581985,
      "gross_profit": null,
      "operating_income": -322281,
      "net_income": -990925,
      "opex": 9904266,
      "cogs": null,
      "rd": null,
      "sga": null,
      "fcf": -991747,
      "ocf": -752068,
      "capex": -239679,
      "gross_margin": null,
      "op_margin": -0.03363405390427975,
      "fcf_margin": -0.10350120564789028,
      "incr_op_margin_yoy": -0.46795923868612815,
      "rev_growth_yoy": 0.3091833576875703,
      "rev_growth_yoy_accel": -0.5979517780409689,
      "fcf_margin_change": -0.21618865167744938
    },
    {
      "date": "2022-12-31T00:00:00",
      "quarter_label": "2022-12 (Q4)",
      "revenue": 10799310,
      "gross_profit": null,
      "operating_income": -1432576,
      "net_income": -2192190,
      "opex": 12231886,
      "cogs": null,
      "rd": null,
      "sga": null,
      "fcf": 453908,
      "ocf": 345500,
      "capex": 108408,
      "gross_margin": null,
      "op_margin": -0.13265440106821638,
      "fcf_margin": 0.04203120384543087,
      "rev_growth_yoy": 0.05945273219414613,
      "rev_growth_yoy_accel": -0.2497306254934242,
      "op_leverage_ratio": 0.5405816132654931,
      "fcf_margin_change": 0.14553240949332114
    },
    {
      "date": "2023-03-31T00:00:00",
      "quarter_label": "2023-03 (Q1)",
      "revenue": 9605671,
      "gross_profit": null,
      "operating_income": -1970356,
      "net_income": 4025176,
      "opex": 11576027,
      "cogs": null,
      "rd": null,
      "sga": null,
      "fcf": -109510,
      "ocf": -66995,
      "capex": -42515,
      "gross_margin": null,
      "op_margin": -0.20512424379306765,
      "fcf_margin": -0.011400557025115684,
      "rev_growth_yoy": -0.04809579936826913,
      "rev_growth_yoy_accel": -0.10754853156241526,
      "fcf_margin_change": -0.05343176087054655
    },
    {
      "date": "2023-06-30T00:00:00",
      "quarter_label": "2023-06 (Q2)",
      "revenue": 8928814,
      "gross_profit": null,
      "operating_income": -1583079,
      "net_income": -2100768,
      "opex": 10511893,
      "cogs": null,
      "rd": null,
      "sga": null,
      "fcf": 99637,
      "ocf": 99637,
      "capex": null,
      "gross_margin": null,
      "op_margin": -0.17730003111275472,
      "fcf_margin": 0.011159040831178699,
      "incr_op_margin_yoy": 1.1449679990129893,
      "rev_growth_yoy": -0.22126326132390445,
      "rev_growth_yoy_accel": -0.17316746195563532,
      "fcf_margin_change": 0.022559597856294383
    },
    {
      "date": "2023-09-30T00:00:00",
      "quarter_label": "2023-09 (Q3)",
      "revenue": 9045456,
      "gross_profit": null,
      "operating_income": -2413672,
      "net_income": -2262332,
      "opex": 11459128,
      "cogs": null,
      "rd": null,
      "sga": null,
      "fcf": 2372873,
      "ocf": 2358249,
      "capex": 14624,
      "gross_margin": null,
      "op_margin": -0.2668380676441298,
      "fcf_margin": 0.2623276261583717,
      "rev_growth_yoy": -0.055993512826413315,
      "rev_growth_yoy_accel": 0.16526974849749113,
      "op_leverage_ratio": 0.14497208214334767,
      "fcf_margin_change": 0.251168585327193
    },
    {
      "date": "2023-12-31T00:00:00",
      "quarter_label": "2023-12 (Q4)",
      "revenue": 9203106,
      "gross_profit": null,
      "operating_income": -2993312,
      "net_income": -3633058,
      "opex": 12196418,
      "cogs": null,
      "rd": null,
      "sga": null,
      "fcf": -1856139,
      "ocf": -1854225,
      "capex": -1914,
      "gross_margin": null,
      "op_margin": -0.32525019270667965,
      "fcf_margin": -0.20168614813303248,
      "incr_op_margin_yoy": 0.9777797825340621,
      "rev_growth_yoy": -0.147806109834795,
      "rev_growth_yoy_accel": -0.09181259700838168,
      "op_leverage_ratio": 0.27087987272863745,
      "fcf_margin_change": -0.46401377429140417
    },
    {
      "date": "2024-03-31T00:00:00",
      "quarter_label": "2024-03 (Q1)",
      "revenue": 9492406,
      "gross_profit": null,
      "operating_income": -696264,
      "net_income": -1034720,
      "opex": 10188670,
      "cogs": null,
      "rd": null,
      "sga": null,
      "fcf": 132866,
      "ocf": 249495,
      "capex": -116629,
      "gross_margin": null,
      "op_margin": -0.07334958070693563,
      "fcf_margin": 0.013997083563429547,
      "rev_growth_yoy": -0.011791471933610884,
      "rev_growth_yoy_accel": 0.13601463790118412,
      "op_leverage_ratio": Infinity,
      "fcf_margin_change": 0.21568323169646203
    },
    {
      "date": "2024-06-30T00:00:00",
      "quarter_label": "2024-06 (Q2)",
      "revenue": 9584802,
      "gross_profit": null,
      "operating_income": -763912,
      "net_income": 794344,
      "opex": 10348714,
      "cogs": null,
      "rd": null,
      "sga": null,
      "fcf": -333151,
      "ocf": -422918,
      "capex": 89767,
      "gross_margin": null,
      "op_margin": -0.07970034227102449,
      "fcf_margin": -0.034758255830428214,
      "rev_growth_yoy": 0.07346866000344503,
      "rev_growth_yoy_accel": 0.08526013193705591,
      "fcf_margin_change": -0.04875533939385776
    },
    {
      "date": "2024-09-30T00:00:00",
      "quarter_label": "2024-09 (Q3)",
      "revenue": 10016416,
      "gross_profit": null,
      "operating_income": -1171763,
      "net_income": -1607122,
      "opex": 11188179,
      "cogs": null,
      "rd": null,
      "sga": null,
      "fcf": -1227018,
      "ocf": -1227653,
      "capex": 635,
      "gross_margin": null,
      "op_margin": -0.11698425864101492,
      "fcf_margin": -0.12250070284620766,
      "rev_growth_yoy": 0.10734229429671649,
      "rev_growth_yoy_accel": 0.03387363429327146,
      "op_leverage_ratio": 0.5551318798627293,
      "fcf_margin_change": -0.08774244701577945
    },
    {
      "date": "2024-12-31T00:00:00",
      "quarter_label": "2024-12 (Q4)",
      "revenue": 10398389,
      "gross_profit": null,
      "operating_income": -97261,
      "net_income": -576463,
      "opex": 10495650,
      "cogs": null,
      "rd": null,
      "sga": null,
      "fcf": -433197,
      "ocf": -423361,
      "capex": -9836,
      "gross_margin": null,
      "op_margin": -0.009353468118955734,
      "fcf_margin": -0.041660010988240584,
      "incr_op_margin_yoy": 2.422899848822413,
      "rev_growth_yoy": 0.12987821720188814,
      "rev_growth_yoy_accel": 0.022535922905171646,
      "op_leverage_ratio": Infinity,
      "fcf_margin_change": 0.08084069185796708
    },
    {
      "date": "2025-03-31T00:00:00",
      "quarter_label": "2025-03 (Q1)",
      "revenue": 10486939,
      "gross_profit": null,
      "operating_income": -421746,
      "net_income": -655969,
      "opex": 10908685,
      "cogs": null,
      "rd": null,
      "sga": null,
      "fcf": 816171,
      "ocf": 1035411,
      "capex": -219240,
      "gross_margin": null,
      "op_margin": -0.040216310975013776,
      "fcf_margin": 0.07782738127875065,
      "rev_growth_yoy": 0.10477143518724336,
      "rev_growth_yoy_accel": -0.02510678201464478,
      "fcf_margin_change": 0.11948739226699123
    },
    {
      "date": "2025-06-30T00:00:00",
      "quarter_label": "2025-06 (Q2)",
      "revenue": 10441244,
      "gross_profit": null,
      "operating_income": -450289,
      "net_income": -308027,
      "opex": 10891533,
      "cogs": null,
      "rd": null,
      "sga": null,
      "fcf": -240894,
      "ocf": -77379,
      "capex": -163515,
      "gross_margin": null,
      "op_margin": -0.04312599150062962,
      "fcf_margin": -0.023071388811524755,
      "rev_growth_yoy": 0.08935416714920141,
      "rev_growth_yoy_accel": -0.015417268038041942,
      "fcf_margin_change": -0.1008987700902754
    },
    {
      "date": "2025-09-30T00:00:00",
      "quarter_label": "2025-09 (Q3)",
      "revenue": 10839954,
      "gross_profit": null,
      "operating_income": -296960,
      "net_income": 752365,
      "opex": 11136914,
      "cogs": null,
      "rd": null,
      "sga": null,
      "fcf": 275795,
      "ocf": 280028,
      "capex": -4233,
      "gross_margin": null,
      "op_margin": -0.027394950199973175,
      "fcf_margin": 0.025442451139552805,
      "rev_growth_yoy": 0.08221882956937891,
      "rev_growth_yoy_accel": -0.007135337579822501,
      "op_leverage_ratio": 1.6949346692336247,
      "fcf_margin_change": 0.04851383995107756
    }
  ],
  "signals": [
    {
      "quarter": "2025-09 (Q3)",
      "signal": "FCF TURNED POSITIVE",
      "detail": "FCF margin: -2.3% -> +2.5%",
      "severity": "HIGH"
    },
    {
      "quarter": "2025-09 (Q3)",
      "signal": "OPERATING LEVERAGE",
      "detail": "Rev growth +3.8% vs OpEx growth +2.3% (leverage: 1.7x)",
      "severity": "MEDIUM"
    },
    {
      "quarter": "2025-03 (Q1)",
      "signal": "FCF TURNED POSITIVE",
      "detail": "FCF margin: -4.2% -> +7.8%",
      "severity": "HIGH"
    },
    {
      "quarter": "2024-12 (Q4)",
      "signal": "FCF MARGIN EXPANSION",
      "detail": "FCF margin: -12.3% -> -4.2% (+8.1%)",
      "severity": "MEDIUM"
    },
    {
      "quarter": "2024-06 (Q2)",
      "signal": "YoY REVENUE GROWTH ACCELERATION",
      "detail": "YoY growth: +7.3% vs prior quarter YoY: -1.2% (accel: +8.5%)",
      "severity": "MEDIUM"
    },
    {
      "quarter": "2024-03 (Q1)",
      "signal": "FCF TURNED POSITIVE",
      "detail": "FCF margin: -20.2% -> +1.4%",
      "severity": "HIGH"
    },
    {
      "quarter": "2024-03 (Q1)",
      "signal": "YoY REVENUE GROWTH ACCELERATION",
      "detail": "YoY growth: -1.2% vs prior quarter YoY: -14.8% (accel: +13.6%)",
      "severity": "MEDIUM"
    },
    {
      "quarter": "2023-12 (Q4)",
      "signal": "YoY REVENUE GROWTH DECELERATION",
      "detail": "YoY growth: -14.8% vs prior quarter YoY: -5.6% (decel: -9.2%)",
      "severity": "WARNING"
    },
    {
      "quarter": "2023-09 (Q3)",
      "signal": "FCF MARGIN EXPANSION",
      "detail": "FCF margin: +1.1% -> +26.2% (+25.1%)",
      "severity": "MEDIUM"
    },
    {
      "quarter": "2023-09 (Q3)",
      "signal": "YoY REVENUE GROWTH ACCELERATION",
      "detail": "YoY growth: -5.6% vs prior quarter YoY: -22.1% (accel: +16.5%)",
      "severity": "HIGH"
    },
    {
      "quarter": "2023-06 (Q2)",
      "signal": "FCF TURNED POSITIVE",
      "detail": "FCF margin: -1.1% -> +1.1%",
      "severity": "HIGH"
    },
    {
      "quarter": "2023-06 (Q2)",
      "signal": "YoY REVENUE GROWTH DECELERATION",
      "detail": "YoY growth: -22.1% vs prior quarter YoY: -4.8% (decel: -17.3%)",
      "severity": "WARNING"
    },
    {
      "quarter": "2023-03 (Q1)",
      "signal": "YoY REVENUE GROWTH DECELERATION",
      "detail": "YoY growth: -4.8% vs prior quarter YoY: +5.9% (decel: -10.8%)",
      "severity": "WARNING"
    },
    {
      "quarter": "2022-12 (Q4)",
      "signal": "FCF TURNED POSITIVE",
      "detail": "FCF margin: -10.4% -> +4.2%",
      "severity": "HIGH"
    },
    {
      "quarter": "2022-12 (Q4)",
      "signal": "YoY REVENUE GROWTH DECELERATION",
      "detail": "YoY growth: +5.9% vs prior quarter YoY: +30.9% (decel: -25.0%)",
      "severity": "WARNING"
    },
    {
      "quarter": "2022-09 (Q3)",
      "signal": "YoY REVENUE GROWTH DECELERATION",
      "detail": "YoY growth: +30.9% vs prior quarter YoY: +90.7% (decel: -59.8%)",
      "severity": "WARNING"
    },
    {
      "quarter": "2022-06 (Q2)",
      "signal": "FCF TURNED POSITIVE",
      "detail": "FCF margin: -12.7% -> +11.3%",
      "severity": "HIGH"
    },
    {
      "quarter": "2022-06 (Q2)",
      "signal": "OPERATING LEVERAGE",
      "detail": "Rev growth +13.6% vs OpEx growth +7.1% (leverage: 1.9x)",
      "severity": "MEDIUM"
    },
    {
      "quarter": "2022-06 (Q2)",
      "signal": "YoY REVENUE GROWTH ACCELERATION",
      "detail": "YoY growth: +90.7% vs prior quarter YoY: +75.1% (accel: +15.6%)",
      "severity": "HIGH"
    },
    {
      "quarter": "2022-06 (Q2)",
      "signal": "INCREMENTAL MARGIN (YoY)",
      "detail": "YoY Incr OPM: +24.2% vs year-ago OPM: +0.0%",
      "severity": "HIGH"
    },
    {
      "quarter": "2022-03 (Q1)",
      "signal": "YoY REVENUE GROWTH DECELERATION",
      "detail": "YoY growth: +75.1% vs prior quarter YoY: +81.2% (decel: -6.1%)",
      "severity": "WARNING"
    },
    {
      "quarter": "2022-03 (Q1)",
      "signal": "OP MARGIN TURNED POSITIVE (YoY)",
      "detail": "Op margin: -5.3% (year-ago) -> +6.1%",
      "severity": "HIGH"
    },
    {
      "quarter": "2022-03 (Q1)",
      "signal": "OP MARGIN TURNED POSITIVE (QoQ)",
      "detail": "Op margin: -11.4% -> +6.1%",
      "severity": "HIGH"
    },
    {
      "quarter": "2021-12 (Q4)",
      "signal": "FCF TURNED POSITIVE",
      "detail": "FCF margin: -14.5% -> +12.8%",
      "severity": "HIGH"
    },
    {
      "quarter": "2021-09 (Q3)",
      "signal": "OPERATING LEVERAGE",
      "detail": "Rev growth +21.7% vs OpEx growth +9.5% (leverage: 2.3x)",
      "severity": "MEDIUM"
    },
    {
      "quarter": "2021-06 (Q2)",
      "signal": "FCF MARGIN EXPANSION",
      "detail": "FCF margin: -14.6% -> -3.2% (+11.4%)",
      "severity": "MEDIUM"
    },
    {
      "quarter": "2021-06 (Q2)",
      "signal": "OP MARGIN TURNED POSITIVE (QoQ)",
      "detail": "Op margin: -5.3% -> +0.0%",
      "severity": "HIGH"
    }
  ],
  "data_quality": {
    "n_quarters": 20,
    "coverage": {
      "revenue": [
        20,
        20
      ],
      "gross_profit": [
        0,
        20
      ],
      "op_income": [
        20,
        20
      ],
      "fcf": [
        20,
        20
      ]
    },
    "gaps": [],
    "warnings": [
      "gross_profit: no data"
    ]
  },
  "market_cap": null,
  "source": "SEC EDGAR",
  "last_updated": "2026-02-03T01:02:37.416779"
}