{
  "ticker": "GBLI",
  "name": "GLOBAL INDEMNITY GROUP, LLC",
  "quarters": [
    {
      "date": "2020-12-31T00:00:00",
      "quarter_label": "2020-12 (Q4)",
      "revenue": 158273000,
      "gross_profit": null,
      "operating_income": null,
      "net_income": 1191000,
      "opex": null,
      "cogs": null,
      "rd": null,
      "sga": null,
      "fcf": -1266000,
      "ocf": -1266000,
      "capex": null,
      "gross_margin": null,
      "op_margin": null,
      "fcf_margin": -0.00799883745174477
    },
    {
      "date": "2021-03-31T00:00:00",
      "quarter_label": "2021-03 (Q1)",
      "revenue": 157732000,
      "gross_profit": null,
      "operating_income": null,
      "net_income": 5517000,
      "opex": null,
      "cogs": null,
      "rd": null,
      "sga": null,
      "fcf": 11372000,
      "ocf": 11372000,
      "capex": null,
      "gross_margin": null,
      "op_margin": null,
      "fcf_margin": 0.07209697461517003,
      "fcf_margin_change": 0.08009581206691481
    },
    {
      "date": "2021-06-30T00:00:00",
      "quarter_label": "2021-06 (Q2)",
      "revenue": 164395000,
      "gross_profit": null,
      "operating_income": null,
      "net_income": 6375000,
      "opex": null,
      "cogs": null,
      "rd": null,
      "sga": null,
      "fcf": 36116000,
      "ocf": 36116000,
      "capex": null,
      "gross_margin": null,
      "op_margin": null,
      "fcf_margin": 0.21969037987773352,
      "fcf_margin_change": 0.14759340526256348
    },
    {
      "date": "2021-09-30T00:00:00",
      "quarter_label": "2021-09 (Q3)",
      "revenue": 166988000,
      "gross_profit": null,
      "operating_income": null,
      "net_income": -7713000,
      "opex": null,
      "cogs": null,
      "rd": null,
      "sga": null,
      "fcf": 18566000,
      "ocf": 18566000,
      "capex": null,
      "gross_margin": null,
      "op_margin": null,
      "fcf_margin": 0.11118164179461998,
      "fcf_margin_change": -0.10850873808311354
    },
    {
      "date": "2021-12-31T00:00:00",
      "quarter_label": "2021-12 (Q4)",
      "revenue": 189153000,
      "gross_profit": null,
      "operating_income": null,
      "net_income": 25175000,
      "opex": null,
      "cogs": null,
      "rd": null,
      "sga": null,
      "fcf": 24745000,
      "ocf": 24745000,
      "capex": null,
      "gross_margin": null,
      "op_margin": null,
      "fcf_margin": 0.13082002400173404,
      "rev_growth_yoy": 0.19510592457336373,
      "fcf_margin_change": 0.019638382207114058
    },
    {
      "date": "2022-03-31T00:00:00",
      "quarter_label": "2022-03 (Q1)",
      "revenue": 130456000,
      "gross_profit": null,
      "operating_income": null,
      "net_income": -14773000,
      "opex": null,
      "cogs": null,
      "rd": null,
      "sga": null,
      "fcf": -10062000,
      "ocf": -10062000,
      "capex": null,
      "gross_margin": null,
      "op_margin": null,
      "fcf_margin": -0.07712945360887963,
      "rev_growth_yoy": -0.17292622930033222,
      "rev_growth_yoy_accel": -0.3680321538736959,
      "fcf_margin_change": -0.20794947761061366
    },
    {
      "date": "2022-06-30T00:00:00",
      "quarter_label": "2022-06 (Q2)",
      "revenue": 147860000,
      "gross_profit": null,
      "operating_income": null,
      "net_income": -12162000,
      "opex": null,
      "cogs": null,
      "rd": null,
      "sga": null,
      "fcf": 28521000,
      "ocf": 28521000,
      "capex": null,
      "gross_margin": null,
      "op_margin": null,
      "fcf_margin": 0.1928919247937238,
      "rev_growth_yoy": -0.10058091791112868,
      "rev_growth_yoy_accel": 0.07234531138920354,
      "fcf_margin_change": 0.27002137840260343
    },
    {
      "date": "2022-09-30T00:00:00",
      "quarter_label": "2022-09 (Q3)",
      "revenue": 194583000,
      "gross_profit": null,
      "operating_income": null,
      "net_income": 23746000,
      "opex": null,
      "cogs": null,
      "rd": null,
      "sga": null,
      "fcf": 23290000,
      "ocf": 23290000,
      "capex": null,
      "gross_margin": null,
      "op_margin": null,
      "fcf_margin": 0.11969185386184816,
      "rev_growth_yoy": 0.16525139530984262,
      "rev_growth_yoy_accel": 0.2658323132209713,
      "fcf_margin_change": -0.07320007093187564
    },
    {
      "date": "2022-12-31T00:00:00",
      "quarter_label": "2022-12 (Q4)",
      "revenue": 155635000,
      "gross_profit": null,
      "operating_income": null,
      "net_income": 2339000,
      "opex": null,
      "cogs": null,
      "rd": null,
      "sga": null,
      "fcf": 2487000,
      "ocf": 2487000,
      "capex": null,
      "gross_margin": null,
      "op_margin": null,
      "fcf_margin": 0.015979696083785782,
      "rev_growth_yoy": -0.17720046734653958,
      "rev_growth_yoy_accel": -0.34245186265638217,
      "fcf_margin_change": -0.10371215777806238
    },
    {
      "date": "2023-03-31T00:00:00",
      "quarter_label": "2023-03 (Q1)",
      "revenue": 150914000,
      "gross_profit": null,
      "operating_income": null,
      "net_income": 2494000,
      "opex": null,
      "cogs": null,
      "rd": null,
      "sga": null,
      "fcf": 5326000,
      "ocf": 5326000,
      "capex": null,
      "gross_margin": null,
      "op_margin": null,
      "fcf_margin": 0.03529162304358774,
      "rev_growth_yoy": 0.15681915741706015,
      "rev_growth_yoy_accel": 0.3340196247635997,
      "fcf_margin_change": 0.019311926959801957
    },
    {
      "date": "2023-06-30T00:00:00",
      "quarter_label": "2023-06 (Q2)",
      "revenue": 141893000,
      "gross_profit": null,
      "operating_income": null,
      "net_income": 9337000,
      "opex": null,
      "cogs": null,
      "rd": null,
      "sga": null,
      "fcf": 8845000,
      "ocf": 8845000,
      "capex": null,
      "gross_margin": null,
      "op_margin": null,
      "fcf_margin": 0.062335703664028526,
      "rev_growth_yoy": -0.04035574191803057,
      "rev_growth_yoy_accel": -0.19717489933509072,
      "fcf_margin_change": 0.027044080620440787
    },
    {
      "date": "2023-09-30T00:00:00",
      "quarter_label": "2023-09 (Q3)",
      "revenue": 126061000,
      "gross_profit": null,
      "operating_income": null,
      "net_income": 7700000,
      "opex": null,
      "cogs": null,
      "rd": null,
      "sga": null,
      "fcf": 22581000,
      "ocf": 22581000,
      "capex": null,
      "gross_margin": null,
      "op_margin": null,
      "fcf_margin": 0.17912756522635867,
      "rev_growth_yoy": -0.3521479265917372,
      "rev_growth_yoy_accel": -0.3117921846737066,
      "fcf_margin_change": 0.11679186156233015
    },
    {
      "date": "2023-12-31T00:00:00",
      "quarter_label": "2023-12 (Q4)",
      "revenue": 109261000,
      "gross_profit": null,
      "operating_income": null,
      "net_income": 5898000,
      "opex": null,
      "cogs": null,
      "rd": null,
      "sga": null,
      "fcf": 6134000,
      "ocf": 6134000,
      "capex": null,
      "gross_margin": null,
      "op_margin": null,
      "fcf_margin": 0.0561408004686027,
      "rev_growth_yoy": -0.2979663957336075,
      "rev_growth_yoy_accel": 0.05418153085812971,
      "fcf_margin_change": -0.12298676475775597
    },
    {
      "date": "2024-03-31T00:00:00",
      "quarter_label": "2024-03 (Q1)",
      "revenue": 112291000,
      "gross_profit": null,
      "operating_income": null,
      "net_income": 11366000,
      "opex": null,
      "cogs": null,
      "rd": null,
      "sga": null,
      "fcf": 22676000,
      "ocf": 22676000,
      "capex": null,
      "gross_margin": null,
      "op_margin": null,
      "fcf_margin": 0.20193960335200506,
      "rev_growth_yoy": -0.25592721682547676,
      "rev_growth_yoy_accel": 0.04203917890813075,
      "fcf_margin_change": 0.14579880288340236
    },
    {
      "date": "2024-06-30T00:00:00",
      "quarter_label": "2024-06 (Q2)",
      "revenue": 108687000,
      "gross_profit": null,
      "operating_income": null,
      "net_income": 10093000,
      "opex": null,
      "cogs": null,
      "rd": null,
      "sga": null,
      "fcf": 14258000,
      "ocf": 14258000,
      "capex": null,
      "gross_margin": null,
      "op_margin": null,
      "fcf_margin": 0.13118404224976307,
      "rev_growth_yoy": -0.23402141049946087,
      "rev_growth_yoy_accel": 0.02190580632601588,
      "fcf_margin_change": -0.07075556110224199
    },
    {
      "date": "2024-09-30T00:00:00",
      "quarter_label": "2024-09 (Q3)",
      "revenue": 111761000,
      "gross_profit": null,
      "operating_income": null,
      "net_income": 12760000,
      "opex": null,
      "cogs": null,
      "rd": null,
      "sga": null,
      "fcf": 15316000,
      "ocf": 15316000,
      "capex": null,
      "gross_margin": null,
      "op_margin": null,
      "fcf_margin": 0.13704243877560152,
      "rev_growth_yoy": -0.11343714550892028,
      "rev_growth_yoy_accel": 0.12058426499054059,
      "fcf_margin_change": 0.005858396525838444
    },
    {
      "date": "2024-12-31T00:00:00",
      "quarter_label": "2024-12 (Q4)",
      "revenue": 108448000,
      "gross_profit": null,
      "operating_income": null,
      "net_income": 9022000,
      "opex": null,
      "cogs": null,
      "rd": null,
      "sga": null,
      "fcf": -13415000,
      "ocf": -13415000,
      "capex": null,
      "gross_margin": null,
      "op_margin": null,
      "fcf_margin": -0.12369983771023901,
      "rev_growth_yoy": -0.007440898399245843,
      "rev_growth_yoy_accel": 0.10599624710967444,
      "fcf_margin_change": -0.26074227648584053
    },
    {
      "date": "2025-03-31T00:00:00",
      "quarter_label": "2025-03 (Q1)",
      "revenue": 108651000,
      "gross_profit": null,
      "operating_income": null,
      "net_income": -3989000,
      "opex": null,
      "cogs": null,
      "rd": null,
      "sga": null,
      "fcf": 2397000,
      "ocf": 2397000,
      "capex": null,
      "gross_margin": null,
      "op_margin": null,
      "fcf_margin": 0.022061462848938344,
      "rev_growth_yoy": -0.03241577686546562,
      "rev_growth_yoy_accel": -0.02497487846621978,
      "fcf_margin_change": 0.14576130055917735
    },
    {
      "date": "2025-06-30T00:00:00",
      "quarter_label": "2025-06 (Q2)",
      "revenue": 110520000,
      "gross_profit": null,
      "operating_income": null,
      "net_income": 10344000,
      "opex": null,
      "cogs": null,
      "rd": null,
      "sga": null,
      "fcf": 7001000,
      "ocf": 7001000,
      "capex": null,
      "gross_margin": null,
      "op_margin": null,
      "fcf_margin": 0.06334600072385088,
      "rev_growth_yoy": 0.016864942449418975,
      "rev_growth_yoy_accel": 0.0492807193148846,
      "fcf_margin_change": 0.04128453787491254
    },
    {
      "date": "2025-09-30T00:00:00",
      "quarter_label": "2025-09 (Q3)",
      "revenue": 114198000,
      "gross_profit": null,
      "operating_income": null,
      "net_income": 12523000,
      "opex": null,
      "cogs": null,
      "rd": null,
      "sga": null,
      "fcf": 5695000,
      "ocf": 5695000,
      "capex": null,
      "gross_margin": null,
      "op_margin": null,
      "fcf_margin": 0.049869524860330305,
      "rev_growth_yoy": 0.021805459865248164,
      "rev_growth_yoy_accel": 0.004940517415829189,
      "fcf_margin_change": -0.013476475863520576
    }
  ],
  "signals": [
    {
      "quarter": "2025-03 (Q1)",
      "signal": "FCF TURNED POSITIVE",
      "detail": "FCF margin: -12.4% -> +2.2%",
      "severity": "HIGH"
    },
    {
      "quarter": "2024-12 (Q4)",
      "signal": "YoY REVENUE GROWTH ACCELERATION",
      "detail": "YoY growth: -0.7% vs prior quarter YoY: -11.3% (accel: +10.6%)",
      "severity": "MEDIUM"
    },
    {
      "quarter": "2024-09 (Q3)",
      "signal": "YoY REVENUE GROWTH ACCELERATION",
      "detail": "YoY growth: -11.3% vs prior quarter YoY: -23.4% (accel: +12.1%)",
      "severity": "MEDIUM"
    },
    {
      "quarter": "2024-03 (Q1)",
      "signal": "FCF MARGIN EXPANSION",
      "detail": "FCF margin: +5.6% -> +20.2% (+14.6%)",
      "severity": "MEDIUM"
    },
    {
      "quarter": "2023-12 (Q4)",
      "signal": "YoY REVENUE GROWTH ACCELERATION",
      "detail": "YoY growth: -29.8% vs prior quarter YoY: -35.2% (accel: +5.4%)",
      "severity": "MEDIUM"
    },
    {
      "quarter": "2023-09 (Q3)",
      "signal": "FCF MARGIN EXPANSION",
      "detail": "FCF margin: +6.2% -> +17.9% (+11.7%)",
      "severity": "MEDIUM"
    },
    {
      "quarter": "2023-09 (Q3)",
      "signal": "YoY REVENUE GROWTH DECELERATION",
      "detail": "YoY growth: -35.2% vs prior quarter YoY: -4.0% (decel: -31.2%)",
      "severity": "WARNING"
    },
    {
      "quarter": "2023-06 (Q2)",
      "signal": "YoY REVENUE GROWTH DECELERATION",
      "detail": "YoY growth: -4.0% vs prior quarter YoY: +15.7% (decel: -19.7%)",
      "severity": "WARNING"
    },
    {
      "quarter": "2023-03 (Q1)",
      "signal": "YoY REVENUE GROWTH ACCELERATION",
      "detail": "YoY growth: +15.7% vs prior quarter YoY: -17.7% (accel: +33.4%)",
      "severity": "HIGH"
    },
    {
      "quarter": "2022-12 (Q4)",
      "signal": "YoY REVENUE GROWTH DECELERATION",
      "detail": "YoY growth: -17.7% vs prior quarter YoY: +16.5% (decel: -34.2%)",
      "severity": "WARNING"
    },
    {
      "quarter": "2022-09 (Q3)",
      "signal": "YoY REVENUE GROWTH ACCELERATION",
      "detail": "YoY growth: +16.5% vs prior quarter YoY: -10.1% (accel: +26.6%)",
      "severity": "HIGH"
    },
    {
      "quarter": "2022-06 (Q2)",
      "signal": "FCF TURNED POSITIVE",
      "detail": "FCF margin: -7.7% -> +19.3%",
      "severity": "HIGH"
    },
    {
      "quarter": "2022-06 (Q2)",
      "signal": "YoY REVENUE GROWTH ACCELERATION",
      "detail": "YoY growth: -10.1% vs prior quarter YoY: -17.3% (accel: +7.2%)",
      "severity": "MEDIUM"
    },
    {
      "quarter": "2022-03 (Q1)",
      "signal": "YoY REVENUE GROWTH DECELERATION",
      "detail": "YoY growth: -17.3% vs prior quarter YoY: +19.5% (decel: -36.8%)",
      "severity": "WARNING"
    },
    {
      "quarter": "2021-06 (Q2)",
      "signal": "FCF MARGIN EXPANSION",
      "detail": "FCF margin: +7.2% -> +22.0% (+14.8%)",
      "severity": "MEDIUM"
    },
    {
      "quarter": "2021-03 (Q1)",
      "signal": "FCF TURNED POSITIVE",
      "detail": "FCF margin: -0.8% -> +7.2%",
      "severity": "HIGH"
    }
  ],
  "data_quality": {
    "n_quarters": 20,
    "coverage": {
      "revenue": [
        20,
        20
      ],
      "gross_profit": [
        0,
        20
      ],
      "op_income": [
        0,
        20
      ],
      "fcf": [
        20,
        20
      ]
    },
    "gaps": [],
    "warnings": [
      "gross_profit: no data",
      "op_income: no data"
    ]
  },
  "market_cap": null,
  "source": "SEC EDGAR",
  "last_updated": "2026-02-02T22:33:22.398309"
}