{
  "ticker": "GBTG",
  "name": "Global Business Travel Group, Inc.",
  "quarters": [
    {
      "date": "2020-12-31T00:00:00",
      "quarter_label": "2020-12 (Q4)",
      "revenue": 0,
      "gross_profit": null,
      "operating_income": null,
      "net_income": -396310,
      "opex": 571429,
      "cogs": null,
      "rd": null,
      "sga": null,
      "fcf": -250000000,
      "ocf": -250000000,
      "capex": null,
      "gross_margin": null,
      "op_margin": null,
      "fcf_margin": null
    },
    {
      "date": "2021-03-31T00:00:00",
      "quarter_label": "2021-03 (Q1)",
      "revenue": 0,
      "gross_profit": null,
      "operating_income": null,
      "net_income": 20283146,
      "opex": 4642814,
      "cogs": null,
      "rd": null,
      "sga": null,
      "fcf": -354564,
      "ocf": -354564,
      "capex": null,
      "gross_margin": null,
      "op_margin": null,
      "fcf_margin": null
    },
    {
      "date": "2021-06-30T00:00:00",
      "quarter_label": "2021-06 (Q2)",
      "revenue": 153000000,
      "gross_profit": null,
      "operating_income": -114000000,
      "net_income": 1318448,
      "opex": 267000000,
      "cogs": null,
      "rd": null,
      "sga": null,
      "fcf": -235645436,
      "ocf": -235645436,
      "capex": null,
      "gross_margin": null,
      "op_margin": -0.7450980392156863,
      "fcf_margin": -1.540166248366013
    },
    {
      "date": "2021-09-30T00:00:00",
      "quarter_label": "2021-09 (Q3)",
      "revenue": 197000000,
      "gross_profit": null,
      "operating_income": -124000000,
      "net_income": 11146873,
      "opex": 321000000,
      "cogs": null,
      "rd": null,
      "sga": null,
      "fcf": -117000000,
      "ocf": -107000000,
      "capex": -10000000,
      "gross_margin": null,
      "op_margin": -0.6294416243654822,
      "fcf_margin": -0.5939086294416244,
      "op_leverage_ratio": 1.4219317356572259,
      "fcf_margin_change": 0.9462576189243886
    },
    {
      "date": "2021-12-31T00:00:00",
      "quarter_label": "2021-12 (Q4)",
      "revenue": -476000000,
      "gross_profit": null,
      "operating_income": -193000000,
      "net_income": -26548577,
      "opex": -830135574,
      "cogs": null,
      "rd": null,
      "sga": null,
      "fcf": -185000000,
      "ocf": -169000000,
      "capex": -16000000,
      "gross_margin": null,
      "op_margin": 0.4054621848739496,
      "fcf_margin": 0.38865546218487396,
      "fcf_margin_change": 0.9825640916264984
    },
    {
      "date": "2022-03-31T00:00:00",
      "quarter_label": "2022-03 (Q1)",
      "revenue": 0,
      "gross_profit": null,
      "operating_income": -96000000,
      "net_income": -5326469,
      "opex": 1491568,
      "cogs": null,
      "rd": null,
      "sga": null,
      "fcf": -175000000,
      "ocf": -154000000,
      "capex": -21000000,
      "gross_margin": null,
      "op_margin": null,
      "fcf_margin": null
    },
    {
      "date": "2022-06-30T00:00:00",
      "quarter_label": "2022-06 (Q2)",
      "revenue": 486000000,
      "gross_profit": null,
      "operating_income": -19000000,
      "net_income": null,
      "opex": 505000000,
      "cogs": null,
      "rd": null,
      "sga": null,
      "fcf": -176000000,
      "ocf": -155000000,
      "capex": -21000000,
      "gross_margin": null,
      "op_margin": -0.03909465020576132,
      "fcf_margin": -0.36213991769547327,
      "incr_op_margin_yoy": 0.2852852852852853,
      "rev_growth_yoy": 2.176470588235294
    },
    {
      "date": "2022-09-30T00:00:00",
      "quarter_label": "2022-09 (Q3)",
      "revenue": 488000000,
      "gross_profit": null,
      "operating_income": -45000000,
      "net_income": null,
      "opex": 533000000,
      "cogs": null,
      "rd": null,
      "sga": null,
      "fcf": -112000000,
      "ocf": -81000000,
      "capex": -31000000,
      "gross_margin": null,
      "op_margin": -0.09221311475409837,
      "fcf_margin": -0.22950819672131148,
      "incr_op_margin_yoy": 0.27147766323024053,
      "rev_growth_yoy": 1.4771573604060915,
      "rev_growth_yoy_accel": -0.6993132278292025,
      "fcf_margin_change": 0.1326317209741618
    },
    {
      "date": "2022-12-31T00:00:00",
      "quarter_label": "2022-12 (Q4)",
      "revenue": 527000000,
      "gross_profit": null,
      "operating_income": -38000000,
      "net_income": null,
      "opex": 565000000,
      "cogs": null,
      "rd": null,
      "sga": null,
      "fcf": -25000000,
      "ocf": -4000000,
      "capex": -21000000,
      "gross_margin": null,
      "op_margin": -0.07210626185958255,
      "fcf_margin": -0.04743833017077799,
      "incr_op_margin_yoy": 0.15453639082751744,
      "op_leverage_ratio": 1.3311347336065575,
      "fcf_margin_change": 0.18206986655053348
    },
    {
      "date": "2023-03-31T00:00:00",
      "quarter_label": "2023-03 (Q1)",
      "revenue": 578000000,
      "gross_profit": null,
      "operating_income": -9000000,
      "net_income": null,
      "opex": 587000000,
      "cogs": null,
      "rd": null,
      "sga": null,
      "fcf": -109000000,
      "ocf": -77000000,
      "capex": -32000000,
      "gross_margin": null,
      "op_margin": -0.015570934256055362,
      "fcf_margin": -0.18858131487889274,
      "incr_op_margin_yoy": 0.15051903114186851,
      "op_leverage_ratio": 2.4853372434017595,
      "fcf_margin_change": -0.14114298470811476
    },
    {
      "date": "2023-06-30T00:00:00",
      "quarter_label": "2023-06 (Q2)",
      "revenue": 592000000,
      "gross_profit": null,
      "operating_income": 2000000,
      "net_income": null,
      "opex": 590000000,
      "cogs": null,
      "rd": null,
      "sga": null,
      "fcf": 19000000,
      "ocf": 46000000,
      "capex": -27000000,
      "gross_margin": null,
      "op_margin": 0.0033783783783783786,
      "fcf_margin": 0.03209459459459459,
      "incr_op_margin_yoy": 0.19811320754716982,
      "rev_growth_yoy": 0.21810699588477367,
      "op_leverage_ratio": 4.739331026528259,
      "fcf_margin_change": 0.22067590947348734
    },
    {
      "date": "2023-09-30T00:00:00",
      "quarter_label": "2023-09 (Q3)",
      "revenue": 571000000,
      "gross_profit": null,
      "operating_income": -4000000,
      "net_income": null,
      "opex": 575000000,
      "cogs": null,
      "rd": null,
      "sga": null,
      "fcf": 107000000,
      "ocf": 135000000,
      "capex": -28000000,
      "gross_margin": null,
      "op_margin": -0.0070052539404553416,
      "fcf_margin": 0.18739054290718038,
      "incr_op_margin_yoy": 0.4939759036144578,
      "rev_growth_yoy": 0.17008196721311475,
      "rev_growth_yoy_accel": -0.04802502867165892,
      "fcf_margin_change": 0.15529594831258578
    },
    {
      "date": "2023-12-31T00:00:00",
      "quarter_label": "2023-12 (Q4)",
      "revenue": 549000000,
      "gross_profit": null,
      "operating_income": 3000000,
      "net_income": null,
      "opex": 546000000,
      "cogs": null,
      "rd": null,
      "sga": null,
      "fcf": 32000000,
      "ocf": 58000000,
      "capex": -26000000,
      "gross_margin": null,
      "op_margin": 0.00546448087431694,
      "fcf_margin": 0.058287795992714025,
      "incr_op_margin_yoy": 1.8636363636363635,
      "rev_growth_yoy": 0.04174573055028463,
      "rev_growth_yoy_accel": -0.12833623666283012,
      "fcf_margin_change": -0.12910274691446635
    },
    {
      "date": "2024-03-31T00:00:00",
      "quarter_label": "2024-03 (Q1)",
      "revenue": 610000000,
      "gross_profit": null,
      "operating_income": 16000000,
      "net_income": null,
      "opex": 594000000,
      "cogs": null,
      "rd": null,
      "sga": null,
      "fcf": 24000000,
      "ocf": 49000000,
      "capex": -25000000,
      "gross_margin": null,
      "op_margin": 0.02622950819672131,
      "fcf_margin": 0.03934426229508197,
      "incr_op_margin_yoy": 0.78125,
      "rev_growth_yoy": 0.05536332179930796,
      "rev_growth_yoy_accel": 0.013617591249023328,
      "op_leverage_ratio": 1.2638888888888886,
      "fcf_margin_change": -0.018943533697632055
    },
    {
      "date": "2024-06-30T00:00:00",
      "quarter_label": "2024-06 (Q2)",
      "revenue": 625000000,
      "gross_profit": null,
      "operating_income": 42000000,
      "net_income": null,
      "opex": 583000000,
      "cogs": null,
      "rd": null,
      "sga": null,
      "fcf": 49000000,
      "ocf": 73000000,
      "capex": -24000000,
      "gross_margin": null,
      "op_margin": 0.0672,
      "fcf_margin": 0.0784,
      "incr_op_margin_yoy": 1.2121212121212122,
      "rev_growth_yoy": 0.05574324324324324,
      "rev_growth_yoy_accel": 0.0003799214439352827,
      "op_leverage_ratio": Infinity,
      "fcf_margin_change": 0.03905573770491803
    },
    {
      "date": "2024-09-30T00:00:00",
      "quarter_label": "2024-09 (Q3)",
      "revenue": 597000000,
      "gross_profit": null,
      "operating_income": 27000000,
      "net_income": null,
      "opex": 570000000,
      "cogs": null,
      "rd": null,
      "sga": null,
      "fcf": 59000000,
      "ocf": 85000000,
      "capex": -26000000,
      "gross_margin": null,
      "op_margin": 0.04522613065326633,
      "fcf_margin": 0.09882747068676717,
      "incr_op_margin_yoy": 1.1923076923076923,
      "rev_growth_yoy": 0.04553415061295972,
      "rev_growth_yoy_accel": -0.010209092630283523,
      "fcf_margin_change": 0.020427470686767174
    },
    {
      "date": "2024-12-31T00:00:00",
      "quarter_label": "2024-12 (Q4)",
      "revenue": 591000000,
      "gross_profit": null,
      "operating_income": 30000000,
      "net_income": null,
      "opex": 561000000,
      "cogs": null,
      "rd": null,
      "sga": null,
      "fcf": 33000000,
      "ocf": 65000000,
      "capex": -32000000,
      "gross_margin": null,
      "op_margin": 0.050761421319796954,
      "fcf_margin": 0.05583756345177665,
      "incr_op_margin_yoy": 0.6428571428571429,
      "rev_growth_yoy": 0.07650273224043716,
      "rev_growth_yoy_accel": 0.03096858162747744,
      "fcf_margin_change": -0.04298990723499052
    },
    {
      "date": "2025-03-31T00:00:00",
      "quarter_label": "2025-03 (Q1)",
      "revenue": 621000000,
      "gross_profit": null,
      "operating_income": 55000000,
      "net_income": null,
      "opex": 566000000,
      "cogs": null,
      "rd": null,
      "sga": null,
      "fcf": 26000000,
      "ocf": 53000000,
      "capex": -27000000,
      "gross_margin": null,
      "op_margin": 0.08856682769726248,
      "fcf_margin": 0.04186795491143317,
      "incr_op_margin_yoy": 3.5454545454545454,
      "rev_growth_yoy": 0.018032786885245903,
      "rev_growth_yoy_accel": -0.05846994535519126,
      "op_leverage_ratio": 5.695431472081218,
      "fcf_margin_change": -0.01396960854034348
    },
    {
      "date": "2025-06-30T00:00:00",
      "quarter_label": "2025-06 (Q2)",
      "revenue": 631000000,
      "gross_profit": null,
      "operating_income": 34000000,
      "net_income": null,
      "opex": 597000000,
      "cogs": null,
      "rd": null,
      "sga": null,
      "fcf": 27000000,
      "ocf": 57000000,
      "capex": -30000000,
      "gross_margin": null,
      "op_margin": 0.05388272583201268,
      "fcf_margin": 0.042789223454833596,
      "incr_op_margin_yoy": -1.3333333333333333,
      "rev_growth_yoy": 0.0096,
      "rev_growth_yoy_accel": -0.008432786885245904,
      "op_leverage_ratio": 0.29401070074281854,
      "fcf_margin_change": 0.0009212685434004247
    },
    {
      "date": "2025-09-30T00:00:00",
      "quarter_label": "2025-09 (Q3)",
      "revenue": 674000000,
      "gross_profit": null,
      "operating_income": 12000000,
      "net_income": null,
      "opex": 662000000,
      "cogs": null,
      "rd": null,
      "sga": null,
      "fcf": 38000000,
      "ocf": 71000000,
      "capex": -33000000,
      "gross_margin": null,
      "op_margin": 0.017804154302670624,
      "fcf_margin": 0.05637982195845697,
      "incr_op_margin_yoy": -0.19480519480519481,
      "rev_growth_yoy": 0.12897822445561138,
      "rev_growth_yoy_accel": 0.11937822445561139,
      "op_leverage_ratio": 0.6258929659880532,
      "fcf_margin_change": 0.013590598503623375
    }
  ],
  "signals": [
    {
      "quarter": "2025-09 (Q3)",
      "signal": "YoY REVENUE GROWTH ACCELERATION",
      "detail": "YoY growth: +12.9% vs prior quarter YoY: +1.0% (accel: +11.9%)",
      "severity": "MEDIUM"
    },
    {
      "quarter": "2025-03 (Q1)",
      "signal": "OPERATING LEVERAGE",
      "detail": "Rev growth +5.1% vs OpEx growth +0.9% (leverage: 5.7x)",
      "severity": "MEDIUM"
    },
    {
      "quarter": "2025-03 (Q1)",
      "signal": "YoY REVENUE GROWTH DECELERATION",
      "detail": "YoY growth: +1.8% vs prior quarter YoY: +7.7% (decel: -5.8%)",
      "severity": "WARNING"
    },
    {
      "quarter": "2025-03 (Q1)",
      "signal": "INCREMENTAL MARGIN (YoY)",
      "detail": "YoY Incr OPM: +354.5% vs year-ago OPM: +2.6%",
      "severity": "HIGH"
    },
    {
      "quarter": "2024-12 (Q4)",
      "signal": "INCREMENTAL MARGIN (YoY)",
      "detail": "YoY Incr OPM: +64.3% vs year-ago OPM: +0.5%",
      "severity": "HIGH"
    },
    {
      "quarter": "2024-09 (Q3)",
      "signal": "OP MARGIN TURNED POSITIVE (YoY)",
      "detail": "Op margin: -0.7% (year-ago) -> +4.5%",
      "severity": "HIGH"
    },
    {
      "quarter": "2024-06 (Q2)",
      "signal": "INCREMENTAL MARGIN (YoY)",
      "detail": "YoY Incr OPM: +121.2% vs year-ago OPM: +0.3%",
      "severity": "HIGH"
    },
    {
      "quarter": "2024-03 (Q1)",
      "signal": "OP MARGIN TURNED POSITIVE (YoY)",
      "detail": "Op margin: -1.6% (year-ago) -> +2.6%",
      "severity": "HIGH"
    },
    {
      "quarter": "2023-12 (Q4)",
      "signal": "YoY REVENUE GROWTH DECELERATION",
      "detail": "YoY growth: +4.2% vs prior quarter YoY: +17.0% (decel: -12.8%)",
      "severity": "WARNING"
    },
    {
      "quarter": "2023-12 (Q4)",
      "signal": "OP MARGIN TURNED POSITIVE (YoY)",
      "detail": "Op margin: -7.2% (year-ago) -> +0.5%",
      "severity": "HIGH"
    },
    {
      "quarter": "2023-12 (Q4)",
      "signal": "OP MARGIN TURNED POSITIVE (QoQ)",
      "detail": "Op margin: -0.7% -> +0.5%",
      "severity": "HIGH"
    },
    {
      "quarter": "2023-09 (Q3)",
      "signal": "FCF MARGIN EXPANSION",
      "detail": "FCF margin: +3.2% -> +18.7% (+15.5%)",
      "severity": "MEDIUM"
    },
    {
      "quarter": "2023-06 (Q2)",
      "signal": "FCF TURNED POSITIVE",
      "detail": "FCF margin: -18.9% -> +3.2%",
      "severity": "HIGH"
    },
    {
      "quarter": "2023-06 (Q2)",
      "signal": "OPERATING LEVERAGE",
      "detail": "Rev growth +2.4% vs OpEx growth +0.5% (leverage: 4.7x)",
      "severity": "MEDIUM"
    },
    {
      "quarter": "2023-06 (Q2)",
      "signal": "OP MARGIN TURNED POSITIVE (YoY)",
      "detail": "Op margin: -3.9% (year-ago) -> +0.3%",
      "severity": "HIGH"
    },
    {
      "quarter": "2023-06 (Q2)",
      "signal": "OP MARGIN TURNED POSITIVE (QoQ)",
      "detail": "Op margin: -1.6% -> +0.3%",
      "severity": "HIGH"
    },
    {
      "quarter": "2023-03 (Q1)",
      "signal": "OPERATING LEVERAGE",
      "detail": "Rev growth +9.7% vs OpEx growth +3.9% (leverage: 2.5x)",
      "severity": "MEDIUM"
    },
    {
      "quarter": "2022-12 (Q4)",
      "signal": "FCF MARGIN EXPANSION",
      "detail": "FCF margin: -23.0% -> -4.7% (+18.2%)",
      "severity": "MEDIUM"
    },
    {
      "quarter": "2022-09 (Q3)",
      "signal": "FCF MARGIN EXPANSION",
      "detail": "FCF margin: -36.2% -> -23.0% (+13.3%)",
      "severity": "MEDIUM"
    },
    {
      "quarter": "2022-09 (Q3)",
      "signal": "YoY REVENUE GROWTH DECELERATION",
      "detail": "YoY growth: +147.7% vs prior quarter YoY: +217.6% (decel: -69.9%)",
      "severity": "WARNING"
    },
    {
      "quarter": "2021-12 (Q4)",
      "signal": "FCF TURNED POSITIVE",
      "detail": "FCF margin: -59.4% -> +38.9%",
      "severity": "HIGH"
    },
    {
      "quarter": "2021-12 (Q4)",
      "signal": "OP MARGIN TURNED POSITIVE (QoQ)",
      "detail": "Op margin: -62.9% -> +40.5%",
      "severity": "HIGH"
    },
    {
      "quarter": "2021-09 (Q3)",
      "signal": "FCF MARGIN EXPANSION",
      "detail": "FCF margin: -154.0% -> -59.4% (+94.6%)",
      "severity": "MEDIUM"
    }
  ],
  "data_quality": {
    "n_quarters": 20,
    "coverage": {
      "revenue": [
        20,
        20
      ],
      "gross_profit": [
        0,
        20
      ],
      "op_income": [
        18,
        20
      ],
      "fcf": [
        20,
        20
      ]
    },
    "gaps": [],
    "warnings": [
      "gross_profit: no data"
    ]
  },
  "market_cap": null,
  "source": "SEC EDGAR",
  "last_updated": "2026-02-02T21:16:06.333574"
}