{
  "ticker": "GCMG",
  "name": "GCM Grosvenor Inc.",
  "quarters": [
    {
      "date": "2020-12-31T00:00:00",
      "quarter_label": "2020-12 (Q4)",
      "revenue": 155488000,
      "gross_profit": null,
      "operating_income": -70791000,
      "net_income": 7507000,
      "opex": 226279000,
      "cogs": null,
      "rd": null,
      "sga": 24273000,
      "fcf": 24896000,
      "ocf": 25039000,
      "capex": -143000,
      "gross_margin": null,
      "op_margin": -0.4552827227824655,
      "fcf_margin": 0.1601152500514509
    },
    {
      "date": "2021-03-31T00:00:00",
      "quarter_label": "2021-03 (Q1)",
      "revenue": 103219000,
      "gross_profit": null,
      "operating_income": -4666000,
      "net_income": 2547000,
      "opex": 107885000,
      "cogs": null,
      "rd": null,
      "sga": 24532000,
      "fcf": 15736000,
      "ocf": 15791000,
      "capex": -55000,
      "gross_margin": null,
      "op_margin": -0.0452048556951724,
      "fcf_margin": 0.15245255234016994,
      "fcf_margin_change": -0.007662697711280975
    },
    {
      "date": "2021-06-30T00:00:00",
      "quarter_label": "2021-06 (Q2)",
      "revenue": 119703000,
      "gross_profit": null,
      "operating_income": 22218000,
      "net_income": 656000,
      "opex": 97485000,
      "cogs": null,
      "rd": null,
      "sga": 21651000,
      "fcf": 48015000,
      "ocf": 48190000,
      "capex": -175000,
      "gross_margin": null,
      "op_margin": 0.1856093832234781,
      "fcf_margin": 0.40111776647201824,
      "op_leverage_ratio": Infinity,
      "fcf_margin_change": 0.2486652141318483
    },
    {
      "date": "2021-09-30T00:00:00",
      "quarter_label": "2021-09 (Q3)",
      "revenue": 118075000,
      "gross_profit": null,
      "operating_income": 25077000,
      "net_income": 4056000,
      "opex": 92998000,
      "cogs": null,
      "rd": null,
      "sga": 20131000,
      "fcf": 80653000,
      "ocf": 80815000,
      "capex": -162000,
      "gross_margin": null,
      "op_margin": 0.2123819606182511,
      "fcf_margin": 0.6830658479779801,
      "fcf_margin_change": 0.28194808150596185
    },
    {
      "date": "2021-12-31T00:00:00",
      "quarter_label": "2021-12 (Q4)",
      "revenue": 190595000,
      "gross_profit": null,
      "operating_income": 66775000,
      "net_income": 14223000,
      "opex": 123820000,
      "cogs": null,
      "rd": null,
      "sga": 22037000,
      "fcf": 33822000,
      "ocf": 34007000,
      "capex": -185000,
      "gross_margin": null,
      "op_margin": 0.350350219050867,
      "fcf_margin": 0.17745481256066528,
      "incr_op_margin_yoy": 3.9184777964508504,
      "rev_growth_yoy": 0.22578591273924675,
      "op_leverage_ratio": 1.853158789694518,
      "fcf_margin_change": -0.5056110354173148
    },
    {
      "date": "2022-03-31T00:00:00",
      "quarter_label": "2022-03 (Q1)",
      "revenue": 105128000,
      "gross_profit": null,
      "operating_income": 17965000,
      "net_income": 4726000,
      "opex": 87163000,
      "cogs": null,
      "rd": null,
      "sga": 21258000,
      "fcf": 40158000,
      "ocf": 40443000,
      "capex": -285000,
      "gross_margin": null,
      "op_margin": 0.17088691880374401,
      "fcf_margin": 0.3819914770565406,
      "incr_op_margin_yoy": 11.85489785227868,
      "rev_growth_yoy": 0.018494656991445372,
      "rev_growth_yoy_accel": -0.20729125574780138,
      "fcf_margin_change": 0.2045366644958753
    },
    {
      "date": "2022-06-30T00:00:00",
      "quarter_label": "2022-06 (Q2)",
      "revenue": 104360000,
      "gross_profit": null,
      "operating_income": 19838000,
      "net_income": 7605000,
      "opex": 84522000,
      "cogs": null,
      "rd": null,
      "sga": 23093000,
      "fcf": 46600000,
      "ocf": 46989000,
      "capex": -389000,
      "gross_margin": null,
      "op_margin": 0.19009198926791873,
      "fcf_margin": 0.4465312380222307,
      "incr_op_margin_yoy": 0.15511959851398033,
      "rev_growth_yoy": -0.12817556786379622,
      "rev_growth_yoy_accel": -0.1466702248552416,
      "fcf_margin_change": 0.06453976096569014
    },
    {
      "date": "2022-09-30T00:00:00",
      "quarter_label": "2022-09 (Q3)",
      "revenue": 137214000,
      "gross_profit": null,
      "operating_income": 28730000,
      "net_income": 3099000,
      "opex": 108484000,
      "cogs": null,
      "rd": null,
      "sga": 21982000,
      "fcf": 71773000,
      "ocf": 72497000,
      "capex": -724000,
      "gross_margin": null,
      "op_margin": 0.20938096695672453,
      "fcf_margin": 0.5230734473158716,
      "incr_op_margin_yoy": 0.19086681644809028,
      "rev_growth_yoy": 0.16209189074740632,
      "rev_growth_yoy_accel": 0.2902674586112025,
      "op_leverage_ratio": 1.1104547944492027,
      "fcf_margin_change": 0.07654220929364086
    },
    {
      "date": "2022-12-31T00:00:00",
      "quarter_label": "2022-12 (Q4)",
      "revenue": 99828000,
      "gross_profit": null,
      "operating_income": 13779000,
      "net_income": 4390000,
      "opex": 86049000,
      "cogs": null,
      "rd": null,
      "sga": 22574000,
      "fcf": 57200000,
      "ocf": 56584000,
      "capex": 616000,
      "gross_margin": null,
      "op_margin": 0.13802740714028128,
      "fcf_margin": 0.5729855351204071,
      "incr_op_margin_yoy": 0.5838685866008572,
      "rev_growth_yoy": -0.47622970172354995,
      "rev_growth_yoy_accel": -0.6383215924709562,
      "fcf_margin_change": 0.04991208780453549
    },
    {
      "date": "2023-03-31T00:00:00",
      "quarter_label": "2023-03 (Q1)",
      "revenue": 99116000,
      "gross_profit": null,
      "operating_income": -12887000,
      "net_income": -1230000,
      "opex": 112003000,
      "cogs": null,
      "rd": null,
      "sga": 25779000,
      "fcf": -4964000,
      "ocf": -4761000,
      "capex": -203000,
      "gross_margin": null,
      "op_margin": -0.13001937124177732,
      "fcf_margin": -0.0500827313450906,
      "incr_op_margin_yoy": 5.131736526946108,
      "rev_growth_yoy": -0.057187428658397384,
      "rev_growth_yoy_accel": 0.41904227306515257,
      "fcf_margin_change": -0.6230682664654976
    },
    {
      "date": "2023-06-30T00:00:00",
      "quarter_label": "2023-06 (Q2)",
      "revenue": 107613000,
      "gross_profit": null,
      "operating_income": -35981000,
      "net_income": 4848000,
      "opex": 143594000,
      "cogs": null,
      "rd": null,
      "sga": 28726000,
      "fcf": 25989000,
      "ocf": 26567000,
      "capex": -578000,
      "gross_margin": null,
      "op_margin": -0.33435551466830216,
      "fcf_margin": 0.24150427922277048,
      "incr_op_margin_yoy": -17.159237626806025,
      "rev_growth_yoy": 0.031170946722882332,
      "rev_growth_yoy_accel": 0.08835837538127972,
      "op_leverage_ratio": 0.3039401917457941,
      "fcf_margin_change": 0.29158701056786107
    },
    {
      "date": "2023-09-30T00:00:00",
      "quarter_label": "2023-09 (Q3)",
      "revenue": 121714000,
      "gross_profit": null,
      "operating_income": 23904000,
      "net_income": 5898000,
      "opex": 97810000,
      "cogs": null,
      "rd": null,
      "sga": 21397000,
      "fcf": 43047000,
      "ocf": 43583000,
      "capex": -536000,
      "gross_margin": null,
      "op_margin": 0.19639482721790427,
      "fcf_margin": 0.35367336543043526,
      "incr_op_margin_yoy": 0.3113548387096774,
      "rev_growth_yoy": -0.11296223417435539,
      "rev_growth_yoy_accel": -0.14413318089723773,
      "op_leverage_ratio": Infinity,
      "fcf_margin_change": 0.11216908620766478
    },
    {
      "date": "2023-12-31T00:00:00",
      "quarter_label": "2023-12 (Q4)",
      "revenue": 116556000,
      "gross_profit": null,
      "operating_income": 13118000,
      "net_income": 3258000,
      "opex": 103438000,
      "cogs": null,
      "rd": null,
      "sga": 24899000,
      "fcf": 24230000,
      "ocf": 26676000,
      "capex": -2446000,
      "gross_margin": null,
      "op_margin": 0.11254675863962388,
      "fcf_margin": 0.20788290607090154,
      "incr_op_margin_yoy": -0.03951458632233381,
      "rev_growth_yoy": 0.16756821733381416,
      "rev_growth_yoy_accel": 0.2805304515081696,
      "fcf_margin_change": -0.14579045935953372
    },
    {
      "date": "2024-03-31T00:00:00",
      "quarter_label": "2024-03 (Q1)",
      "revenue": 108866000,
      "gross_profit": null,
      "operating_income": -15960000,
      "net_income": 2124000,
      "opex": 124826000,
      "cogs": null,
      "rd": null,
      "sga": 25179000,
      "fcf": 20009000,
      "ocf": 24204000,
      "capex": -4195000,
      "gross_margin": null,
      "op_margin": -0.14660224496169602,
      "fcf_margin": 0.18379475685705363,
      "incr_op_margin_yoy": -0.3151794871794872,
      "rev_growth_yoy": 0.09836958715040962,
      "rev_growth_yoy_accel": -0.06919863018340454,
      "fcf_margin_change": -0.024088149213847915
    },
    {
      "date": "2024-06-30T00:00:00",
      "quarter_label": "2024-06 (Q2)",
      "revenue": 116954000,
      "gross_profit": null,
      "operating_income": 20835000,
      "net_income": 4800000,
      "opex": 96119000,
      "cogs": null,
      "rd": null,
      "sga": 28164000,
      "fcf": 12806000,
      "ocf": 17478000,
      "capex": -4672000,
      "gross_margin": null,
      "op_margin": 0.17814696376353095,
      "fcf_margin": 0.10949604117858304,
      "incr_op_margin_yoy": 6.0824322877636225,
      "rev_growth_yoy": 0.08680178045403436,
      "rev_growth_yoy_accel": -0.011567806696375263,
      "op_leverage_ratio": Infinity,
      "fcf_margin_change": -0.07429871567847059
    },
    {
      "date": "2024-09-30T00:00:00",
      "quarter_label": "2024-09 (Q3)",
      "revenue": 122931000,
      "gross_profit": null,
      "operating_income": 24997000,
      "net_income": 4156000,
      "opex": 97934000,
      "cogs": null,
      "rd": null,
      "sga": 24617000,
      "fcf": 62246000,
      "ocf": 68992000,
      "capex": -6746000,
      "gross_margin": null,
      "op_margin": 0.20334171201731052,
      "fcf_margin": 0.5063490901399972,
      "incr_op_margin_yoy": 0.8981101068200493,
      "rev_growth_yoy": 0.009998849762558128,
      "rev_growth_yoy_accel": -0.07680293069147623,
      "op_leverage_ratio": 2.706454874702686,
      "fcf_margin_change": 0.39685304896141416
    },
    {
      "date": "2024-12-31T00:00:00",
      "quarter_label": "2024-12 (Q4)",
      "revenue": 165261000,
      "gross_profit": null,
      "operating_income": 43608000,
      "net_income": 7615000,
      "opex": 121653000,
      "cogs": null,
      "rd": null,
      "sga": 26336000,
      "fcf": 36984000,
      "ocf": 38100000,
      "capex": -1116000,
      "gross_margin": null,
      "op_margin": 0.2638735091763937,
      "fcf_margin": 0.22379145714959972,
      "incr_op_margin_yoy": 0.6260137562878555,
      "rev_growth_yoy": 0.41786780603315143,
      "rev_growth_yoy_accel": 0.40786895627059333,
      "op_leverage_ratio": 1.421752406522503,
      "fcf_margin_change": -0.2825576329903975
    },
    {
      "date": "2025-03-31T00:00:00",
      "quarter_label": "2025-03 (Q1)",
      "revenue": 125846000,
      "gross_profit": null,
      "operating_income": 15330000,
      "net_income": 463000,
      "opex": 110516000,
      "cogs": null,
      "rd": null,
      "sga": 28276000,
      "fcf": 32094000,
      "ocf": 33264000,
      "capex": -1170000,
      "gross_margin": null,
      "op_margin": 0.12181555234175102,
      "fcf_margin": 0.2550259841393449,
      "incr_op_margin_yoy": 1.842756183745583,
      "rev_growth_yoy": 0.15597156136902246,
      "rev_growth_yoy_accel": -0.261896244664129,
      "fcf_margin_change": 0.031234526989745187
    },
    {
      "date": "2025-06-30T00:00:00",
      "quarter_label": "2025-06 (Q2)",
      "revenue": 119657000,
      "gross_profit": null,
      "operating_income": 19245000,
      "net_income": 15437000,
      "opex": 100412000,
      "cogs": null,
      "rd": null,
      "sga": 25549000,
      "fcf": 40755000,
      "ocf": 41977000,
      "capex": -1222000,
      "gross_margin": null,
      "op_margin": 0.1608347192391586,
      "fcf_margin": 0.3405985441720919,
      "incr_op_margin_yoy": -0.5882352941176471,
      "rev_growth_yoy": 0.023111650734476803,
      "rev_growth_yoy_accel": -0.13285991063454566,
      "fcf_margin_change": 0.08557256003274699
    },
    {
      "date": "2025-09-30T00:00:00",
      "quarter_label": "2025-09 (Q3)",
      "revenue": 134967000,
      "gross_profit": null,
      "operating_income": 44174000,
      "net_income": 10495000,
      "opex": 90793000,
      "cogs": null,
      "rd": null,
      "sga": 24699000,
      "fcf": 78269000,
      "ocf": 79817000,
      "capex": -1548000,
      "gross_margin": null,
      "op_margin": 0.32729482021531187,
      "fcf_margin": 0.5799121266680003,
      "incr_op_margin_yoy": 1.593303423064141,
      "rev_growth_yoy": 0.09790858286355761,
      "rev_growth_yoy_accel": 0.07479693212908081,
      "op_leverage_ratio": Infinity,
      "fcf_margin_change": 0.2393135824959084
    }
  ],
  "signals": [
    {
      "quarter": "2025-09 (Q3)",
      "signal": "FCF MARGIN EXPANSION",
      "detail": "FCF margin: +34.1% -> +58.0% (+23.9%)",
      "severity": "MEDIUM"
    },
    {
      "quarter": "2025-09 (Q3)",
      "signal": "YoY REVENUE GROWTH ACCELERATION",
      "detail": "YoY growth: +9.8% vs prior quarter YoY: +2.3% (accel: +7.5%)",
      "severity": "MEDIUM"
    },
    {
      "quarter": "2025-09 (Q3)",
      "signal": "INCREMENTAL MARGIN (YoY)",
      "detail": "YoY Incr OPM: +159.3% vs year-ago OPM: +20.3%",
      "severity": "HIGH"
    },
    {
      "quarter": "2025-06 (Q2)",
      "signal": "FCF MARGIN EXPANSION",
      "detail": "FCF margin: +25.5% -> +34.1% (+8.6%)",
      "severity": "MEDIUM"
    },
    {
      "quarter": "2025-06 (Q2)",
      "signal": "YoY REVENUE GROWTH DECELERATION",
      "detail": "YoY growth: +2.3% vs prior quarter YoY: +15.6% (decel: -13.3%)",
      "severity": "WARNING"
    },
    {
      "quarter": "2025-03 (Q1)",
      "signal": "YoY REVENUE GROWTH DECELERATION",
      "detail": "YoY growth: +15.6% vs prior quarter YoY: +41.8% (decel: -26.2%)",
      "severity": "WARNING"
    },
    {
      "quarter": "2025-03 (Q1)",
      "signal": "OP MARGIN TURNED POSITIVE (YoY)",
      "detail": "Op margin: -14.7% (year-ago) -> +12.2%",
      "severity": "HIGH"
    },
    {
      "quarter": "2024-12 (Q4)",
      "signal": "YoY REVENUE GROWTH ACCELERATION",
      "detail": "YoY growth: +41.8% vs prior quarter YoY: +1.0% (accel: +40.8%)",
      "severity": "HIGH"
    },
    {
      "quarter": "2024-12 (Q4)",
      "signal": "INCREMENTAL MARGIN (YoY)",
      "detail": "YoY Incr OPM: +62.6% vs year-ago OPM: +11.3%",
      "severity": "HIGH"
    },
    {
      "quarter": "2024-09 (Q3)",
      "signal": "FCF MARGIN EXPANSION",
      "detail": "FCF margin: +10.9% -> +50.6% (+39.7%)",
      "severity": "MEDIUM"
    },
    {
      "quarter": "2024-09 (Q3)",
      "signal": "OPERATING LEVERAGE",
      "detail": "Rev growth +5.1% vs OpEx growth +1.9% (leverage: 2.7x)",
      "severity": "MEDIUM"
    },
    {
      "quarter": "2024-09 (Q3)",
      "signal": "YoY REVENUE GROWTH DECELERATION",
      "detail": "YoY growth: +1.0% vs prior quarter YoY: +8.7% (decel: -7.7%)",
      "severity": "WARNING"
    },
    {
      "quarter": "2024-09 (Q3)",
      "signal": "INCREMENTAL MARGIN (YoY)",
      "detail": "YoY Incr OPM: +89.8% vs year-ago OPM: +19.6%",
      "severity": "HIGH"
    },
    {
      "quarter": "2024-06 (Q2)",
      "signal": "OP MARGIN TURNED POSITIVE (YoY)",
      "detail": "Op margin: -33.4% (year-ago) -> +17.8%",
      "severity": "HIGH"
    },
    {
      "quarter": "2024-06 (Q2)",
      "signal": "OP MARGIN TURNED POSITIVE (QoQ)",
      "detail": "Op margin: -14.7% -> +17.8%",
      "severity": "HIGH"
    },
    {
      "quarter": "2024-03 (Q1)",
      "signal": "YoY REVENUE GROWTH DECELERATION",
      "detail": "YoY growth: +9.8% vs prior quarter YoY: +16.8% (decel: -6.9%)",
      "severity": "WARNING"
    },
    {
      "quarter": "2023-12 (Q4)",
      "signal": "YoY REVENUE GROWTH ACCELERATION",
      "detail": "YoY growth: +16.8% vs prior quarter YoY: -11.3% (accel: +28.1%)",
      "severity": "HIGH"
    },
    {
      "quarter": "2023-09 (Q3)",
      "signal": "FCF MARGIN EXPANSION",
      "detail": "FCF margin: +24.2% -> +35.4% (+11.2%)",
      "severity": "MEDIUM"
    },
    {
      "quarter": "2023-09 (Q3)",
      "signal": "YoY REVENUE GROWTH DECELERATION",
      "detail": "YoY growth: -11.3% vs prior quarter YoY: +3.1% (decel: -14.4%)",
      "severity": "WARNING"
    },
    {
      "quarter": "2023-09 (Q3)",
      "signal": "INCREMENTAL MARGIN (YoY)",
      "detail": "YoY Incr OPM: +31.1% vs year-ago OPM: +20.9%",
      "severity": "MEDIUM"
    },
    {
      "quarter": "2023-09 (Q3)",
      "signal": "OP MARGIN TURNED POSITIVE (QoQ)",
      "detail": "Op margin: -33.4% -> +19.6%",
      "severity": "HIGH"
    },
    {
      "quarter": "2023-06 (Q2)",
      "signal": "FCF TURNED POSITIVE",
      "detail": "FCF margin: -5.0% -> +24.2%",
      "severity": "HIGH"
    },
    {
      "quarter": "2023-06 (Q2)",
      "signal": "YoY REVENUE GROWTH ACCELERATION",
      "detail": "YoY growth: +3.1% vs prior quarter YoY: -5.7% (accel: +8.8%)",
      "severity": "MEDIUM"
    },
    {
      "quarter": "2023-03 (Q1)",
      "signal": "YoY REVENUE GROWTH ACCELERATION",
      "detail": "YoY growth: -5.7% vs prior quarter YoY: -47.6% (accel: +41.9%)",
      "severity": "HIGH"
    },
    {
      "quarter": "2022-12 (Q4)",
      "signal": "YoY REVENUE GROWTH DECELERATION",
      "detail": "YoY growth: -47.6% vs prior quarter YoY: +16.2% (decel: -63.8%)",
      "severity": "WARNING"
    },
    {
      "quarter": "2022-12 (Q4)",
      "signal": "INCREMENTAL MARGIN (YoY)",
      "detail": "YoY Incr OPM: +58.4% vs year-ago OPM: +35.0%",
      "severity": "HIGH"
    },
    {
      "quarter": "2022-09 (Q3)",
      "signal": "FCF MARGIN EXPANSION",
      "detail": "FCF margin: +44.7% -> +52.3% (+7.7%)",
      "severity": "MEDIUM"
    },
    {
      "quarter": "2022-09 (Q3)",
      "signal": "YoY REVENUE GROWTH ACCELERATION",
      "detail": "YoY growth: +16.2% vs prior quarter YoY: -12.8% (accel: +29.0%)",
      "severity": "HIGH"
    },
    {
      "quarter": "2022-06 (Q2)",
      "signal": "FCF MARGIN EXPANSION",
      "detail": "FCF margin: +38.2% -> +44.7% (+6.5%)",
      "severity": "MEDIUM"
    },
    {
      "quarter": "2022-06 (Q2)",
      "signal": "YoY REVENUE GROWTH DECELERATION",
      "detail": "YoY growth: -12.8% vs prior quarter YoY: +1.8% (decel: -14.7%)",
      "severity": "WARNING"
    },
    {
      "quarter": "2022-03 (Q1)",
      "signal": "FCF MARGIN EXPANSION",
      "detail": "FCF margin: +17.7% -> +38.2% (+20.5%)",
      "severity": "MEDIUM"
    },
    {
      "quarter": "2022-03 (Q1)",
      "signal": "YoY REVENUE GROWTH DECELERATION",
      "detail": "YoY growth: +1.8% vs prior quarter YoY: +22.6% (decel: -20.7%)",
      "severity": "WARNING"
    },
    {
      "quarter": "2022-03 (Q1)",
      "signal": "OP MARGIN TURNED POSITIVE (YoY)",
      "detail": "Op margin: -4.5% (year-ago) -> +17.1%",
      "severity": "HIGH"
    },
    {
      "quarter": "2021-12 (Q4)",
      "signal": "OPERATING LEVERAGE",
      "detail": "Rev growth +61.4% vs OpEx growth +33.1% (leverage: 1.9x)",
      "severity": "MEDIUM"
    },
    {
      "quarter": "2021-12 (Q4)",
      "signal": "OP MARGIN TURNED POSITIVE (YoY)",
      "detail": "Op margin: -45.5% (year-ago) -> +35.0%",
      "severity": "HIGH"
    },
    {
      "quarter": "2021-09 (Q3)",
      "signal": "FCF MARGIN EXPANSION",
      "detail": "FCF margin: +40.1% -> +68.3% (+28.2%)",
      "severity": "MEDIUM"
    },
    {
      "quarter": "2021-06 (Q2)",
      "signal": "FCF MARGIN EXPANSION",
      "detail": "FCF margin: +15.2% -> +40.1% (+24.9%)",
      "severity": "MEDIUM"
    },
    {
      "quarter": "2021-06 (Q2)",
      "signal": "OP MARGIN TURNED POSITIVE (QoQ)",
      "detail": "Op margin: -4.5% -> +18.6%",
      "severity": "HIGH"
    }
  ],
  "data_quality": {
    "n_quarters": 20,
    "coverage": {
      "revenue": [
        20,
        20
      ],
      "gross_profit": [
        0,
        20
      ],
      "op_income": [
        20,
        20
      ],
      "fcf": [
        20,
        20
      ]
    },
    "gaps": [],
    "warnings": [
      "gross_profit: no data"
    ]
  },
  "market_cap": null,
  "source": "SEC EDGAR",
  "last_updated": "2026-02-02T21:34:50.148617"
}