{
  "ticker": "GD",
  "name": "GENERAL DYNAMICS CORPORATION",
  "quarters": [
    {
      "date": "2021-04-04T00:00:00",
      "quarter_label": "2021-04 (Q2)",
      "revenue": 9389000000,
      "gross_profit": null,
      "operating_income": 938000000,
      "net_income": 708000000,
      "opex": 8451000000,
      "cogs": null,
      "rd": null,
      "sga": null,
      "fcf": -131000000,
      "ocf": 3000000,
      "capex": -134000000,
      "gross_margin": null,
      "op_margin": 0.09990414314623496,
      "fcf_margin": -0.013952497603578655
    },
    {
      "date": "2021-07-04T00:00:00",
      "quarter_label": "2021-07 (Q3)",
      "revenue": 9220000000,
      "gross_profit": null,
      "operating_income": 959000000,
      "net_income": 737000000,
      "opex": 8261000000,
      "cogs": null,
      "rd": null,
      "sga": null,
      "fcf": 943000000,
      "ocf": 1115000000,
      "capex": -172000000,
      "gross_margin": null,
      "op_margin": 0.10401301518438177,
      "fcf_margin": 0.10227765726681128,
      "fcf_margin_change": 0.11623015487038993
    },
    {
      "date": "2021-10-03T00:00:00",
      "quarter_label": "2021-10 (Q4)",
      "revenue": 9568000000,
      "gross_profit": null,
      "operating_income": 1080000000,
      "net_income": 860000000,
      "opex": 8488000000,
      "cogs": null,
      "rd": null,
      "sga": null,
      "fcf": 1275000000,
      "ocf": 1471000000,
      "capex": -196000000,
      "gross_margin": null,
      "op_margin": 0.112876254180602,
      "fcf_margin": 0.1332566889632107,
      "op_leverage_ratio": 1.373583571435397,
      "fcf_margin_change": 0.030979031696399414
    },
    {
      "date": "2021-12-31T00:00:00",
      "quarter_label": "2021-12 (Q4)",
      "revenue": 10292000000,
      "gross_profit": null,
      "operating_income": 1186000000,
      "net_income": 952000000,
      "opex": 9106000000,
      "cogs": null,
      "rd": null,
      "sga": null,
      "fcf": 1297000000,
      "ocf": 1682000000,
      "capex": -385000000,
      "gross_margin": null,
      "op_margin": 0.11523513408472601,
      "fcf_margin": 0.12602020987174503,
      "op_leverage_ratio": 1.039284129406544,
      "fcf_margin_change": -0.0072364790914656585
    },
    {
      "date": "2022-04-03T00:00:00",
      "quarter_label": "2022-04 (Q2)",
      "revenue": 9392000000,
      "gross_profit": null,
      "operating_income": 908000000,
      "net_income": 730000000,
      "opex": 8484000000,
      "cogs": null,
      "rd": null,
      "sga": null,
      "fcf": 1827000000,
      "ocf": 1968000000,
      "capex": -141000000,
      "gross_margin": null,
      "op_margin": 0.09667802385008518,
      "fcf_margin": 0.19452725724020442,
      "incr_op_margin_yoy": -10.0,
      "rev_growth_yoy": 0.00031952284588348065,
      "fcf_margin_change": 0.06850704736845939
    },
    {
      "date": "2022-07-03T00:00:00",
      "quarter_label": "2022-07 (Q3)",
      "revenue": 9189000000,
      "gross_profit": null,
      "operating_income": 978000000,
      "net_income": 766000000,
      "opex": 8211000000,
      "cogs": null,
      "rd": null,
      "sga": null,
      "fcf": 435000000,
      "ocf": 659000000,
      "capex": -224000000,
      "gross_margin": null,
      "op_margin": 0.10643160300359125,
      "fcf_margin": 0.04733920992491022,
      "incr_op_margin_yoy": -0.6129032258064516,
      "rev_growth_yoy": -0.0033622559652928415,
      "rev_growth_yoy_accel": -0.003681778811176322,
      "fcf_margin_change": -0.1471880473152942
    },
    {
      "date": "2022-10-02T00:00:00",
      "quarter_label": "2022-10 (Q4)",
      "revenue": 9975000000,
      "gross_profit": null,
      "operating_income": 1098000000,
      "net_income": 902000000,
      "opex": 8877000000,
      "cogs": null,
      "rd": null,
      "sga": null,
      "fcf": 1028000000,
      "ocf": 1283000000,
      "capex": -255000000,
      "gross_margin": null,
      "op_margin": 0.11007518796992481,
      "fcf_margin": 0.1030576441102757,
      "incr_op_margin_yoy": 0.044226044226044224,
      "rev_growth_yoy": 0.0425376254180602,
      "rev_growth_yoy_accel": 0.04589988138335304,
      "op_leverage_ratio": 1.0545717117705364,
      "fcf_margin_change": 0.05571843418536548
    },
    {
      "date": "2022-12-31T00:00:00",
      "quarter_label": "2022-12 (Q4)",
      "revenue": 10851000000,
      "gross_profit": null,
      "operating_income": 1227000000,
      "net_income": 992000000,
      "opex": 9624000000,
      "cogs": null,
      "rd": null,
      "sga": null,
      "fcf": 175000000,
      "ocf": 669000000,
      "capex": -494000000,
      "gross_margin": null,
      "op_margin": 0.11307713574785734,
      "fcf_margin": 0.016127545848308913,
      "incr_op_margin_yoy": 0.07334525939177101,
      "rev_growth_yoy": 0.05431403031480762,
      "rev_growth_yoy_accel": 0.011776404896747417,
      "op_leverage_ratio": 1.0436066068786423,
      "fcf_margin_change": -0.08693009826196678
    },
    {
      "date": "2023-04-02T00:00:00",
      "quarter_label": "2023-04 (Q2)",
      "revenue": 9881000000,
      "gross_profit": null,
      "operating_income": 938000000,
      "net_income": 730000000,
      "opex": 8943000000,
      "cogs": null,
      "rd": null,
      "sga": null,
      "fcf": 1301000000,
      "ocf": 1462000000,
      "capex": -161000000,
      "gross_margin": null,
      "op_margin": 0.09492966298957595,
      "fcf_margin": 0.13166683534055257,
      "incr_op_margin_yoy": 0.06134969325153374,
      "rev_growth_yoy": 0.05206558773424191,
      "rev_growth_yoy_accel": -0.00224844258056571,
      "fcf_margin_change": 0.11553928949224365
    },
    {
      "date": "2023-07-02T00:00:00",
      "quarter_label": "2023-07 (Q3)",
      "revenue": 10152000000,
      "gross_profit": null,
      "operating_income": 962000000,
      "net_income": 744000000,
      "opex": 9190000000,
      "cogs": null,
      "rd": null,
      "sga": null,
      "fcf": 519000000,
      "ocf": 731000000,
      "capex": -212000000,
      "gross_margin": null,
      "op_margin": 0.09475965327029157,
      "fcf_margin": 0.051122931442080376,
      "incr_op_margin_yoy": -0.016614745586708203,
      "rev_growth_yoy": 0.10479921645445642,
      "rev_growth_yoy_accel": 0.05273362872021451,
      "op_leverage_ratio": 0.9930123940478741,
      "fcf_margin_change": -0.08054390389847219
    },
    {
      "date": "2023-10-01T00:00:00",
      "quarter_label": "2023-10 (Q4)",
      "revenue": 10571000000,
      "gross_profit": null,
      "operating_income": 1057000000,
      "net_income": 836000000,
      "opex": 9514000000,
      "cogs": null,
      "rd": null,
      "sga": null,
      "fcf": 1094000000,
      "ocf": 1321000000,
      "capex": -227000000,
      "gross_margin": null,
      "op_margin": 0.09999054015703339,
      "fcf_margin": 0.10349068205467789,
      "incr_op_margin_yoy": -0.06879194630872483,
      "rev_growth_yoy": 0.05974937343358396,
      "rev_growth_yoy_accel": -0.045049843020872456,
      "op_leverage_ratio": 1.1706657570362586,
      "fcf_margin_change": 0.05236775061259751
    },
    {
      "date": "2023-12-31T00:00:00",
      "quarter_label": "2023-12 (Q4)",
      "revenue": 11668000000,
      "gross_profit": null,
      "operating_income": 1288000000,
      "net_income": 1005000000,
      "opex": 10380000000,
      "cogs": null,
      "rd": null,
      "sga": null,
      "fcf": 892000000,
      "ocf": 1196000000,
      "capex": -304000000,
      "gross_margin": null,
      "op_margin": 0.11038738429893727,
      "fcf_margin": 0.07644840589646898,
      "incr_op_margin_yoy": 0.07466340269277846,
      "rev_growth_yoy": 0.07529259976039075,
      "rev_growth_yoy_accel": 0.01554322632680679,
      "op_leverage_ratio": 1.140081267260663,
      "fcf_margin_change": -0.02704227615820891
    },
    {
      "date": "2024-03-31T00:00:00",
      "quarter_label": "2024-03 (Q1)",
      "revenue": 10731000000,
      "gross_profit": null,
      "operating_income": 1036000000,
      "net_income": 799000000,
      "opex": 9695000000,
      "cogs": null,
      "rd": null,
      "sga": null,
      "fcf": -437000000,
      "ocf": -278000000,
      "capex": -159000000,
      "gross_margin": null,
      "op_margin": 0.09654272667971298,
      "fcf_margin": -0.04072313857049669,
      "incr_op_margin_yoy": 0.11529411764705882,
      "rev_growth_yoy": 0.08602368181358162,
      "rev_growth_yoy_accel": 0.010731082053190871,
      "fcf_margin_change": -0.11717154446696568
    },
    {
      "date": "2024-06-30T00:00:00",
      "quarter_label": "2024-06 (Q2)",
      "revenue": 11976000000,
      "gross_profit": null,
      "operating_income": 1156000000,
      "net_income": 905000000,
      "opex": 10820000000,
      "cogs": null,
      "rd": null,
      "sga": null,
      "fcf": 613000000,
      "ocf": 814000000,
      "capex": -201000000,
      "gross_margin": null,
      "op_margin": 0.09652638610554443,
      "fcf_margin": 0.05118570474281897,
      "incr_op_margin_yoy": 0.10635964912280702,
      "rev_growth_yoy": 0.17966903073286053,
      "rev_growth_yoy_accel": 0.0936453489192789,
      "op_leverage_ratio": 0.9998260491411176,
      "fcf_margin_change": 0.09190884331331567
    },
    {
      "date": "2024-09-29T00:00:00",
      "quarter_label": "2024-09 (Q3)",
      "revenue": 11671000000,
      "gross_profit": null,
      "operating_income": 1181000000,
      "net_income": 930000000,
      "opex": 10490000000,
      "cogs": null,
      "rd": null,
      "sga": null,
      "fcf": 1215000000,
      "ocf": 1416000000,
      "capex": -201000000,
      "gross_margin": null,
      "op_margin": 0.10119098620512382,
      "fcf_margin": 0.10410418987233314,
      "incr_op_margin_yoy": 0.11272727272727273,
      "rev_growth_yoy": 0.1040582726326743,
      "rev_growth_yoy_accel": -0.07561075810018623,
      "fcf_margin_change": 0.052918485129514165
    },
    {
      "date": "2024-12-31T00:00:00",
      "quarter_label": "2024-12 (Q4)",
      "revenue": 13338000000,
      "gross_profit": null,
      "operating_income": 1423000000,
      "net_income": 1148000000,
      "opex": 11915000000,
      "cogs": null,
      "rd": null,
      "sga": null,
      "fcf": 1805000000,
      "ocf": 2160000000,
      "capex": -355000000,
      "gross_margin": null,
      "op_margin": 0.10668765931923826,
      "fcf_margin": 0.13532763532763534,
      "incr_op_margin_yoy": 0.08083832335329341,
      "rev_growth_yoy": 0.14312649982859102,
      "rev_growth_yoy_accel": 0.039068227195916724,
      "op_leverage_ratio": 1.0514488603481114,
      "fcf_margin_change": 0.0312234454553022
    },
    {
      "date": "2025-03-30T00:00:00",
      "quarter_label": "2025-03 (Q1)",
      "revenue": 12223000000,
      "gross_profit": null,
      "operating_income": 1268000000,
      "net_income": 994000000,
      "opex": 10955000000,
      "cogs": null,
      "rd": null,
      "sga": null,
      "fcf": -290000000,
      "ocf": -148000000,
      "capex": -142000000,
      "gross_margin": null,
      "op_margin": 0.10373885298208296,
      "fcf_margin": -0.02372576290599689,
      "incr_op_margin_yoy": 0.1554959785522788,
      "rev_growth_yoy": 0.13903643649240519,
      "rev_growth_yoy_accel": -0.004090063336185834,
      "fcf_margin_change": -0.15905339823363224
    },
    {
      "date": "2025-06-29T00:00:00",
      "quarter_label": "2025-06 (Q2)",
      "revenue": 13041000000,
      "gross_profit": null,
      "operating_income": 1305000000,
      "net_income": 1014000000,
      "opex": 11736000000,
      "cogs": null,
      "rd": null,
      "sga": null,
      "fcf": 1400000000,
      "ocf": 1598000000,
      "capex": -198000000,
      "gross_margin": null,
      "op_margin": 0.10006901311249138,
      "fcf_margin": 0.10735373054213634,
      "incr_op_margin_yoy": 0.13990610328638498,
      "rev_growth_yoy": 0.08892785571142285,
      "rev_growth_yoy_accel": -0.050108580780982334,
      "op_leverage_ratio": 0.9387216623055776,
      "fcf_margin_change": 0.13107949344813324
    },
    {
      "date": "2025-09-28T00:00:00",
      "quarter_label": "2025-09 (Q3)",
      "revenue": 12907000000,
      "gross_profit": null,
      "operating_income": 1331000000,
      "net_income": 1059000000,
      "opex": 11576000000,
      "cogs": null,
      "rd": null,
      "sga": null,
      "fcf": 1897000000,
      "ocf": 2109000000,
      "capex": -212000000,
      "gross_margin": null,
      "op_margin": 0.10312233671651042,
      "fcf_margin": 0.1469745099558379,
      "incr_op_margin_yoy": 0.12135922330097088,
      "rev_growth_yoy": 0.10590352154913889,
      "rev_growth_yoy_accel": 0.016975665837716036,
      "fcf_margin_change": 0.03962077941370157
    },
    {
      "date": "2025-12-31T00:00:00",
      "quarter_label": "2025-12 (Q4)",
      "revenue": 14379000000,
      "gross_profit": null,
      "operating_income": 1452000000,
      "net_income": 1143000000,
      "opex": 12927000000,
      "cogs": null,
      "rd": null,
      "sga": null,
      "fcf": 952000000,
      "ocf": 1561000000,
      "capex": -609000000,
      "gross_margin": null,
      "op_margin": 0.10098059670352598,
      "fcf_margin": 0.06620766395437791,
      "incr_op_margin_yoy": 0.027857829010566763,
      "rev_growth_yoy": 0.0780476833108412,
      "rev_growth_yoy_accel": -0.02785583823829768,
      "op_leverage_ratio": 0.9772049743547717,
      "fcf_margin_change": -0.08076684600146
    }
  ],
  "signals": [
    {
      "quarter": "2025-06 (Q2)",
      "signal": "FCF TURNED POSITIVE",
      "detail": "FCF margin: -2.4% -> +10.7%",
      "severity": "HIGH"
    },
    {
      "quarter": "2025-06 (Q2)",
      "signal": "YoY REVENUE GROWTH DECELERATION",
      "detail": "YoY growth: +8.9% vs prior quarter YoY: +13.9% (decel: -5.0%)",
      "severity": "WARNING"
    },
    {
      "quarter": "2024-09 (Q3)",
      "signal": "FCF MARGIN EXPANSION",
      "detail": "FCF margin: +5.1% -> +10.4% (+5.3%)",
      "severity": "MEDIUM"
    },
    {
      "quarter": "2024-09 (Q3)",
      "signal": "YoY REVENUE GROWTH DECELERATION",
      "detail": "YoY growth: +10.4% vs prior quarter YoY: +18.0% (decel: -7.6%)",
      "severity": "WARNING"
    },
    {
      "quarter": "2024-06 (Q2)",
      "signal": "FCF TURNED POSITIVE",
      "detail": "FCF margin: -4.1% -> +5.1%",
      "severity": "HIGH"
    },
    {
      "quarter": "2024-06 (Q2)",
      "signal": "YoY REVENUE GROWTH ACCELERATION",
      "detail": "YoY growth: +18.0% vs prior quarter YoY: +8.6% (accel: +9.4%)",
      "severity": "MEDIUM"
    },
    {
      "quarter": "2023-10 (Q4)",
      "signal": "FCF MARGIN EXPANSION",
      "detail": "FCF margin: +5.1% -> +10.3% (+5.2%)",
      "severity": "MEDIUM"
    },
    {
      "quarter": "2023-07 (Q3)",
      "signal": "YoY REVENUE GROWTH ACCELERATION",
      "detail": "YoY growth: +10.5% vs prior quarter YoY: +5.2% (accel: +5.3%)",
      "severity": "MEDIUM"
    },
    {
      "quarter": "2023-04 (Q2)",
      "signal": "FCF MARGIN EXPANSION",
      "detail": "FCF margin: +1.6% -> +13.2% (+11.6%)",
      "severity": "MEDIUM"
    },
    {
      "quarter": "2022-10 (Q4)",
      "signal": "FCF MARGIN EXPANSION",
      "detail": "FCF margin: +4.7% -> +10.3% (+5.6%)",
      "severity": "MEDIUM"
    },
    {
      "quarter": "2022-04 (Q2)",
      "signal": "FCF MARGIN EXPANSION",
      "detail": "FCF margin: +12.6% -> +19.5% (+6.9%)",
      "severity": "MEDIUM"
    },
    {
      "quarter": "2021-07 (Q3)",
      "signal": "FCF TURNED POSITIVE",
      "detail": "FCF margin: -1.4% -> +10.2%",
      "severity": "HIGH"
    }
  ],
  "data_quality": {
    "n_quarters": 20,
    "coverage": {
      "revenue": [
        20,
        20
      ],
      "gross_profit": [
        0,
        20
      ],
      "op_income": [
        20,
        20
      ],
      "fcf": [
        20,
        20
      ]
    },
    "gaps": [],
    "warnings": [
      "gross_profit: no data"
    ]
  },
  "market_cap": null,
  "source": "SEC EDGAR",
  "last_updated": "2026-02-03T16:23:17.894140"
}