{
  "ticker": "GDC",
  "name": "GD Culture Group Limited",
  "quarters": [
    {
      "date": "2017-06-30T00:00:00",
      "quarter_label": "2017-06 (Q2)",
      "revenue": 16808331,
      "gross_profit": null,
      "operating_income": null,
      "net_income": null,
      "opex": null,
      "cogs": null,
      "rd": null,
      "sga": null,
      "fcf": null,
      "ocf": null,
      "capex": null,
      "gross_margin": null,
      "op_margin": null,
      "fcf_margin": null
    },
    {
      "date": "2017-09-30T00:00:00",
      "quarter_label": "2017-09 (Q3)",
      "revenue": 13548204,
      "gross_profit": null,
      "operating_income": null,
      "net_income": null,
      "opex": null,
      "cogs": null,
      "rd": null,
      "sga": null,
      "fcf": null,
      "ocf": null,
      "capex": null,
      "gross_margin": null,
      "op_margin": null,
      "fcf_margin": null
    },
    {
      "date": "2017-12-31T00:00:00",
      "quarter_label": "2017-12 (Q4)",
      "revenue": 406153,
      "gross_profit": 257953,
      "operating_income": null,
      "net_income": null,
      "opex": null,
      "cogs": 148200,
      "rd": null,
      "sga": null,
      "fcf": null,
      "ocf": null,
      "capex": -13,
      "gross_margin": 0.6351128761821284,
      "op_margin": null,
      "fcf_margin": null
    },
    {
      "date": "2018-03-31T00:00:00",
      "quarter_label": "2018-03 (Q1)",
      "revenue": 7497883,
      "gross_profit": 757448,
      "operating_income": null,
      "net_income": null,
      "opex": null,
      "cogs": 6740435,
      "rd": 1415,
      "sga": null,
      "fcf": null,
      "ocf": null,
      "capex": null,
      "gross_margin": 0.1010215816917922,
      "op_margin": null,
      "fcf_margin": null
    },
    {
      "date": "2018-06-30T00:00:00",
      "quarter_label": "2018-06 (Q2)",
      "revenue": 9327472,
      "gross_profit": 1743974,
      "operating_income": null,
      "net_income": null,
      "opex": null,
      "cogs": 7583498,
      "rd": null,
      "sga": null,
      "fcf": null,
      "ocf": null,
      "capex": -328,
      "gross_margin": 0.18697177541781954,
      "op_margin": null,
      "fcf_margin": null,
      "rev_growth_yoy": -0.4450685198905233
    },
    {
      "date": "2018-09-30T00:00:00",
      "quarter_label": "2018-09 (Q3)",
      "revenue": 3074271,
      "gross_profit": 1025316,
      "operating_income": null,
      "net_income": null,
      "opex": null,
      "cogs": 2048955,
      "rd": null,
      "sga": null,
      "fcf": null,
      "ocf": null,
      "capex": -3242,
      "gross_margin": 0.33351516505864315,
      "op_margin": null,
      "fcf_margin": null,
      "rev_growth_yoy": -0.7730864548540899,
      "rev_growth_yoy_accel": -0.32801793496356657
    },
    {
      "date": "2018-12-31T00:00:00",
      "quarter_label": "2018-12 (Q4)",
      "revenue": 3291728,
      "gross_profit": 698817,
      "operating_income": null,
      "net_income": null,
      "opex": null,
      "cogs": 2592911,
      "rd": 104763,
      "sga": 648507,
      "fcf": null,
      "ocf": null,
      "capex": 55,
      "gross_margin": 0.21229487977135414,
      "op_margin": null,
      "fcf_margin": null,
      "rev_growth_yoy": 7.104650218021288,
      "rev_growth_yoy_accel": 7.877736672875377
    },
    {
      "date": "2019-03-31T00:00:00",
      "quarter_label": "2019-03 (Q1)",
      "revenue": 7266342,
      "gross_profit": 265430,
      "operating_income": null,
      "net_income": null,
      "opex": null,
      "cogs": 7000912,
      "rd": 77590,
      "sga": 1093802,
      "fcf": null,
      "ocf": null,
      "capex": -16876,
      "gross_margin": 0.03652869628211829,
      "op_margin": null,
      "fcf_margin": null,
      "rev_growth_yoy": -0.030880849967917613,
      "rev_growth_yoy_accel": -7.135531067989205
    },
    {
      "date": "2019-06-30T00:00:00",
      "quarter_label": "2019-06 (Q2)",
      "revenue": 12793669,
      "gross_profit": 2291469,
      "operating_income": null,
      "net_income": null,
      "opex": null,
      "cogs": 10502200,
      "rd": null,
      "sga": 317130,
      "fcf": null,
      "ocf": null,
      "capex": 80,
      "gross_margin": 0.17910960491474337,
      "op_margin": null,
      "fcf_margin": null,
      "rev_growth_yoy": 0.371611622098678,
      "rev_growth_yoy_accel": 0.4024924720665956
    },
    {
      "date": "2019-09-30T00:00:00",
      "quarter_label": "2019-09 (Q3)",
      "revenue": 6736663,
      "gross_profit": 983724,
      "operating_income": null,
      "net_income": null,
      "opex": null,
      "cogs": 5752939,
      "rd": null,
      "sga": 825367,
      "fcf": null,
      "ocf": null,
      "capex": 200,
      "gross_margin": 0.146025413472516,
      "op_margin": null,
      "fcf_margin": null,
      "rev_growth_yoy": 1.1913042148854152,
      "rev_growth_yoy_accel": 0.8196925927867371
    },
    {
      "date": "2019-12-31T00:00:00",
      "quarter_label": "2019-12 (Q4)",
      "revenue": -7212197,
      "gross_profit": -2978389,
      "operating_income": null,
      "net_income": null,
      "opex": null,
      "cogs": -4233808,
      "rd": -351794,
      "sga": -1065683,
      "fcf": null,
      "ocf": null,
      "capex": null,
      "gross_margin": 0.4129655637526263,
      "op_margin": null,
      "fcf_margin": null,
      "rev_growth_yoy": -3.1910063650459577,
      "rev_growth_yoy_accel": -4.382310579931373
    },
    {
      "date": "2020-03-31T00:00:00",
      "quarter_label": "2020-03 (Q1)",
      "revenue": 5165400,
      "gross_profit": 182428,
      "operating_income": null,
      "net_income": null,
      "opex": null,
      "cogs": 4982972,
      "rd": 0,
      "sga": 592370,
      "fcf": null,
      "ocf": null,
      "capex": -57655,
      "gross_margin": 0.03531730359701088,
      "op_margin": null,
      "fcf_margin": null,
      "rev_growth_yoy": -0.2891333768765632,
      "rev_growth_yoy_accel": 2.9018729881693943
    },
    {
      "date": "2020-06-30T00:00:00",
      "quarter_label": "2020-06 (Q2)",
      "revenue": 1326263,
      "gross_profit": 137058,
      "operating_income": null,
      "net_income": null,
      "opex": null,
      "cogs": 1189205,
      "rd": null,
      "sga": null,
      "fcf": null,
      "ocf": null,
      "capex": -6159,
      "gross_margin": 0.10334149410788056,
      "op_margin": null,
      "fcf_margin": null,
      "rev_growth_yoy": -0.8963344291617987,
      "rev_growth_yoy_accel": -0.6072010522852356
    },
    {
      "date": "2020-09-30T00:00:00",
      "quarter_label": "2020-09 (Q3)",
      "revenue": 2465765,
      "gross_profit": 79181,
      "operating_income": null,
      "net_income": null,
      "opex": null,
      "cogs": 2386584,
      "rd": null,
      "sga": null,
      "fcf": null,
      "ocf": null,
      "capex": -4374,
      "gross_margin": 0.032112143695769875,
      "op_margin": null,
      "fcf_margin": null,
      "rev_growth_yoy": -0.6339782767818429,
      "rev_growth_yoy_accel": 0.2623561523799558
    },
    {
      "date": "2020-12-31T00:00:00",
      "quarter_label": "2020-12 (Q4)",
      "revenue": 2895455,
      "gross_profit": 705862,
      "operating_income": -154808,
      "net_income": -3956637,
      "opex": 860670,
      "cogs": 2189593,
      "rd": 0,
      "sga": null,
      "fcf": -557810,
      "ocf": -553154,
      "capex": -4656,
      "gross_margin": 0.24378275607806027,
      "op_margin": -0.05346586287820049,
      "fcf_margin": -0.1926502052354466
    },
    {
      "date": "2021-03-31T00:00:00",
      "quarter_label": "2021-03 (Q1)",
      "revenue": 3380559,
      "gross_profit": 3375766,
      "operating_income": -14385116,
      "net_income": -26344794,
      "opex": 17760882,
      "cogs": 4793,
      "rd": null,
      "sga": null,
      "fcf": 167612,
      "ocf": 394702,
      "capex": -227090,
      "gross_margin": 0.9985821871471553,
      "op_margin": -4.255247726781281,
      "fcf_margin": 0.04958114915314302,
      "rev_growth_yoy": -0.3455378092693693,
      "op_leverage_ratio": 0.008532229894521908,
      "fcf_margin_change": 0.24223135438858961
    },
    {
      "date": "2021-06-30T00:00:00",
      "quarter_label": "2021-06 (Q2)",
      "revenue": 3495731,
      "gross_profit": 3341838,
      "operating_income": -5793547,
      "net_income": -3208989,
      "opex": 9135385,
      "cogs": 153893,
      "rd": null,
      "sga": 9135385,
      "fcf": -3751626,
      "ocf": -3728493,
      "capex": -23133,
      "gross_margin": 0.955976875795077,
      "op_margin": -1.6573206004695442,
      "fcf_margin": -1.0732021428422267,
      "rev_growth_yoy": 1.635775106445705,
      "rev_growth_yoy_accel": 1.9813129157150742,
      "op_leverage_ratio": Infinity,
      "fcf_margin_change": -1.1227832919953697
    },
    {
      "date": "2021-12-31T00:00:00",
      "quarter_label": "2021-12 (Q4)",
      "revenue": 15487957,
      "gross_profit": -1092650,
      "operating_income": 8759621,
      "net_income": 5221939,
      "opex": -9852271,
      "cogs": 16580607,
      "rd": null,
      "sga": -2450653,
      "fcf": 9066843,
      "ocf": 9087800,
      "capex": -20957,
      "gross_margin": -0.07054836218876383,
      "op_margin": 0.5655762732295809,
      "fcf_margin": 0.5854124594999844,
      "incr_op_margin_yoy": 0.7079156310636282,
      "rev_growth_yoy": 4.34905809276953,
      "rev_growth_yoy_accel": 2.7132829863238253,
      "op_leverage_ratio": Infinity,
      "fcf_margin_change": 1.6586146023422113
    },
    {
      "date": "2023-03-31T00:00:00",
      "quarter_label": "2023-03 (Q1)",
      "revenue": 75374,
      "gross_profit": 19226,
      "operating_income": -21998,
      "net_income": -21309,
      "opex": 41224,
      "cogs": 56148,
      "rd": null,
      "sga": 41224,
      "fcf": -380634,
      "ocf": -380634,
      "capex": null,
      "gross_margin": 0.2550746941916311,
      "op_margin": -0.29185130150980443,
      "fcf_margin": -5.049937644280521,
      "fcf_margin_change": -5.635350103780506
    },
    {
      "date": "2023-06-30T00:00:00",
      "quarter_label": "2023-06 (Q2)",
      "revenue": 206799,
      "gross_profit": 165385,
      "operating_income": -155498,
      "net_income": -155498,
      "opex": 320883,
      "cogs": 41414,
      "rd": null,
      "sga": 320883,
      "fcf": -1317442,
      "ocf": -1317442,
      "capex": null,
      "gross_margin": 0.7997379097577841,
      "op_margin": -0.7519282008133502,
      "fcf_margin": -6.370640090135832,
      "op_leverage_ratio": 0.2570264106825139,
      "fcf_margin_change": -1.3207024458553107
    }
  ],
  "signals": [
    {
      "quarter": "2023-03 (Q1)",
      "signal": "GROSS MARGIN INFLECTION",
      "detail": "GM: +95.6% -> -7.1% -> +25.5% (reversal +32.6%)",
      "severity": "HIGH"
    },
    {
      "quarter": "2021-12 (Q4)",
      "signal": "FCF TURNED POSITIVE",
      "detail": "FCF margin: -107.3% -> +58.5%",
      "severity": "HIGH"
    },
    {
      "quarter": "2021-12 (Q4)",
      "signal": "YoY REVENUE GROWTH ACCELERATION",
      "detail": "YoY growth: +434.9% vs prior quarter YoY: +163.6% (accel: +271.3%)",
      "severity": "HIGH"
    },
    {
      "quarter": "2021-12 (Q4)",
      "signal": "OP MARGIN TURNED POSITIVE (YoY)",
      "detail": "Op margin: -5.3% (year-ago) -> +56.6%",
      "severity": "HIGH"
    },
    {
      "quarter": "2021-12 (Q4)",
      "signal": "OP MARGIN TURNED POSITIVE (QoQ)",
      "detail": "Op margin: -165.7% -> +56.6%",
      "severity": "HIGH"
    },
    {
      "quarter": "2021-06 (Q2)",
      "signal": "YoY REVENUE GROWTH ACCELERATION",
      "detail": "YoY growth: +163.6% vs prior quarter YoY: -34.6% (accel: +198.1%)",
      "severity": "HIGH"
    },
    {
      "quarter": "2021-03 (Q1)",
      "signal": "FCF TURNED POSITIVE",
      "detail": "FCF margin: -19.3% -> +5.0%",
      "severity": "HIGH"
    },
    {
      "quarter": "2020-12 (Q4)",
      "signal": "GROSS MARGIN INFLECTION",
      "detail": "GM: +10.3% -> +3.2% -> +24.4% (reversal +21.2%)",
      "severity": "HIGH"
    },
    {
      "quarter": "2020-09 (Q3)",
      "signal": "YoY REVENUE GROWTH ACCELERATION",
      "detail": "YoY growth: -63.4% vs prior quarter YoY: -89.6% (accel: +26.2%)",
      "severity": "HIGH"
    },
    {
      "quarter": "2020-06 (Q2)",
      "signal": "GROSS MARGIN INFLECTION",
      "detail": "GM: +41.3% -> +3.5% -> +10.3% (reversal +6.8%)",
      "severity": "HIGH"
    },
    {
      "quarter": "2020-06 (Q2)",
      "signal": "YoY REVENUE GROWTH DECELERATION",
      "detail": "YoY growth: -89.6% vs prior quarter YoY: -28.9% (decel: -60.7%)",
      "severity": "WARNING"
    },
    {
      "quarter": "2020-03 (Q1)",
      "signal": "YoY REVENUE GROWTH ACCELERATION",
      "detail": "YoY growth: -28.9% vs prior quarter YoY: -319.1% (accel: +290.2%)",
      "severity": "HIGH"
    },
    {
      "quarter": "2019-12 (Q4)",
      "signal": "GROSS MARGIN INFLECTION",
      "detail": "GM: +17.9% -> +14.6% -> +41.3% (reversal +26.7%)",
      "severity": "HIGH"
    },
    {
      "quarter": "2019-12 (Q4)",
      "signal": "YoY REVENUE GROWTH DECELERATION",
      "detail": "YoY growth: -319.1% vs prior quarter YoY: +119.1% (decel: -438.2%)",
      "severity": "WARNING"
    },
    {
      "quarter": "2019-09 (Q3)",
      "signal": "YoY REVENUE GROWTH ACCELERATION",
      "detail": "YoY growth: +119.1% vs prior quarter YoY: +37.2% (accel: +82.0%)",
      "severity": "HIGH"
    },
    {
      "quarter": "2019-06 (Q2)",
      "signal": "GROSS MARGIN INFLECTION",
      "detail": "GM: +21.2% -> +3.7% -> +17.9% (reversal +14.3%)",
      "severity": "HIGH"
    },
    {
      "quarter": "2019-06 (Q2)",
      "signal": "YoY REVENUE GROWTH ACCELERATION",
      "detail": "YoY growth: +37.2% vs prior quarter YoY: -3.1% (accel: +40.2%)",
      "severity": "HIGH"
    },
    {
      "quarter": "2019-03 (Q1)",
      "signal": "YoY REVENUE GROWTH DECELERATION",
      "detail": "YoY growth: -3.1% vs prior quarter YoY: +710.5% (decel: -713.6%)",
      "severity": "WARNING"
    },
    {
      "quarter": "2018-12 (Q4)",
      "signal": "YoY REVENUE GROWTH ACCELERATION",
      "detail": "YoY growth: +710.5% vs prior quarter YoY: -77.3% (accel: +787.8%)",
      "severity": "HIGH"
    },
    {
      "quarter": "2018-09 (Q3)",
      "signal": "YoY REVENUE GROWTH DECELERATION",
      "detail": "YoY growth: -77.3% vs prior quarter YoY: -44.5% (decel: -32.8%)",
      "severity": "WARNING"
    },
    {
      "quarter": "2018-06 (Q2)",
      "signal": "GROSS MARGIN INFLECTION",
      "detail": "GM: +63.5% -> +10.1% -> +18.7% (reversal +8.6%)",
      "severity": "HIGH"
    }
  ],
  "data_quality": {
    "n_quarters": 20,
    "coverage": {
      "revenue": [
        20,
        20
      ],
      "gross_profit": [
        18,
        20
      ],
      "op_income": [
        6,
        20
      ],
      "fcf": [
        6,
        20
      ]
    },
    "gaps": [
      [
        "2021-06 (Q2)",
        "2021-12 (Q4)",
        184
      ],
      [
        "2021-12 (Q4)",
        "2023-03 (Q1)",
        455
      ]
    ],
    "warnings": [
      "op_income: 6/20Q",
      "fcf: 6/20Q",
      "gap: 1Q missing between 2021-06 (Q2) and 2021-12 (Q4)",
      "gap: 4Q missing between 2021-12 (Q4) and 2023-03 (Q1)"
    ]
  },
  "market_cap": null,
  "source": "SEC EDGAR",
  "last_updated": "2026-02-02T22:53:02.715275",
  "sector": "Communication Services",
  "industry": "Electronic Gaming & Multimedia"
}