{
  "ticker": "GDDY",
  "name": "GoDaddy Inc.",
  "quarters": [
    {
      "date": "2020-12-31T00:00:00",
      "quarter_label": "2020-12 (Q4)",
      "revenue": 873900000,
      "gross_profit": 572000000,
      "operating_income": 92500000,
      "net_income": 70500000,
      "opex": 781400000,
      "cogs": 301900000,
      "rd": null,
      "sga": null,
      "fcf": 138500000,
      "ocf": 165900000,
      "capex": -27400000,
      "gross_margin": 0.6545371323950109,
      "op_margin": 0.1058473509554869,
      "fcf_margin": 0.15848495251172903
    },
    {
      "date": "2021-03-31T00:00:00",
      "quarter_label": "2021-03 (Q1)",
      "revenue": 901100000,
      "gross_profit": 579900000,
      "operating_income": 38000000,
      "net_income": 10800000,
      "opex": 863100000,
      "cogs": 321200000,
      "rd": null,
      "sga": null,
      "fcf": 212300000,
      "ocf": 221300000,
      "capex": -9000000,
      "gross_margin": 0.6435467761624681,
      "op_margin": 0.042170680279658194,
      "fcf_margin": 0.23560093219398512,
      "op_leverage_ratio": 0.2976860716525184,
      "fcf_margin_change": 0.07711597968225609
    },
    {
      "date": "2021-06-30T00:00:00",
      "quarter_label": "2021-06 (Q2)",
      "revenue": 931300000,
      "gross_profit": 599300000,
      "operating_income": 88000000,
      "net_income": 46800000,
      "opex": 843300000,
      "cogs": 332000000,
      "rd": null,
      "sga": null,
      "fcf": 197300000,
      "ocf": 209400000,
      "capex": -12100000,
      "gross_margin": 0.6435090733383443,
      "op_margin": 0.09449157092236658,
      "fcf_margin": 0.21185439707935144,
      "op_leverage_ratio": Infinity,
      "fcf_margin_change": -0.023746535114633677
    },
    {
      "date": "2021-09-30T00:00:00",
      "quarter_label": "2021-09 (Q3)",
      "revenue": 964000000,
      "gross_profit": 618200000,
      "operating_income": 131300000,
      "net_income": 97500000,
      "opex": 832700000,
      "cogs": 345800000,
      "rd": null,
      "sga": null,
      "fcf": 213800000,
      "ocf": 226400000,
      "capex": -12600000,
      "gross_margin": 0.641286307053942,
      "op_margin": 0.13620331950207468,
      "fcf_margin": 0.22178423236514522,
      "op_leverage_ratio": Infinity,
      "fcf_margin_change": 0.009929835285793776
    },
    {
      "date": "2021-12-31T00:00:00",
      "quarter_label": "2021-12 (Q4)",
      "revenue": 1019300000,
      "gross_profit": 646100000,
      "operating_income": 124800000,
      "net_income": 87200000,
      "opex": 894500000,
      "cogs": 373200000,
      "rd": null,
      "sga": null,
      "fcf": 154800000,
      "ocf": 172200000,
      "capex": -17400000,
      "gross_margin": 0.6338663788874718,
      "op_margin": 0.1224369665456686,
      "fcf_margin": 0.15186892965760818,
      "incr_op_margin_yoy": 0.2221458046767538,
      "rev_growth_yoy": 0.16638059274516534,
      "op_leverage_ratio": 0.7729442788274316,
      "fcf_margin_change": -0.06991530270753704
    },
    {
      "date": "2022-03-31T00:00:00",
      "quarter_label": "2022-03 (Q1)",
      "revenue": 1002700000,
      "gross_profit": 632500000,
      "operating_income": 109600000,
      "net_income": 68400000,
      "opex": 893100000,
      "cogs": 370200000,
      "rd": null,
      "sga": null,
      "fcf": 238600000,
      "ocf": 250900000,
      "capex": -12300000,
      "gross_margin": 0.6307968485090256,
      "op_margin": 0.1093048768325521,
      "fcf_margin": 0.23795751471028223,
      "incr_op_margin_yoy": 0.7047244094488189,
      "rev_growth_yoy": 0.1127510820108756,
      "rev_growth_yoy_accel": -0.053629510734289745,
      "fcf_margin_change": 0.08608858505267405
    },
    {
      "date": "2022-06-30T00:00:00",
      "quarter_label": "2022-06 (Q2)",
      "revenue": 1015500000,
      "gross_profit": 655000000,
      "operating_income": 124600000,
      "net_income": 90400000,
      "opex": 890900000,
      "cogs": 360500000,
      "rd": null,
      "sga": null,
      "fcf": 233000000,
      "ocf": 250900000,
      "capex": -17900000,
      "gross_margin": 0.6450024618414574,
      "op_margin": 0.12269817823732151,
      "fcf_margin": 0.2294436238306253,
      "incr_op_margin_yoy": 0.4346793349168646,
      "rev_growth_yoy": 0.09041125308708257,
      "rev_growth_yoy_accel": -0.02233982892379302,
      "op_leverage_ratio": Infinity,
      "fcf_margin_change": -0.008513890879656927
    },
    {
      "date": "2022-09-30T00:00:00",
      "quarter_label": "2022-09 (Q3)",
      "revenue": 1033200000,
      "gross_profit": 658900000,
      "operating_income": 129700000,
      "net_income": 99800000,
      "opex": 903500000,
      "cogs": 374300000,
      "rd": null,
      "sga": null,
      "fcf": 257500000,
      "ocf": 269900000,
      "capex": -12400000,
      "gross_margin": 0.6377274487030584,
      "op_margin": 0.12553232675183895,
      "fcf_margin": 0.2492257065427797,
      "incr_op_margin_yoy": -0.023121387283236993,
      "rev_growth_yoy": 0.07178423236514522,
      "rev_growth_yoy_accel": -0.01862702072193735,
      "op_leverage_ratio": 1.2324001781904292,
      "fcf_margin_change": 0.019782082712154397
    },
    {
      "date": "2022-12-31T00:00:00",
      "quarter_label": "2022-12 (Q4)",
      "revenue": 1039900000,
      "gross_profit": 660400000,
      "operating_income": 134900000,
      "net_income": 93600000,
      "opex": 905000000,
      "cogs": 379500000,
      "rd": null,
      "sga": null,
      "fcf": 190900000,
      "ocf": 208000000,
      "capex": -17100000,
      "gross_margin": 0.6350610635638042,
      "op_margin": 0.12972401192422348,
      "fcf_margin": 0.18357534378305607,
      "incr_op_margin_yoy": 0.49029126213592233,
      "rev_growth_yoy": 0.020209948003531836,
      "rev_growth_yoy_accel": -0.05157428436161339,
      "fcf_margin_change": -0.06565036275972363
    },
    {
      "date": "2023-03-31T00:00:00",
      "quarter_label": "2023-03 (Q1)",
      "revenue": 1036000000,
      "gross_profit": 649900000,
      "operating_income": 70800000,
      "net_income": 47300000,
      "opex": 965200000,
      "cogs": 386100000,
      "rd": null,
      "sga": null,
      "fcf": 247500000,
      "ocf": 270300000,
      "capex": -22800000,
      "gross_margin": 0.6273166023166024,
      "op_margin": 0.06833976833976833,
      "fcf_margin": 0.2388996138996139,
      "incr_op_margin_yoy": -1.165165165165165,
      "rev_growth_yoy": 0.033210332103321034,
      "rev_growth_yoy_accel": 0.013000384099789198,
      "fcf_margin_change": 0.05532427011655783
    },
    {
      "date": "2023-06-30T00:00:00",
      "quarter_label": "2023-06 (Q2)",
      "revenue": 1048100000,
      "gross_profit": 659700000,
      "operating_income": 119600000,
      "net_income": 82900000,
      "opex": 928500000,
      "cogs": 388400000,
      "rd": null,
      "sga": null,
      "fcf": 192200000,
      "ocf": 198000000,
      "capex": -5800000,
      "gross_margin": 0.6294246732182044,
      "op_margin": 0.11411124892662913,
      "fcf_margin": 0.18337944852590402,
      "incr_op_margin_yoy": -0.15337423312883436,
      "rev_growth_yoy": 0.03210241260462826,
      "rev_growth_yoy_accel": -0.0011079194986927735,
      "op_leverage_ratio": Infinity,
      "fcf_margin_change": -0.05552016537370988
    },
    {
      "date": "2023-09-30T00:00:00",
      "quarter_label": "2023-09 (Q3)",
      "revenue": 1069700000,
      "gross_profit": 672800000,
      "operating_income": 167100000,
      "net_income": 130700000,
      "opex": 902600000,
      "cogs": 396900000,
      "rd": null,
      "sga": null,
      "fcf": 272200000,
      "ocf": 281600000,
      "capex": -9400000,
      "gross_margin": 0.628961391044218,
      "op_margin": 0.15621202206226045,
      "fcf_margin": 0.25446386837431056,
      "incr_op_margin_yoy": 1.0246575342465754,
      "rev_growth_yoy": 0.03532713898567557,
      "rev_growth_yoy_accel": 0.003224726381047309,
      "op_leverage_ratio": Infinity,
      "fcf_margin_change": 0.07108441984840655
    },
    {
      "date": "2023-12-31T00:00:00",
      "quarter_label": "2023-12 (Q4)",
      "revenue": 1100300000,
      "gross_profit": 698100000,
      "operating_income": 189900000,
      "net_income": 1113900000,
      "opex": 910400000,
      "cogs": 402200000,
      "rd": null,
      "sga": null,
      "fcf": 293700000,
      "ocf": 297700000,
      "capex": -4000000,
      "gross_margin": 0.6344633281832227,
      "op_margin": 0.17258929382895574,
      "fcf_margin": 0.2669272016722712,
      "incr_op_margin_yoy": 0.9105960264900662,
      "rev_growth_yoy": 0.05808250793345514,
      "rev_growth_yoy_accel": 0.022755368947779568,
      "op_leverage_ratio": 3.310245144217286,
      "fcf_margin_change": 0.012463333297960622
    },
    {
      "date": "2024-03-31T00:00:00",
      "quarter_label": "2024-03 (Q1)",
      "revenue": 1108500000,
      "gross_profit": 694000000,
      "operating_income": 175900000,
      "net_income": 401500000,
      "opex": 932600000,
      "cogs": 414500000,
      "rd": null,
      "sga": null,
      "fcf": 292800000,
      "ocf": 297200000,
      "capex": -4400000,
      "gross_margin": 0.6260712674785747,
      "op_margin": 0.1586829048263419,
      "fcf_margin": 0.2641407307171854,
      "incr_op_margin_yoy": 1.4496551724137932,
      "rev_growth_yoy": 0.06998069498069498,
      "rev_growth_yoy_accel": 0.011898187047239842,
      "fcf_margin_change": -0.0027864709550857736
    },
    {
      "date": "2024-06-30T00:00:00",
      "quarter_label": "2024-06 (Q2)",
      "revenue": 1124500000,
      "gross_profit": 716200000,
      "operating_income": 208200000,
      "net_income": 146300000,
      "opex": 916300000,
      "cogs": 408300000,
      "rd": null,
      "sga": null,
      "fcf": 292000000,
      "ocf": 294800000,
      "capex": -2800000,
      "gross_margin": 0.6369052912405514,
      "op_margin": 0.18514895509115162,
      "fcf_margin": 0.259670964873277,
      "incr_op_margin_yoy": 1.1596858638743455,
      "rev_growth_yoy": 0.0728938078427631,
      "rev_growth_yoy_accel": 0.0029131128620681207,
      "op_leverage_ratio": Infinity,
      "fcf_margin_change": -0.004469765843908402
    },
    {
      "date": "2024-09-30T00:00:00",
      "quarter_label": "2024-09 (Q3)",
      "revenue": 1147600000,
      "gross_profit": 740200000,
      "operating_income": 253800000,
      "net_income": 190500000,
      "opex": 893800000,
      "cogs": 407400000,
      "rd": null,
      "sga": null,
      "fcf": 350200000,
      "ocf": 355200000,
      "capex": -5000000,
      "gross_margin": 0.6449982572324852,
      "op_margin": 0.22115719762983618,
      "fcf_margin": 0.305158591843848,
      "incr_op_margin_yoy": 1.1129653401797175,
      "rev_growth_yoy": 0.07282415630550622,
      "rev_growth_yoy_accel": -6.965153725688178e-05,
      "op_leverage_ratio": Infinity,
      "fcf_margin_change": 0.045487626970571016
    },
    {
      "date": "2024-12-31T00:00:00",
      "quarter_label": "2024-12 (Q4)",
      "revenue": 1192600000,
      "gross_profit": 770800000,
      "operating_income": 255600000,
      "net_income": 198600000,
      "opex": 937000000,
      "cogs": 421800000,
      "rd": null,
      "sga": null,
      "fcf": 326100000,
      "ocf": 340500000,
      "capex": -14400000,
      "gross_margin": 0.6463189669629381,
      "op_margin": 0.21432165017608587,
      "fcf_margin": 0.2734361898373302,
      "incr_op_margin_yoy": 0.7118093174431203,
      "rev_growth_yoy": 0.08388621285104063,
      "rev_growth_yoy_accel": 0.01106205654553441,
      "op_leverage_ratio": 0.811294585802254,
      "fcf_margin_change": -0.031722402006517825
    },
    {
      "date": "2025-03-31T00:00:00",
      "quarter_label": "2025-03 (Q1)",
      "revenue": 1194300000,
      "gross_profit": 753800000,
      "operating_income": 247300000,
      "net_income": 219500000,
      "opex": 947000000,
      "cogs": 440500000,
      "rd": null,
      "sga": null,
      "fcf": 401100000,
      "ocf": 404700000,
      "capex": -3600000,
      "gross_margin": 0.6311646989868542,
      "op_margin": 0.20706690111362305,
      "fcf_margin": 0.33584526500879175,
      "incr_op_margin_yoy": 0.8321678321678322,
      "rev_growth_yoy": 0.0774018944519621,
      "rev_growth_yoy_accel": -0.006484318399078523,
      "fcf_margin_change": 0.06240907517146155
    },
    {
      "date": "2025-06-30T00:00:00",
      "quarter_label": "2025-06 (Q2)",
      "revenue": 1217600000,
      "gross_profit": 775300000,
      "operating_income": 266300000,
      "net_income": 199900000,
      "opex": 951300000,
      "cogs": 442300000,
      "rd": null,
      "sga": null,
      "fcf": 375800000,
      "ocf": 379900000,
      "capex": -4100000,
      "gross_margin": 0.6367444152431012,
      "op_margin": 0.2187089356110381,
      "fcf_margin": 0.3086399474375821,
      "incr_op_margin_yoy": 0.6240601503759399,
      "rev_growth_yoy": 0.08279235215651401,
      "rev_growth_yoy_accel": 0.005390457704551904,
      "op_leverage_ratio": 4.296590977686647,
      "fcf_margin_change": -0.027205317571209642
    },
    {
      "date": "2025-09-30T00:00:00",
      "quarter_label": "2025-09 (Q3)",
      "revenue": 1265300000,
      "gross_profit": 797000000,
      "operating_income": 296700000,
      "net_income": 210500000,
      "opex": 968600000,
      "cogs": 468300000,
      "rd": null,
      "sga": null,
      "fcf": 434900000,
      "ocf": 444200000,
      "capex": -9300000,
      "gross_margin": 0.629890144629732,
      "op_margin": 0.23448984430569825,
      "fcf_margin": 0.34371295344977476,
      "incr_op_margin_yoy": 0.3644859813084112,
      "rev_growth_yoy": 0.10256186824677588,
      "rev_growth_yoy_accel": 0.01976951609026187,
      "op_leverage_ratio": 2.1541955937198543,
      "fcf_margin_change": 0.03507300601219265
    }
  ],
  "signals": [
    {
      "quarter": "2025-09 (Q3)",
      "signal": "OPERATING LEVERAGE",
      "detail": "Rev growth +3.9% vs OpEx growth +1.8% (leverage: 2.2x)",
      "severity": "MEDIUM"
    },
    {
      "quarter": "2025-09 (Q3)",
      "signal": "INCREMENTAL MARGIN (YoY)",
      "detail": "YoY Incr OPM: +36.4% vs year-ago OPM: +22.1%",
      "severity": "MEDIUM"
    },
    {
      "quarter": "2025-06 (Q2)",
      "signal": "OPERATING LEVERAGE",
      "detail": "Rev growth +2.0% vs OpEx growth +0.5% (leverage: 4.3x)",
      "severity": "MEDIUM"
    },
    {
      "quarter": "2025-06 (Q2)",
      "signal": "INCREMENTAL MARGIN (YoY)",
      "detail": "YoY Incr OPM: +62.4% vs year-ago OPM: +18.5%",
      "severity": "HIGH"
    },
    {
      "quarter": "2025-03 (Q1)",
      "signal": "FCF MARGIN EXPANSION",
      "detail": "FCF margin: +27.3% -> +33.6% (+6.2%)",
      "severity": "MEDIUM"
    },
    {
      "quarter": "2025-03 (Q1)",
      "signal": "INCREMENTAL MARGIN (YoY)",
      "detail": "YoY Incr OPM: +83.2% vs year-ago OPM: +15.9%",
      "severity": "HIGH"
    },
    {
      "quarter": "2024-12 (Q4)",
      "signal": "INCREMENTAL MARGIN (YoY)",
      "detail": "YoY Incr OPM: +71.2% vs year-ago OPM: +17.3%",
      "severity": "HIGH"
    },
    {
      "quarter": "2024-09 (Q3)",
      "signal": "INCREMENTAL MARGIN (YoY)",
      "detail": "YoY Incr OPM: +111.3% vs year-ago OPM: +15.6%",
      "severity": "HIGH"
    },
    {
      "quarter": "2024-06 (Q2)",
      "signal": "INCREMENTAL MARGIN (YoY)",
      "detail": "YoY Incr OPM: +116.0% vs year-ago OPM: +11.4%",
      "severity": "HIGH"
    },
    {
      "quarter": "2024-03 (Q1)",
      "signal": "INCREMENTAL MARGIN (YoY)",
      "detail": "YoY Incr OPM: +145.0% vs year-ago OPM: +6.8%",
      "severity": "HIGH"
    },
    {
      "quarter": "2023-12 (Q4)",
      "signal": "OPERATING LEVERAGE",
      "detail": "Rev growth +2.9% vs OpEx growth +0.9% (leverage: 3.3x)",
      "severity": "MEDIUM"
    },
    {
      "quarter": "2023-12 (Q4)",
      "signal": "INCREMENTAL MARGIN (YoY)",
      "detail": "YoY Incr OPM: +91.1% vs year-ago OPM: +13.0%",
      "severity": "HIGH"
    },
    {
      "quarter": "2023-09 (Q3)",
      "signal": "FCF MARGIN EXPANSION",
      "detail": "FCF margin: +18.3% -> +25.4% (+7.1%)",
      "severity": "MEDIUM"
    },
    {
      "quarter": "2023-09 (Q3)",
      "signal": "INCREMENTAL MARGIN (YoY)",
      "detail": "YoY Incr OPM: +102.5% vs year-ago OPM: +12.6%",
      "severity": "HIGH"
    },
    {
      "quarter": "2023-03 (Q1)",
      "signal": "FCF MARGIN EXPANSION",
      "detail": "FCF margin: +18.4% -> +23.9% (+5.5%)",
      "severity": "MEDIUM"
    },
    {
      "quarter": "2022-12 (Q4)",
      "signal": "YoY REVENUE GROWTH DECELERATION",
      "detail": "YoY growth: +2.0% vs prior quarter YoY: +7.2% (decel: -5.2%)",
      "severity": "WARNING"
    },
    {
      "quarter": "2022-12 (Q4)",
      "signal": "INCREMENTAL MARGIN (YoY)",
      "detail": "YoY Incr OPM: +49.0% vs year-ago OPM: +12.2%",
      "severity": "HIGH"
    },
    {
      "quarter": "2022-06 (Q2)",
      "signal": "INCREMENTAL MARGIN (YoY)",
      "detail": "YoY Incr OPM: +43.5% vs year-ago OPM: +9.4%",
      "severity": "HIGH"
    },
    {
      "quarter": "2022-03 (Q1)",
      "signal": "FCF MARGIN EXPANSION",
      "detail": "FCF margin: +15.2% -> +23.8% (+8.6%)",
      "severity": "MEDIUM"
    },
    {
      "quarter": "2022-03 (Q1)",
      "signal": "YoY REVENUE GROWTH DECELERATION",
      "detail": "YoY growth: +11.3% vs prior quarter YoY: +16.6% (decel: -5.4%)",
      "severity": "WARNING"
    },
    {
      "quarter": "2022-03 (Q1)",
      "signal": "INCREMENTAL MARGIN (YoY)",
      "detail": "YoY Incr OPM: +70.5% vs year-ago OPM: +4.2%",
      "severity": "HIGH"
    },
    {
      "quarter": "2021-12 (Q4)",
      "signal": "INCREMENTAL MARGIN (YoY)",
      "detail": "YoY Incr OPM: +22.2% vs year-ago OPM: +10.6%",
      "severity": "MEDIUM"
    },
    {
      "quarter": "2021-03 (Q1)",
      "signal": "FCF MARGIN EXPANSION",
      "detail": "FCF margin: +15.8% -> +23.6% (+7.7%)",
      "severity": "MEDIUM"
    }
  ],
  "data_quality": {
    "n_quarters": 20,
    "coverage": {
      "revenue": [
        20,
        20
      ],
      "gross_profit": [
        20,
        20
      ],
      "op_income": [
        20,
        20
      ],
      "fcf": [
        20,
        20
      ]
    },
    "gaps": [],
    "warnings": []
  },
  "market_cap": null,
  "source": "SEC EDGAR",
  "last_updated": "2026-02-02T20:27:32.838353",
  "sector": "Technology",
  "industry": "Software - Infrastructure"
}