{
  "ticker": "GDEN",
  "name": "GOLDEN ENTERTAINMENT, INC.",
  "quarters": [
    {
      "date": "2020-12-31T00:00:00",
      "quarter_label": "2020-12 (Q4)",
      "revenue": 205628000,
      "gross_profit": null,
      "operating_income": -1114000,
      "net_income": -18469000,
      "opex": 206742000,
      "cogs": null,
      "rd": null,
      "sga": 47122000,
      "fcf": 7027000,
      "ocf": 12119000,
      "capex": -5092000,
      "gross_margin": null,
      "op_margin": -0.005417550139086117,
      "fcf_margin": 0.03417336160445075
    },
    {
      "date": "2021-03-31T00:00:00",
      "quarter_label": "2021-03 (Q1)",
      "revenue": 239696000,
      "gross_profit": null,
      "operating_income": 26371000,
      "net_income": 10620000,
      "opex": 213325000,
      "cogs": null,
      "rd": null,
      "sga": 53591000,
      "fcf": 47321000,
      "ocf": 52194000,
      "capex": -4873000,
      "gross_margin": null,
      "op_margin": 0.1100185234630532,
      "fcf_margin": 0.19742089980642147,
      "op_leverage_ratio": 5.203184733121432,
      "fcf_margin_change": 0.16324753820197072
    },
    {
      "date": "2021-06-30T00:00:00",
      "quarter_label": "2021-06 (Q2)",
      "revenue": 292467000,
      "gross_profit": null,
      "operating_income": 59961000,
      "net_income": 103006000,
      "opex": 232506000,
      "cogs": null,
      "rd": null,
      "sga": 53285000,
      "fcf": 60612000,
      "ocf": 67177000,
      "capex": -6565000,
      "gross_margin": null,
      "op_margin": 0.20501800203099838,
      "fcf_margin": 0.20724389418293346,
      "op_leverage_ratio": 2.448527839963048,
      "fcf_margin_change": 0.00982299437651199
    },
    {
      "date": "2021-09-30T00:00:00",
      "quarter_label": "2021-09 (Q3)",
      "revenue": 282422000,
      "gross_profit": null,
      "operating_income": 45222000,
      "net_income": 29051000,
      "opex": 237200000,
      "cogs": null,
      "rd": null,
      "sga": 54457000,
      "fcf": 120537000,
      "ocf": 129927000,
      "capex": -9390000,
      "gross_margin": null,
      "op_margin": 0.16012208680626863,
      "fcf_margin": 0.4267974874478617,
      "fcf_margin_change": 0.21955359326492827
    },
    {
      "date": "2021-12-31T00:00:00",
      "quarter_label": "2021-12 (Q4)",
      "revenue": 281958000,
      "gross_profit": null,
      "operating_income": 34486000,
      "net_income": 19099000,
      "opex": 247472000,
      "cogs": null,
      "rd": null,
      "sga": 60634000,
      "fcf": 38046000,
      "ocf": 46477000,
      "capex": -8431000,
      "gross_margin": null,
      "op_margin": 0.12230899637534669,
      "fcf_margin": 0.1349349903177069,
      "incr_op_margin_yoy": 0.46639591248526135,
      "rev_growth_yoy": 0.3712043106969868,
      "fcf_margin_change": -0.29186249713015483
    },
    {
      "date": "2022-03-31T00:00:00",
      "quarter_label": "2022-03 (Q1)",
      "revenue": 273644000,
      "gross_profit": null,
      "operating_income": 32886000,
      "net_income": 36066000,
      "opex": 240758000,
      "cogs": null,
      "rd": null,
      "sga": 60910000,
      "fcf": 32705000,
      "ocf": 43518000,
      "capex": -10813000,
      "gross_margin": null,
      "op_margin": 0.1201780415430267,
      "fcf_margin": 0.11951659820789054,
      "incr_op_margin_yoy": 0.1919111582420172,
      "rev_growth_yoy": 0.14162939723649956,
      "rev_growth_yoy_accel": -0.22957491346048722,
      "fcf_margin_change": -0.015418392109816353
    },
    {
      "date": "2022-06-30T00:00:00",
      "quarter_label": "2022-06 (Q2)",
      "revenue": 289372000,
      "gross_profit": null,
      "operating_income": 44591000,
      "net_income": 21220000,
      "opex": 244781000,
      "cogs": null,
      "rd": null,
      "sga": 57287000,
      "fcf": 37332000,
      "ocf": 47534000,
      "capex": -10202000,
      "gross_margin": null,
      "op_margin": 0.15409576600362163,
      "fcf_margin": 0.1290104087472181,
      "incr_op_margin_yoy": 4.966074313408724,
      "rev_growth_yoy": -0.010582390491918746,
      "rev_growth_yoy_accel": -0.1522117877284183,
      "op_leverage_ratio": 3.439681770472601,
      "fcf_margin_change": 0.009493810539327574
    },
    {
      "date": "2022-09-30T00:00:00",
      "quarter_label": "2022-09 (Q3)",
      "revenue": 278993000,
      "gross_profit": null,
      "operating_income": 35052000,
      "net_income": 14003000,
      "opex": 243941000,
      "cogs": null,
      "rd": null,
      "sga": 59389000,
      "fcf": 23752000,
      "ocf": 36243000,
      "capex": -12491000,
      "gross_margin": null,
      "op_margin": 0.12563756079901647,
      "fcf_margin": 0.08513475248482937,
      "incr_op_margin_yoy": 2.9658792650918637,
      "rev_growth_yoy": -0.012141405414592348,
      "rev_growth_yoy_accel": -0.0015590149226736016,
      "fcf_margin_change": -0.04387565626238875
    },
    {
      "date": "2022-12-31T00:00:00",
      "quarter_label": "2022-12 (Q4)",
      "revenue": 279710000,
      "gross_profit": null,
      "operating_income": 35418000,
      "net_income": 11057000,
      "opex": -546363000,
      "cogs": null,
      "rd": null,
      "sga": 57818000,
      "fcf": 4989000,
      "ocf": 22902000,
      "capex": -17913000,
      "gross_margin": null,
      "op_margin": 0.12662400343212613,
      "fcf_margin": 0.017836330485145328,
      "incr_op_margin_yoy": -0.41459074733096085,
      "rev_growth_yoy": -0.007972818646748807,
      "rev_growth_yoy_accel": 0.004168586767843541,
      "fcf_margin_change": -0.06729842199968404
    },
    {
      "date": "2023-03-31T00:00:00",
      "quarter_label": "2023-03 (Q1)",
      "revenue": 278051000,
      "gross_profit": null,
      "operating_income": 32650000,
      "net_income": 11630000,
      "opex": 245401000,
      "cogs": null,
      "rd": null,
      "sga": 62036000,
      "fcf": 29474000,
      "ocf": 54546000,
      "capex": -25072000,
      "gross_margin": null,
      "op_margin": 0.11742450126056012,
      "fcf_margin": 0.10600213629873656,
      "incr_op_margin_yoy": -0.053551168595416386,
      "rev_growth_yoy": 0.016104866176492084,
      "rev_growth_yoy_accel": 0.02407768482324089,
      "fcf_margin_change": 0.08816580581359124
    },
    {
      "date": "2023-06-30T00:00:00",
      "quarter_label": "2023-06 (Q2)",
      "revenue": 286681000,
      "gross_profit": null,
      "operating_income": 35738000,
      "net_income": 12282000,
      "opex": 250943000,
      "cogs": null,
      "rd": null,
      "sga": 67093000,
      "fcf": 17443000,
      "ocf": 46317000,
      "capex": -28874000,
      "gross_margin": null,
      "op_margin": 0.12466120880002511,
      "fcf_margin": 0.060844632186995304,
      "incr_op_margin_yoy": 3.289855072463768,
      "rev_growth_yoy": -0.009299448460804778,
      "rev_growth_yoy_accel": -0.025404314637296862,
      "op_leverage_ratio": 1.3743461844318596,
      "fcf_margin_change": -0.045157504111741256
    },
    {
      "date": "2023-09-30T00:00:00",
      "quarter_label": "2023-09 (Q3)",
      "revenue": 257726000,
      "gross_profit": null,
      "operating_income": 323709000,
      "net_income": 241216000,
      "opex": -65983000,
      "cogs": null,
      "rd": null,
      "sga": 67727000,
      "fcf": 9663000,
      "ocf": 27462000,
      "capex": -17799000,
      "gross_margin": null,
      "op_margin": 1.2560199591814563,
      "fcf_margin": 0.03749330684525426,
      "incr_op_margin_yoy": -13.573000423190859,
      "rev_growth_yoy": -0.07622771897502804,
      "rev_growth_yoy_accel": -0.06692827051422326,
      "fcf_margin_change": -0.023351325341741044
    },
    {
      "date": "2023-12-31T00:00:00",
      "quarter_label": "2023-12 (Q4)",
      "revenue": 230691000,
      "gross_profit": null,
      "operating_income": 7115000,
      "net_income": -9372000,
      "opex": -229596000,
      "cogs": null,
      "rd": null,
      "sga": 58709000,
      "fcf": -23254000,
      "ocf": -9122000,
      "capex": -14132000,
      "gross_margin": null,
      "op_margin": 0.030842122146074187,
      "fcf_margin": -0.1008015050435431,
      "incr_op_margin_yoy": 0.5773883596156593,
      "rev_growth_yoy": -0.17524936541417896,
      "rev_growth_yoy_accel": -0.09902164643915091,
      "fcf_margin_change": -0.13829481188879736
    },
    {
      "date": "2024-03-31T00:00:00",
      "quarter_label": "2024-03 (Q1)",
      "revenue": 174047000,
      "gross_profit": 156440000,
      "operating_income": 80142000,
      "net_income": 41963000,
      "opex": 51057000,
      "cogs": 17607000,
      "rd": null,
      "sga": 59987000,
      "fcf": 9536000,
      "ocf": 25795000,
      "capex": -16259000,
      "gross_margin": 0.8988376702844634,
      "op_margin": 0.46046182927600016,
      "fcf_margin": 0.054789798157968826,
      "incr_op_margin_yoy": -0.45663628321987615,
      "rev_growth_yoy": -0.3740464878745266,
      "rev_growth_yoy_accel": -0.19879712246034764,
      "fcf_margin_change": 0.15559130320151193
    },
    {
      "date": "2024-06-30T00:00:00",
      "quarter_label": "2024-06 (Q2)",
      "revenue": 167334000,
      "gross_profit": 156030000,
      "operating_income": 13535000,
      "net_income": 623000,
      "opex": 48390000,
      "cogs": 11304000,
      "rd": null,
      "sga": 56087000,
      "fcf": 3912000,
      "ocf": 21501000,
      "capex": -17589000,
      "gross_margin": 0.9324464842769551,
      "op_margin": 0.08088613192776124,
      "fcf_margin": 0.023378392914769265,
      "incr_op_margin_yoy": 0.18603735326401166,
      "rev_growth_yoy": -0.41630592888960205,
      "rev_growth_yoy_accel": -0.04225944101507545,
      "fcf_margin_change": -0.03141140524319956
    },
    {
      "date": "2024-09-30T00:00:00",
      "quarter_label": "2024-09 (Q3)",
      "revenue": 161233000,
      "gross_profit": 149945000,
      "operating_income": 6728000,
      "net_income": 5167000,
      "opex": 51508000,
      "cogs": 11288000,
      "rd": null,
      "sga": 57056000,
      "fcf": 14668000,
      "ocf": 22516000,
      "capex": -7848000,
      "gross_margin": 0.9299895182747948,
      "op_margin": 0.04172843028412298,
      "fcf_margin": 0.09097393213548095,
      "incr_op_margin_yoy": 3.285015493351849,
      "rev_growth_yoy": -0.3744014961625913,
      "rev_growth_yoy_accel": 0.041904432727010776,
      "fcf_margin_change": 0.06759553922071168
    },
    {
      "date": "2024-12-31T00:00:00",
      "quarter_label": "2024-12 (Q4)",
      "revenue": 164204000,
      "gross_profit": 152144000,
      "operating_income": 11719000,
      "net_income": 2978000,
      "opex": 48567000,
      "cogs": 12060000,
      "rd": null,
      "sga": 52183000,
      "fcf": 14328000,
      "ocf": 22532000,
      "capex": -8204000,
      "gross_margin": 0.926554773330735,
      "op_margin": 0.07136854157024189,
      "fcf_margin": 0.08725731407273879,
      "incr_op_margin_yoy": -0.0692466196399296,
      "rev_growth_yoy": -0.288208035857489,
      "rev_growth_yoy_accel": 0.08619346030510228,
      "op_leverage_ratio": Infinity,
      "fcf_margin_change": -0.0037166180627421636
    },
    {
      "date": "2025-03-31T00:00:00",
      "quarter_label": "2025-03 (Q1)",
      "revenue": 160843000,
      "gross_profit": 149130000,
      "operating_income": 11069000,
      "net_income": 2499000,
      "opex": 44205000,
      "cogs": 11713000,
      "rd": null,
      "sga": 54138000,
      "fcf": 16648000,
      "ocf": 28566000,
      "capex": -11918000,
      "gross_margin": 0.9271774338951648,
      "op_margin": 0.06881866167629302,
      "fcf_margin": 0.10350465982355464,
      "incr_op_margin_yoy": 5.2312178127840046,
      "rev_growth_yoy": -0.07586456531856338,
      "rev_growth_yoy_accel": 0.2123434705389256,
      "fcf_margin_change": 0.01624734575081585
    },
    {
      "date": "2025-06-30T00:00:00",
      "quarter_label": "2025-06 (Q2)",
      "revenue": 163620000,
      "gross_profit": 152251000,
      "operating_income": 11916000,
      "net_income": 4632000,
      "opex": 48172000,
      "cogs": 11369000,
      "rd": null,
      "sga": 54566000,
      "fcf": 3990000,
      "ocf": 17414000,
      "capex": -13424000,
      "gross_margin": 0.9305158293607139,
      "op_margin": 0.07282728272827282,
      "fcf_margin": 0.024385771910524386,
      "incr_op_margin_yoy": 0.4359181475498115,
      "rev_growth_yoy": -0.022195130696690452,
      "rev_growth_yoy_accel": 0.05366943462187293,
      "op_leverage_ratio": 0.19239018370786748,
      "fcf_margin_change": -0.07911888791303026
    },
    {
      "date": "2025-09-30T00:00:00",
      "quarter_label": "2025-09 (Q3)",
      "revenue": 154818000,
      "gross_profit": 143649000,
      "operating_income": 882000,
      "net_income": -4658000,
      "opex": 48865000,
      "cogs": 11169000,
      "rd": null,
      "sga": 55517000,
      "fcf": 19315000,
      "ocf": 26861000,
      "capex": -7546000,
      "gross_margin": 0.9278572259039647,
      "op_margin": 0.005697011975351703,
      "fcf_margin": 0.12475939490240152,
      "incr_op_margin_yoy": 0.9113016367887763,
      "rev_growth_yoy": -0.039787140349680276,
      "rev_growth_yoy_accel": -0.017592009652989824,
      "fcf_margin_change": 0.10037362299187713
    }
  ],
  "signals": [
    {
      "quarter": "2025-09 (Q3)",
      "signal": "FCF MARGIN EXPANSION",
      "detail": "FCF margin: +2.4% -> +12.5% (+10.0%)",
      "severity": "MEDIUM"
    },
    {
      "quarter": "2025-09 (Q3)",
      "signal": "INCREMENTAL MARGIN (YoY)",
      "detail": "YoY Incr OPM: +91.1% vs year-ago OPM: +4.2%",
      "severity": "HIGH"
    },
    {
      "quarter": "2025-06 (Q2)",
      "signal": "YoY REVENUE GROWTH ACCELERATION",
      "detail": "YoY growth: -2.2% vs prior quarter YoY: -7.6% (accel: +5.4%)",
      "severity": "MEDIUM"
    },
    {
      "quarter": "2025-06 (Q2)",
      "signal": "INCREMENTAL MARGIN (YoY)",
      "detail": "YoY Incr OPM: +43.6% vs year-ago OPM: +8.1%",
      "severity": "HIGH"
    },
    {
      "quarter": "2025-03 (Q1)",
      "signal": "YoY REVENUE GROWTH ACCELERATION",
      "detail": "YoY growth: -7.6% vs prior quarter YoY: -28.8% (accel: +21.2%)",
      "severity": "HIGH"
    },
    {
      "quarter": "2025-03 (Q1)",
      "signal": "INCREMENTAL MARGIN (YoY)",
      "detail": "YoY Incr OPM: +523.1% vs year-ago OPM: +46.0%",
      "severity": "HIGH"
    },
    {
      "quarter": "2024-12 (Q4)",
      "signal": "YoY REVENUE GROWTH ACCELERATION",
      "detail": "YoY growth: -28.8% vs prior quarter YoY: -37.4% (accel: +8.6%)",
      "severity": "MEDIUM"
    },
    {
      "quarter": "2024-09 (Q3)",
      "signal": "FCF MARGIN EXPANSION",
      "detail": "FCF margin: +2.3% -> +9.1% (+6.8%)",
      "severity": "MEDIUM"
    },
    {
      "quarter": "2024-09 (Q3)",
      "signal": "INCREMENTAL MARGIN (YoY)",
      "detail": "YoY Incr OPM: +328.5% vs year-ago OPM: +125.6%",
      "severity": "HIGH"
    },
    {
      "quarter": "2024-03 (Q1)",
      "signal": "FCF TURNED POSITIVE",
      "detail": "FCF margin: -10.1% -> +5.5%",
      "severity": "HIGH"
    },
    {
      "quarter": "2024-03 (Q1)",
      "signal": "YoY REVENUE GROWTH DECELERATION",
      "detail": "YoY growth: -37.4% vs prior quarter YoY: -17.5% (decel: -19.9%)",
      "severity": "WARNING"
    },
    {
      "quarter": "2023-12 (Q4)",
      "signal": "YoY REVENUE GROWTH DECELERATION",
      "detail": "YoY growth: -17.5% vs prior quarter YoY: -7.6% (decel: -9.9%)",
      "severity": "WARNING"
    },
    {
      "quarter": "2023-12 (Q4)",
      "signal": "INCREMENTAL MARGIN (YoY)",
      "detail": "YoY Incr OPM: +57.7% vs year-ago OPM: +12.7%",
      "severity": "HIGH"
    },
    {
      "quarter": "2023-09 (Q3)",
      "signal": "YoY REVENUE GROWTH DECELERATION",
      "detail": "YoY growth: -7.6% vs prior quarter YoY: -0.9% (decel: -6.7%)",
      "severity": "WARNING"
    },
    {
      "quarter": "2023-06 (Q2)",
      "signal": "INCREMENTAL MARGIN (YoY)",
      "detail": "YoY Incr OPM: +329.0% vs year-ago OPM: +15.4%",
      "severity": "HIGH"
    },
    {
      "quarter": "2023-03 (Q1)",
      "signal": "FCF MARGIN EXPANSION",
      "detail": "FCF margin: +1.8% -> +10.6% (+8.8%)",
      "severity": "MEDIUM"
    },
    {
      "quarter": "2022-09 (Q3)",
      "signal": "INCREMENTAL MARGIN (YoY)",
      "detail": "YoY Incr OPM: +296.6% vs year-ago OPM: +16.0%",
      "severity": "HIGH"
    },
    {
      "quarter": "2022-06 (Q2)",
      "signal": "OPERATING LEVERAGE",
      "detail": "Rev growth +5.7% vs OpEx growth +1.7% (leverage: 3.4x)",
      "severity": "MEDIUM"
    },
    {
      "quarter": "2022-06 (Q2)",
      "signal": "YoY REVENUE GROWTH DECELERATION",
      "detail": "YoY growth: -1.1% vs prior quarter YoY: +14.2% (decel: -15.2%)",
      "severity": "WARNING"
    },
    {
      "quarter": "2022-06 (Q2)",
      "signal": "INCREMENTAL MARGIN (YoY)",
      "detail": "YoY Incr OPM: +496.6% vs year-ago OPM: +20.5%",
      "severity": "HIGH"
    },
    {
      "quarter": "2022-03 (Q1)",
      "signal": "YoY REVENUE GROWTH DECELERATION",
      "detail": "YoY growth: +14.2% vs prior quarter YoY: +37.1% (decel: -23.0%)",
      "severity": "WARNING"
    },
    {
      "quarter": "2021-12 (Q4)",
      "signal": "OP MARGIN TURNED POSITIVE (YoY)",
      "detail": "Op margin: -0.5% (year-ago) -> +12.2%",
      "severity": "HIGH"
    },
    {
      "quarter": "2021-09 (Q3)",
      "signal": "FCF MARGIN EXPANSION",
      "detail": "FCF margin: +20.7% -> +42.7% (+22.0%)",
      "severity": "MEDIUM"
    },
    {
      "quarter": "2021-06 (Q2)",
      "signal": "OPERATING LEVERAGE",
      "detail": "Rev growth +22.0% vs OpEx growth +9.0% (leverage: 2.4x)",
      "severity": "MEDIUM"
    },
    {
      "quarter": "2021-03 (Q1)",
      "signal": "FCF MARGIN EXPANSION",
      "detail": "FCF margin: +3.4% -> +19.7% (+16.3%)",
      "severity": "MEDIUM"
    },
    {
      "quarter": "2021-03 (Q1)",
      "signal": "OPERATING LEVERAGE",
      "detail": "Rev growth +16.6% vs OpEx growth +3.2% (leverage: 5.2x)",
      "severity": "MEDIUM"
    },
    {
      "quarter": "2021-03 (Q1)",
      "signal": "OP MARGIN TURNED POSITIVE (QoQ)",
      "detail": "Op margin: -0.5% -> +11.0%",
      "severity": "HIGH"
    }
  ],
  "data_quality": {
    "n_quarters": 20,
    "coverage": {
      "revenue": [
        20,
        20
      ],
      "gross_profit": [
        7,
        20
      ],
      "op_income": [
        20,
        20
      ],
      "fcf": [
        20,
        20
      ]
    },
    "gaps": [],
    "warnings": [
      "gross_profit: 7/20Q"
    ]
  },
  "market_cap": null,
  "source": "SEC EDGAR",
  "last_updated": "2026-02-02T22:12:35.222607"
}