{
  "ticker": "GDOT",
  "name": "GREEN DOT CORP",
  "quarters": [
    {
      "date": "2020-12-31T00:00:00",
      "quarter_label": "2020-12 (Q4)",
      "revenue": 284281000,
      "gross_profit": null,
      "operating_income": -31516000,
      "net_income": -24016000,
      "opex": 315797000,
      "cogs": null,
      "rd": null,
      "sga": null,
      "fcf": -4810000,
      "ocf": 10327000,
      "capex": -15137000,
      "gross_margin": null,
      "op_margin": -0.11086213992493343,
      "fcf_margin": -0.01691987857085067
    },
    {
      "date": "2021-03-31T00:00:00",
      "quarter_label": "2021-03 (Q1)",
      "revenue": 393486000,
      "gross_profit": null,
      "operating_income": 33985000,
      "net_income": 25735000,
      "opex": 359501000,
      "cogs": null,
      "rd": null,
      "sga": null,
      "fcf": 70198000,
      "ocf": 80672000,
      "capex": -10474000,
      "gross_margin": null,
      "op_margin": 0.08636901948226874,
      "fcf_margin": 0.17840024803932034,
      "op_leverage_ratio": 2.775757367529342,
      "fcf_margin_change": 0.195320126610171
    },
    {
      "date": "2021-06-30T00:00:00",
      "quarter_label": "2021-06 (Q2)",
      "revenue": 369373000,
      "gross_profit": null,
      "operating_income": 31803000,
      "net_income": 24933000,
      "opex": 337570000,
      "cogs": null,
      "rd": null,
      "sga": null,
      "fcf": 25432000,
      "ocf": 38784000,
      "capex": -13352000,
      "gross_margin": null,
      "op_margin": 0.08609995857845593,
      "fcf_margin": 0.06885181104195488,
      "fcf_margin_change": -0.10954843699736545
    },
    {
      "date": "2021-09-30T00:00:00",
      "quarter_label": "2021-09 (Q3)",
      "revenue": 339499000,
      "gross_profit": null,
      "operating_income": 8830000,
      "net_income": 7335000,
      "opex": 330669000,
      "cogs": null,
      "rd": null,
      "sga": null,
      "fcf": 11960000,
      "ocf": 27778000,
      "capex": -15818000,
      "gross_margin": null,
      "op_margin": 0.026008913133764754,
      "fcf_margin": 0.035228380643241956,
      "fcf_margin_change": -0.03362343039871293
    },
    {
      "date": "2021-12-31T00:00:00",
      "quarter_label": "2021-12 (Q4)",
      "revenue": 330839000,
      "gross_profit": null,
      "operating_income": -8144000,
      "net_income": -10523000,
      "opex": 338983000,
      "cogs": null,
      "rd": null,
      "sga": null,
      "fcf": 2011000,
      "ocf": 19799000,
      "capex": -17788000,
      "gross_margin": null,
      "op_margin": -0.024616203047403723,
      "fcf_margin": 0.006078485305541366,
      "incr_op_margin_yoy": 0.5019975084840415,
      "rev_growth_yoy": 0.16377457515627145,
      "fcf_margin_change": -0.029149895337700592
    },
    {
      "date": "2022-03-31T00:00:00",
      "quarter_label": "2022-03 (Q1)",
      "revenue": 400617000,
      "gross_profit": null,
      "operating_income": 51592000,
      "net_income": 38624000,
      "opex": 349025000,
      "cogs": null,
      "rd": null,
      "sga": null,
      "fcf": 96632000,
      "ocf": 115642000,
      "capex": -19010000,
      "gross_margin": null,
      "op_margin": 0.12878135476028227,
      "fcf_margin": 0.24120793675755148,
      "incr_op_margin_yoy": 2.4690786705931846,
      "rev_growth_yoy": 0.018122626980375412,
      "rev_growth_yoy_accel": -0.14565194817589602,
      "op_leverage_ratio": 7.11966435134851,
      "fcf_margin_change": 0.2351294514520101
    },
    {
      "date": "2022-06-30T00:00:00",
      "quarter_label": "2022-06 (Q2)",
      "revenue": 362769000,
      "gross_profit": null,
      "operating_income": 23939000,
      "net_income": 15008000,
      "opex": 338830000,
      "cogs": null,
      "rd": null,
      "sga": null,
      "fcf": 54285000,
      "ocf": 71812000,
      "capex": -17527000,
      "gross_margin": null,
      "op_margin": 0.0659896518169965,
      "fcf_margin": 0.14964068043300283,
      "incr_op_margin_yoy": 1.190793458509994,
      "rev_growth_yoy": -0.017878946214260383,
      "rev_growth_yoy_accel": -0.036001573194635796,
      "fcf_margin_change": -0.09156725632454865
    },
    {
      "date": "2022-09-30T00:00:00",
      "quarter_label": "2022-09 (Q3)",
      "revenue": 343748000,
      "gross_profit": null,
      "operating_income": 10765000,
      "net_income": 4696000,
      "opex": 332983000,
      "cogs": null,
      "rd": null,
      "sga": null,
      "fcf": 40559000,
      "ocf": 64627000,
      "capex": -24068000,
      "gross_margin": null,
      "op_margin": 0.03131654584172126,
      "fcf_margin": 0.11799050467202718,
      "incr_op_margin_yoy": 0.4554012708872676,
      "rev_growth_yoy": 0.012515500782034705,
      "rev_growth_yoy_accel": 0.030394446996295087,
      "fcf_margin_change": -0.031650175760975646
    },
    {
      "date": "2022-12-31T00:00:00",
      "quarter_label": "2022-12 (Q4)",
      "revenue": 342432000,
      "gross_profit": null,
      "operating_income": 8079000,
      "net_income": 5884000,
      "opex": 334353000,
      "cogs": null,
      "rd": null,
      "sga": null,
      "fcf": 1884000,
      "ocf": 25605000,
      "capex": -23721000,
      "gross_margin": null,
      "op_margin": 0.02359300532660499,
      "fcf_margin": 0.005501822259601907,
      "incr_op_margin_yoy": 1.3993789355645647,
      "rev_growth_yoy": 0.035041213399871235,
      "rev_growth_yoy_accel": 0.02252571261783653,
      "fcf_margin_change": -0.11248868241242527
    },
    {
      "date": "2023-03-31T00:00:00",
      "quarter_label": "2023-03 (Q1)",
      "revenue": 416380000,
      "gross_profit": null,
      "operating_income": 50995000,
      "net_income": 36012000,
      "opex": 365385000,
      "cogs": null,
      "rd": null,
      "sga": null,
      "fcf": 80999000,
      "ocf": 100532000,
      "capex": -19533000,
      "gross_margin": null,
      "op_margin": 0.12247226091550988,
      "fcf_margin": 0.1945314376290888,
      "incr_op_margin_yoy": -0.03787350123707416,
      "rev_growth_yoy": 0.03934680754935512,
      "rev_growth_yoy_accel": 0.0043055941494838865,
      "op_leverage_ratio": 2.326738348869174,
      "fcf_margin_change": 0.1890296153694869
    },
    {
      "date": "2023-06-30T00:00:00",
      "quarter_label": "2023-06 (Q2)",
      "revenue": 365876000,
      "gross_profit": null,
      "operating_income": 4786000,
      "net_income": 578000,
      "opex": 361090000,
      "cogs": null,
      "rd": null,
      "sga": null,
      "fcf": 8647000,
      "ocf": 27234000,
      "capex": -18587000,
      "gross_margin": null,
      "op_margin": 0.013080934524265052,
      "fcf_margin": 0.023633690102657732,
      "incr_op_margin_yoy": -6.164467331831348,
      "rev_growth_yoy": 0.008564678900347053,
      "rev_growth_yoy_accel": -0.03078212864900807,
      "fcf_margin_change": -0.17089774752643108
    },
    {
      "date": "2023-09-30T00:00:00",
      "quarter_label": "2023-09 (Q3)",
      "revenue": 353029000,
      "gross_profit": null,
      "operating_income": -6839000,
      "net_income": -6265000,
      "opex": 359868000,
      "cogs": null,
      "rd": null,
      "sga": null,
      "fcf": -12699000,
      "ocf": 4682000,
      "capex": -17381000,
      "gross_margin": null,
      "op_margin": -0.019372346181191914,
      "fcf_margin": -0.035971549079537375,
      "incr_op_margin_yoy": -1.896778364400388,
      "rev_growth_yoy": 0.026999429814864376,
      "rev_growth_yoy_accel": 0.018434750914517323,
      "fcf_margin_change": -0.05960523918219511
    },
    {
      "date": "2023-12-31T00:00:00",
      "quarter_label": "2023-12 (Q4)",
      "revenue": 366043000,
      "gross_profit": null,
      "operating_income": -26272000,
      "net_income": -23603000,
      "opex": 392315000,
      "cogs": null,
      "rd": null,
      "sga": null,
      "fcf": -55370000,
      "ocf": -34929000,
      "capex": -20441000,
      "gross_margin": null,
      "op_margin": -0.07177298841939335,
      "fcf_margin": -0.15126638127214562,
      "incr_op_margin_yoy": -1.4548727288128416,
      "rev_growth_yoy": 0.06895091580226147,
      "rev_growth_yoy_accel": 0.04195148598739709,
      "op_leverage_ratio": 0.4088548005424857,
      "fcf_margin_change": -0.11529483219260825
    },
    {
      "date": "2024-03-31T00:00:00",
      "quarter_label": "2024-03 (Q1)",
      "revenue": 451988000,
      "gross_profit": null,
      "operating_income": 10554000,
      "net_income": 4750000,
      "opex": 441434000,
      "cogs": null,
      "rd": null,
      "sga": null,
      "fcf": 74682000,
      "ocf": 89177000,
      "capex": -14495000,
      "gross_margin": null,
      "op_margin": 0.02335017743833907,
      "fcf_margin": 0.16523005035531918,
      "incr_op_margin_yoy": -1.1357279263086946,
      "rev_growth_yoy": 0.08551803640904942,
      "rev_growth_yoy_accel": 0.016567120606787958,
      "op_leverage_ratio": 1.8753136157027783,
      "fcf_margin_change": 0.31649643162746477
    },
    {
      "date": "2024-06-30T00:00:00",
      "quarter_label": "2024-06 (Q2)",
      "revenue": 407121000,
      "gross_profit": null,
      "operating_income": -23667000,
      "net_income": -28715000,
      "opex": 430788000,
      "cogs": null,
      "rd": null,
      "sga": null,
      "fcf": 14498000,
      "ocf": 31497000,
      "capex": -16999000,
      "gross_margin": null,
      "op_margin": -0.05813259448665139,
      "fcf_margin": 0.03561103455729378,
      "incr_op_margin_yoy": -0.6898533155534005,
      "rev_growth_yoy": 0.1127294493216281,
      "rev_growth_yoy_accel": 0.02721141291257867,
      "fcf_margin_change": -0.1296190157980254
    },
    {
      "date": "2024-09-30T00:00:00",
      "quarter_label": "2024-09 (Q3)",
      "revenue": 409743000,
      "gross_profit": null,
      "operating_income": -2932000,
      "net_income": -7840000,
      "opex": 412675000,
      "cogs": null,
      "rd": null,
      "sga": null,
      "fcf": -36953000,
      "ocf": -16279000,
      "capex": -20674000,
      "gross_margin": null,
      "op_margin": -0.00715570491747266,
      "fcf_margin": -0.09018579939132579,
      "incr_op_margin_yoy": 0.06888951581620059,
      "rev_growth_yoy": 0.16064969166838985,
      "rev_growth_yoy_accel": 0.04792024234676176,
      "fcf_margin_change": -0.12579683394861957
    },
    {
      "date": "2024-12-31T00:00:00",
      "quarter_label": "2024-12 (Q4)",
      "revenue": 455024000,
      "gross_profit": null,
      "operating_income": 14377000,
      "net_income": 5103000,
      "opex": 440647000,
      "cogs": null,
      "rd": null,
      "sga": null,
      "fcf": -45131000,
      "ocf": -23012000,
      "capex": -22119000,
      "gross_margin": null,
      "op_margin": 0.03159613558845248,
      "fcf_margin": -0.09918377931713492,
      "incr_op_margin_yoy": 0.45682786212787,
      "rev_growth_yoy": 0.24308892671079627,
      "rev_growth_yoy_accel": 0.08243923504240641,
      "op_leverage_ratio": 1.630381005089664,
      "fcf_margin_change": -0.008997979925809127
    },
    {
      "date": "2025-03-31T00:00:00",
      "quarter_label": "2025-03 (Q1)",
      "revenue": 558874000,
      "gross_profit": null,
      "operating_income": 60745000,
      "net_income": 25773000,
      "opex": 498129000,
      "cogs": null,
      "rd": null,
      "sga": null,
      "fcf": 89303000,
      "ocf": 108721000,
      "capex": -19418000,
      "gross_margin": null,
      "op_margin": 0.10869176236504113,
      "fcf_margin": 0.15979093677644693,
      "incr_op_margin_yoy": 0.4695750612802425,
      "rev_growth_yoy": 0.23647972955034205,
      "rev_growth_yoy_accel": -0.006609197160454217,
      "op_leverage_ratio": 1.7495692794116284,
      "fcf_margin_change": 0.25897471609358186
    },
    {
      "date": "2025-06-30T00:00:00",
      "quarter_label": "2025-06 (Q2)",
      "revenue": 504176000,
      "gross_profit": null,
      "operating_income": 13399000,
      "net_income": -47025000,
      "opex": 490777000,
      "cogs": null,
      "rd": null,
      "sga": null,
      "fcf": 49486000,
      "ocf": 68980000,
      "capex": -19494000,
      "gross_margin": null,
      "op_margin": 0.026576036939481452,
      "fcf_margin": 0.0981522325537114,
      "incr_op_margin_yoy": 0.3819071660398743,
      "rev_growth_yoy": 0.2383934997212131,
      "rev_growth_yoy_accel": 0.0019137701708710486,
      "fcf_margin_change": -0.06163870422273553
    },
    {
      "date": "2025-09-30T00:00:00",
      "quarter_label": "2025-09 (Q3)",
      "revenue": 494826000,
      "gross_profit": null,
      "operating_income": -32831000,
      "net_income": -30791000,
      "opex": 527657000,
      "cogs": null,
      "rd": null,
      "sga": null,
      "fcf": 3542000,
      "ocf": 23326000,
      "capex": -19784000,
      "gross_margin": null,
      "op_margin": -0.06634857505466568,
      "fcf_margin": 0.007158071726222955,
      "incr_op_margin_yoy": -0.35140979984250675,
      "rev_growth_yoy": 0.20764967308776477,
      "rev_growth_yoy_accel": -0.030743826633448323,
      "fcf_margin_change": -0.09099416082748844
    }
  ],
  "signals": [
    {
      "quarter": "2025-06 (Q2)",
      "signal": "OP MARGIN TURNED POSITIVE (YoY)",
      "detail": "Op margin: -5.8% (year-ago) -> +2.7%",
      "severity": "HIGH"
    },
    {
      "quarter": "2025-03 (Q1)",
      "signal": "FCF TURNED POSITIVE",
      "detail": "FCF margin: -9.9% -> +16.0%",
      "severity": "HIGH"
    },
    {
      "quarter": "2025-03 (Q1)",
      "signal": "OPERATING LEVERAGE",
      "detail": "Rev growth +22.8% vs OpEx growth +13.0% (leverage: 1.7x)",
      "severity": "MEDIUM"
    },
    {
      "quarter": "2025-03 (Q1)",
      "signal": "INCREMENTAL MARGIN (YoY)",
      "detail": "YoY Incr OPM: +47.0% vs year-ago OPM: +2.3%",
      "severity": "HIGH"
    },
    {
      "quarter": "2024-12 (Q4)",
      "signal": "OPERATING LEVERAGE",
      "detail": "Rev growth +11.1% vs OpEx growth +6.8% (leverage: 1.6x)",
      "severity": "MEDIUM"
    },
    {
      "quarter": "2024-12 (Q4)",
      "signal": "YoY REVENUE GROWTH ACCELERATION",
      "detail": "YoY growth: +24.3% vs prior quarter YoY: +16.1% (accel: +8.2%)",
      "severity": "MEDIUM"
    },
    {
      "quarter": "2024-12 (Q4)",
      "signal": "OP MARGIN TURNED POSITIVE (YoY)",
      "detail": "Op margin: -7.2% (year-ago) -> +3.2%",
      "severity": "HIGH"
    },
    {
      "quarter": "2024-12 (Q4)",
      "signal": "OP MARGIN TURNED POSITIVE (QoQ)",
      "detail": "Op margin: -0.7% -> +3.2%",
      "severity": "HIGH"
    },
    {
      "quarter": "2024-03 (Q1)",
      "signal": "FCF TURNED POSITIVE",
      "detail": "FCF margin: -15.1% -> +16.5%",
      "severity": "HIGH"
    },
    {
      "quarter": "2024-03 (Q1)",
      "signal": "OPERATING LEVERAGE",
      "detail": "Rev growth +23.5% vs OpEx growth +12.5% (leverage: 1.9x)",
      "severity": "MEDIUM"
    },
    {
      "quarter": "2024-03 (Q1)",
      "signal": "OP MARGIN TURNED POSITIVE (QoQ)",
      "detail": "Op margin: -7.2% -> +2.3%",
      "severity": "HIGH"
    },
    {
      "quarter": "2023-03 (Q1)",
      "signal": "FCF MARGIN EXPANSION",
      "detail": "FCF margin: +0.6% -> +19.5% (+18.9%)",
      "severity": "MEDIUM"
    },
    {
      "quarter": "2023-03 (Q1)",
      "signal": "OPERATING LEVERAGE",
      "detail": "Rev growth +21.6% vs OpEx growth +9.3% (leverage: 2.3x)",
      "severity": "MEDIUM"
    },
    {
      "quarter": "2022-12 (Q4)",
      "signal": "OP MARGIN TURNED POSITIVE (YoY)",
      "detail": "Op margin: -2.5% (year-ago) -> +2.4%",
      "severity": "HIGH"
    },
    {
      "quarter": "2022-09 (Q3)",
      "signal": "INCREMENTAL MARGIN (YoY)",
      "detail": "YoY Incr OPM: +45.5% vs year-ago OPM: +2.6%",
      "severity": "HIGH"
    },
    {
      "quarter": "2022-06 (Q2)",
      "signal": "INCREMENTAL MARGIN (YoY)",
      "detail": "YoY Incr OPM: +119.1% vs year-ago OPM: +8.6%",
      "severity": "HIGH"
    },
    {
      "quarter": "2022-03 (Q1)",
      "signal": "FCF MARGIN EXPANSION",
      "detail": "FCF margin: +0.6% -> +24.1% (+23.5%)",
      "severity": "MEDIUM"
    },
    {
      "quarter": "2022-03 (Q1)",
      "signal": "OPERATING LEVERAGE",
      "detail": "Rev growth +21.1% vs OpEx growth +3.0% (leverage: 7.1x)",
      "severity": "MEDIUM"
    },
    {
      "quarter": "2022-03 (Q1)",
      "signal": "YoY REVENUE GROWTH DECELERATION",
      "detail": "YoY growth: +1.8% vs prior quarter YoY: +16.4% (decel: -14.6%)",
      "severity": "WARNING"
    },
    {
      "quarter": "2022-03 (Q1)",
      "signal": "INCREMENTAL MARGIN (YoY)",
      "detail": "YoY Incr OPM: +246.9% vs year-ago OPM: +8.6%",
      "severity": "HIGH"
    },
    {
      "quarter": "2022-03 (Q1)",
      "signal": "OP MARGIN TURNED POSITIVE (QoQ)",
      "detail": "Op margin: -2.5% -> +12.9%",
      "severity": "HIGH"
    },
    {
      "quarter": "2021-03 (Q1)",
      "signal": "FCF TURNED POSITIVE",
      "detail": "FCF margin: -1.7% -> +17.8%",
      "severity": "HIGH"
    },
    {
      "quarter": "2021-03 (Q1)",
      "signal": "OPERATING LEVERAGE",
      "detail": "Rev growth +38.4% vs OpEx growth +13.8% (leverage: 2.8x)",
      "severity": "MEDIUM"
    },
    {
      "quarter": "2021-03 (Q1)",
      "signal": "OP MARGIN TURNED POSITIVE (QoQ)",
      "detail": "Op margin: -11.1% -> +8.6%",
      "severity": "HIGH"
    }
  ],
  "data_quality": {
    "n_quarters": 20,
    "coverage": {
      "revenue": [
        20,
        20
      ],
      "gross_profit": [
        0,
        20
      ],
      "op_income": [
        20,
        20
      ],
      "fcf": [
        20,
        20
      ]
    },
    "gaps": [],
    "warnings": [
      "gross_profit: no data"
    ]
  },
  "market_cap": null,
  "source": "SEC EDGAR",
  "last_updated": "2026-02-02T22:14:14.761907",
  "sector": "Financial Services",
  "industry": "Credit Services"
}