{
  "ticker": "GE",
  "name": "GENERAL ELECTRIC COMPANY",
  "quarters": [
    {
      "date": "2021-03-31T00:00:00",
      "quarter_label": "2021-03 (Q1)",
      "revenue": 17118000000,
      "gross_profit": 4580000000,
      "operating_income": null,
      "net_income": -2802000000,
      "opex": 17506000000,
      "cogs": 12538000000,
      "rd": 561000000,
      "sga": 2891000000,
      "fcf": -2291000000,
      "ocf": -1959000000,
      "capex": -332000000,
      "gross_margin": 0.2675546208669237,
      "op_margin": null,
      "fcf_margin": -0.13383572847295244
    },
    {
      "date": "2021-06-30T00:00:00",
      "quarter_label": "2021-06 (Q2)",
      "revenue": 18279000000,
      "gross_profit": 4661000000,
      "operating_income": null,
      "net_income": -1131000000,
      "opex": 20023000000,
      "cogs": 13618000000,
      "rd": 604000000,
      "sga": 2866000000,
      "fcf": 251000000,
      "ocf": 518000000,
      "capex": -267000000,
      "gross_margin": 0.25499206739974833,
      "op_margin": null,
      "fcf_margin": 0.013731604573554351,
      "op_leverage_ratio": 0.4717184971844455,
      "fcf_margin_change": 0.1475673330465068
    },
    {
      "date": "2021-09-30T00:00:00",
      "quarter_label": "2021-09 (Q3)",
      "revenue": 18429000000,
      "gross_profit": 5028000000,
      "operating_income": null,
      "net_income": 1257000000,
      "opex": 18337000000,
      "cogs": 13401000000,
      "rd": 627000000,
      "sga": 2747000000,
      "fcf": 2045000000,
      "ocf": 2341000000,
      "capex": -296000000,
      "gross_margin": 0.27283086439850235,
      "op_margin": null,
      "fcf_margin": 0.11096641163383797,
      "fcf_margin_change": 0.09723480706028362
    },
    {
      "date": "2021-12-31T00:00:00",
      "quarter_label": "2021-12 (Q4)",
      "revenue": 20303000000,
      "gross_profit": 5965000000,
      "operating_income": null,
      "net_income": -3843000000,
      "opex": 24836000000,
      "cogs": 14338000000,
      "rd": 705000000,
      "sga": 3203000000,
      "fcf": 2469000000,
      "ocf": 2581000000,
      "capex": -112000000,
      "gross_margin": 0.2937989459685761,
      "op_margin": null,
      "fcf_margin": 0.12160764419051372,
      "op_leverage_ratio": 0.28691256265515613,
      "fcf_margin_change": 0.010641232556675748
    },
    {
      "date": "2022-03-31T00:00:00",
      "quarter_label": "2022-03 (Q1)",
      "revenue": 17040000000,
      "gross_profit": 4587000000,
      "operating_income": null,
      "net_income": -1042000000,
      "opex": 17638000000,
      "cogs": 12453000000,
      "rd": 641000000,
      "sga": 3651000000,
      "fcf": -795000000,
      "ocf": -556000000,
      "capex": -239000000,
      "gross_margin": 0.2691901408450704,
      "op_margin": null,
      "fcf_margin": -0.04665492957746479,
      "rev_growth_yoy": -0.004556607080266386,
      "fcf_margin_change": -0.1682625737679785
    },
    {
      "date": "2022-06-30T00:00:00",
      "quarter_label": "2022-06 (Q2)",
      "revenue": 18646000000,
      "gross_profit": 5402000000,
      "operating_income": null,
      "net_income": -790000000,
      "opex": 17680000000,
      "cogs": 13244000000,
      "rd": 696000000,
      "sga": 2720000000,
      "fcf": 129000000,
      "ocf": 550000000,
      "capex": -421000000,
      "gross_margin": 0.2897136114984447,
      "op_margin": null,
      "fcf_margin": 0.0069183739139761875,
      "rev_growth_yoy": 0.020077684774878275,
      "rev_growth_yoy_accel": 0.02463429185514466,
      "op_leverage_ratio": 39.580019002906326,
      "fcf_margin_change": 0.053573303491440974
    },
    {
      "date": "2022-09-30T00:00:00",
      "quarter_label": "2022-09 (Q3)",
      "revenue": 19084000000,
      "gross_profit": 4713000000,
      "operating_income": null,
      "net_income": -165000000,
      "opex": 19334000000,
      "cogs": 14371000000,
      "rd": 686000000,
      "sga": 2868000000,
      "fcf": 1126000000,
      "ocf": 1423000000,
      "capex": -297000000,
      "gross_margin": 0.2469608048627122,
      "op_margin": null,
      "fcf_margin": 0.05900230559631105,
      "rev_growth_yoy": 0.03554180910521461,
      "rev_growth_yoy_accel": 0.015464124330336334,
      "op_leverage_ratio": 0.2510933356298818,
      "fcf_margin_change": 0.05208393168233486
    },
    {
      "date": "2022-12-31T00:00:00",
      "quarter_label": "2022-12 (Q4)",
      "revenue": 21786000000,
      "gross_profit": 6319000000,
      "operating_income": null,
      "net_income": 2222000000,
      "opex": 21722000000,
      "cogs": 15467000000,
      "rd": 790000000,
      "sga": 3542000000,
      "fcf": 4396000000,
      "ocf": 4500000000,
      "capex": -104000000,
      "gross_margin": 0.29004865509960526,
      "op_margin": null,
      "fcf_margin": 0.20178096024970163,
      "rev_growth_yoy": 0.07304339260207851,
      "rev_growth_yoy_accel": 0.0375015834968639,
      "op_leverage_ratio": 1.1463132928669055,
      "fcf_margin_change": 0.14277865465339057
    },
    {
      "date": "2023-03-31T00:00:00",
      "quarter_label": "2023-03 (Q1)",
      "revenue": 14486000000,
      "gross_profit": 3757000000,
      "operating_income": null,
      "net_income": 7506000000,
      "opex": 14075000000,
      "cogs": 10729000000,
      "rd": 431000000,
      "sga": 2142000000,
      "fcf": -538000000,
      "ocf": -259000000,
      "capex": -279000000,
      "gross_margin": 0.2593538588982466,
      "op_margin": null,
      "fcf_margin": -0.037139306917023336,
      "rev_growth_yoy": -0.14988262910798122,
      "rev_growth_yoy_accel": -0.22292602171005974,
      "fcf_margin_change": -0.23892026716672496
    },
    {
      "date": "2023-06-30T00:00:00",
      "quarter_label": "2023-06 (Q2)",
      "revenue": 16699000000,
      "gross_profit": 4337000000,
      "operating_income": null,
      "net_income": 35000000,
      "opex": 16001000000,
      "cogs": 12362000000,
      "rd": 455000000,
      "sga": 2358000000,
      "fcf": 485000000,
      "ocf": 485000000,
      "capex": null,
      "gross_margin": 0.25971615066770465,
      "op_margin": null,
      "fcf_margin": 0.02904365530870112,
      "rev_growth_yoy": -0.10441917837605921,
      "rev_growth_yoy_accel": 0.04546345073192201,
      "op_leverage_ratio": 1.1164134340185081,
      "fcf_margin_change": 0.06618296222572445
    },
    {
      "date": "2023-09-30T00:00:00",
      "quarter_label": "2023-09 (Q3)",
      "revenue": 17346000000,
      "gross_profit": 4441000000,
      "operating_income": null,
      "net_income": 348000000,
      "opex": 16373000000,
      "cogs": 12905000000,
      "rd": 471000000,
      "sga": 2171000000,
      "fcf": 1823000000,
      "ocf": 1823000000,
      "capex": null,
      "gross_margin": 0.25602444367577537,
      "op_margin": null,
      "fcf_margin": 0.10509627579845497,
      "rev_growth_yoy": -0.09107105428631314,
      "rev_growth_yoy_accel": 0.013348124089746075,
      "op_leverage_ratio": 1.6665486697741867,
      "fcf_margin_change": 0.07605262048975385
    },
    {
      "date": "2023-12-31T00:00:00",
      "quarter_label": "2023-12 (Q4)",
      "revenue": 19423000000,
      "gross_profit": 5027000000,
      "operating_income": null,
      "net_income": 1591000000,
      "opex": 18442000000,
      "cogs": 14396000000,
      "rd": 551000000,
      "sga": 2524000000,
      "fcf": 3140000000,
      "ocf": 3140000000,
      "capex": null,
      "gross_margin": 0.25881686660145187,
      "op_margin": null,
      "fcf_margin": 0.16166400659012511,
      "rev_growth_yoy": -0.10846415128981915,
      "rev_growth_yoy_accel": -0.01739309700350601,
      "op_leverage_ratio": 0.9475560866022154,
      "fcf_margin_change": 0.05656773079167014
    },
    {
      "date": "2024-03-31T00:00:00",
      "quarter_label": "2024-03 (Q1)",
      "revenue": 16053000000,
      "gross_profit": 10306000000,
      "operating_income": null,
      "net_income": 1537000000,
      "opex": 15295000000,
      "cogs": 5747000000,
      "rd": 507000000,
      "sga": 2269000000,
      "fcf": 994000000,
      "ocf": 994000000,
      "capex": null,
      "gross_margin": 0.6419983803650408,
      "op_margin": null,
      "fcf_margin": 0.06191989036317199,
      "rev_growth_yoy": 0.10817340880850476,
      "rev_growth_yoy_accel": 0.2166375600983239,
      "fcf_margin_change": -0.09974411622695312
    },
    {
      "date": "2024-06-30T00:00:00",
      "quarter_label": "2024-06 (Q2)",
      "revenue": 9094000000,
      "gross_profit": 3520000000,
      "operating_income": null,
      "net_income": 1266000000,
      "opex": 7584000000,
      "cogs": 5574000000,
      "rd": 300000000,
      "sga": 924000000,
      "fcf": 911000000,
      "ocf": 911000000,
      "capex": null,
      "gross_margin": 0.3870683967451067,
      "op_margin": null,
      "fcf_margin": 0.10017594018033868,
      "rev_growth_yoy": -0.4554164920055093,
      "rev_growth_yoy_accel": -0.563589900814014,
      "fcf_margin_change": 0.03825604981716669
    },
    {
      "date": "2024-09-30T00:00:00",
      "quarter_label": "2024-09 (Q3)",
      "revenue": 9842000000,
      "gross_profit": 3616000000,
      "operating_income": null,
      "net_income": 1852000000,
      "opex": 8970000000,
      "cogs": 6226000000,
      "rd": 331000000,
      "sga": 1330000000,
      "fcf": 1508000000,
      "ocf": 1508000000,
      "capex": null,
      "gross_margin": 0.36740499898394635,
      "op_margin": null,
      "fcf_margin": 0.15322089006299533,
      "rev_growth_yoy": -0.43260694108151737,
      "rev_growth_yoy_accel": 0.02280955092399195,
      "op_leverage_ratio": 0.45007173751400714,
      "fcf_margin_change": 0.05304494988265665
    },
    {
      "date": "2024-12-31T00:00:00",
      "quarter_label": "2024-12 (Q4)",
      "revenue": 10812000000,
      "gross_profit": 4051000000,
      "operating_income": null,
      "net_income": 1899000000,
      "opex": 8817000000,
      "cogs": 6761000000,
      "rd": 385000000,
      "sga": 1157000000,
      "fcf": 1297000000,
      "ocf": 1297000000,
      "capex": null,
      "gross_margin": 0.37467628560858307,
      "op_margin": null,
      "fcf_margin": 0.11995930447650759,
      "rev_growth_yoy": -0.44334036966483037,
      "rev_growth_yoy_accel": -0.010733428583312998,
      "op_leverage_ratio": Infinity,
      "fcf_margin_change": -0.033261585586487744
    },
    {
      "date": "2025-03-31T00:00:00",
      "quarter_label": "2025-03 (Q1)",
      "revenue": 9935000000,
      "gross_profit": null,
      "operating_income": null,
      "net_income": 1978000000,
      "opex": 7992000000,
      "cogs": null,
      "rd": 359000000,
      "sga": 876000000,
      "fcf": 1509000000,
      "ocf": 1509000000,
      "capex": null,
      "gross_margin": null,
      "op_margin": null,
      "fcf_margin": 0.15188726723704077,
      "rev_growth_yoy": -0.38111256462966425,
      "rev_growth_yoy_accel": 0.06222780503516612,
      "fcf_margin_change": 0.03192796276053318
    },
    {
      "date": "2025-06-30T00:00:00",
      "quarter_label": "2025-06 (Q2)",
      "revenue": 11023000000,
      "gross_profit": null,
      "operating_income": null,
      "net_income": 2028000000,
      "opex": 8932000000,
      "cogs": null,
      "rd": 359000000,
      "sga": 1020000000,
      "fcf": 2246000000,
      "ocf": 2246000000,
      "capex": null,
      "gross_margin": null,
      "op_margin": null,
      "fcf_margin": 0.20375578336206115,
      "rev_growth_yoy": 0.21211787992082692,
      "rev_growth_yoy_accel": 0.5932304445504912,
      "op_leverage_ratio": 0.9310835323217937,
      "fcf_margin_change": 0.051868516125020386
    },
    {
      "date": "2025-09-30T00:00:00",
      "quarter_label": "2025-09 (Q3)",
      "revenue": 12181000000,
      "gross_profit": null,
      "operating_income": null,
      "net_income": 2157000000,
      "opex": 9951000000,
      "cogs": null,
      "rd": 415000000,
      "sga": 1195000000,
      "fcf": 2501000000,
      "ocf": 2501000000,
      "capex": null,
      "gross_margin": null,
      "op_margin": null,
      "fcf_margin": 0.20531976028240703,
      "rev_growth_yoy": 0.23765494818126398,
      "rev_growth_yoy_accel": 0.025537068260437057,
      "op_leverage_ratio": 0.9208381048564972,
      "fcf_margin_change": 0.0015639769203458775
    },
    {
      "date": "2025-12-31T00:00:00",
      "quarter_label": "2025-12 (Q4)",
      "revenue": 12717000000,
      "gross_profit": null,
      "operating_income": null,
      "net_income": 2541000000,
      "opex": 10468000000,
      "cogs": null,
      "rd": 448000000,
      "sga": 997000000,
      "fcf": 2281000000,
      "ocf": 2281000000,
      "capex": null,
      "gross_margin": null,
      "op_margin": null,
      "fcf_margin": 0.17936620272076748,
      "rev_growth_yoy": 0.17619311875693675,
      "rev_growth_yoy_accel": -0.061461829424327236,
      "op_leverage_ratio": 0.8469505017564692,
      "fcf_margin_change": -0.025953557561639556
    }
  ],
  "signals": [
    {
      "quarter": "2025-12 (Q4)",
      "signal": "YoY REVENUE GROWTH DECELERATION",
      "detail": "YoY growth: +17.6% vs prior quarter YoY: +23.8% (decel: -6.1%)",
      "severity": "WARNING"
    },
    {
      "quarter": "2025-06 (Q2)",
      "signal": "FCF MARGIN EXPANSION",
      "detail": "FCF margin: +15.2% -> +20.4% (+5.2%)",
      "severity": "MEDIUM"
    },
    {
      "quarter": "2025-06 (Q2)",
      "signal": "YoY REVENUE GROWTH ACCELERATION",
      "detail": "YoY growth: +21.2% vs prior quarter YoY: -38.1% (accel: +59.3%)",
      "severity": "HIGH"
    },
    {
      "quarter": "2025-03 (Q1)",
      "signal": "YoY REVENUE GROWTH ACCELERATION",
      "detail": "YoY growth: -38.1% vs prior quarter YoY: -44.3% (accel: +6.2%)",
      "severity": "MEDIUM"
    },
    {
      "quarter": "2024-09 (Q3)",
      "signal": "FCF MARGIN EXPANSION",
      "detail": "FCF margin: +10.0% -> +15.3% (+5.3%)",
      "severity": "MEDIUM"
    },
    {
      "quarter": "2024-06 (Q2)",
      "signal": "YoY REVENUE GROWTH DECELERATION",
      "detail": "YoY growth: -45.5% vs prior quarter YoY: +10.8% (decel: -56.4%)",
      "severity": "WARNING"
    },
    {
      "quarter": "2024-03 (Q1)",
      "signal": "YoY REVENUE GROWTH ACCELERATION",
      "detail": "YoY growth: +10.8% vs prior quarter YoY: -10.8% (accel: +21.7%)",
      "severity": "HIGH"
    },
    {
      "quarter": "2023-12 (Q4)",
      "signal": "FCF MARGIN EXPANSION",
      "detail": "FCF margin: +10.5% -> +16.2% (+5.7%)",
      "severity": "MEDIUM"
    },
    {
      "quarter": "2023-09 (Q3)",
      "signal": "FCF MARGIN EXPANSION",
      "detail": "FCF margin: +2.9% -> +10.5% (+7.6%)",
      "severity": "MEDIUM"
    },
    {
      "quarter": "2023-09 (Q3)",
      "signal": "OPERATING LEVERAGE",
      "detail": "Rev growth +3.9% vs OpEx growth +2.3% (leverage: 1.7x)",
      "severity": "MEDIUM"
    },
    {
      "quarter": "2023-06 (Q2)",
      "signal": "FCF TURNED POSITIVE",
      "detail": "FCF margin: -3.7% -> +2.9%",
      "severity": "HIGH"
    },
    {
      "quarter": "2023-03 (Q1)",
      "signal": "YoY REVENUE GROWTH DECELERATION",
      "detail": "YoY growth: -15.0% vs prior quarter YoY: +7.3% (decel: -22.3%)",
      "severity": "WARNING"
    },
    {
      "quarter": "2022-12 (Q4)",
      "signal": "FCF MARGIN EXPANSION",
      "detail": "FCF margin: +5.9% -> +20.2% (+14.3%)",
      "severity": "MEDIUM"
    },
    {
      "quarter": "2022-12 (Q4)",
      "signal": "GROSS MARGIN INFLECTION",
      "detail": "GM: +29.0% -> +24.7% -> +29.0% (reversal +4.3%)",
      "severity": "MEDIUM"
    },
    {
      "quarter": "2022-09 (Q3)",
      "signal": "FCF MARGIN EXPANSION",
      "detail": "FCF margin: +0.7% -> +5.9% (+5.2%)",
      "severity": "MEDIUM"
    },
    {
      "quarter": "2022-06 (Q2)",
      "signal": "FCF TURNED POSITIVE",
      "detail": "FCF margin: -4.7% -> +0.7%",
      "severity": "HIGH"
    },
    {
      "quarter": "2022-06 (Q2)",
      "signal": "OPERATING LEVERAGE",
      "detail": "Rev growth +9.4% vs OpEx growth +0.2% (leverage: 39.6x)",
      "severity": "MEDIUM"
    },
    {
      "quarter": "2022-06 (Q2)",
      "signal": "GROSS MARGIN INFLECTION",
      "detail": "GM: +29.4% -> +26.9% -> +29.0% (reversal +2.1%)",
      "severity": "MEDIUM"
    },
    {
      "quarter": "2021-09 (Q3)",
      "signal": "FCF MARGIN EXPANSION",
      "detail": "FCF margin: +1.4% -> +11.1% (+9.7%)",
      "severity": "MEDIUM"
    },
    {
      "quarter": "2021-06 (Q2)",
      "signal": "FCF TURNED POSITIVE",
      "detail": "FCF margin: -13.4% -> +1.4%",
      "severity": "HIGH"
    }
  ],
  "data_quality": {
    "n_quarters": 20,
    "coverage": {
      "revenue": [
        20,
        20
      ],
      "gross_profit": [
        16,
        20
      ],
      "op_income": [
        0,
        20
      ],
      "fcf": [
        20,
        20
      ]
    },
    "gaps": [],
    "warnings": [
      "op_income: no data"
    ]
  },
  "market_cap": null,
  "source": "SEC EDGAR",
  "last_updated": "2026-02-02T19:46:05.872557"
}