{
  "ticker": "GEG",
  "name": "Great Elm Group, Inc.",
  "quarters": [
    {
      "date": "2020-12-31T00:00:00",
      "quarter_label": "2020-12 (Q4)",
      "revenue": 16579000,
      "gross_profit": null,
      "operating_income": -1202000,
      "net_income": -349000,
      "opex": 17781000,
      "cogs": null,
      "rd": null,
      "sga": 1315000,
      "fcf": -3412000,
      "ocf": -3399000,
      "capex": -13000,
      "gross_margin": null,
      "op_margin": -0.07250135713854877,
      "fcf_margin": -0.20580252126183726
    },
    {
      "date": "2021-03-31T00:00:00",
      "quarter_label": "2021-03 (Q1)",
      "revenue": 15121000,
      "gross_profit": null,
      "operating_income": -379000,
      "net_income": -2760000,
      "opex": 15500000,
      "cogs": null,
      "rd": null,
      "sga": 1854000,
      "fcf": -19640000,
      "ocf": -19626000,
      "capex": -14000,
      "gross_margin": null,
      "op_margin": -0.02506447986244296,
      "fcf_margin": -1.298855895774089,
      "fcf_margin_change": -1.0930533745122517
    },
    {
      "date": "2021-06-30T00:00:00",
      "quarter_label": "2021-06 (Q2)",
      "revenue": 16322000,
      "gross_profit": null,
      "operating_income": 429000,
      "net_income": -1219000,
      "opex": 15893000,
      "cogs": null,
      "rd": null,
      "sga": 1310000,
      "fcf": 2110000,
      "ocf": 2326000,
      "capex": -216000,
      "gross_margin": null,
      "op_margin": 0.026283543683372136,
      "fcf_margin": 0.1292733733611077,
      "op_leverage_ratio": 3.1325761840071094,
      "fcf_margin_change": 1.4281292691351968
    },
    {
      "date": "2021-09-30T00:00:00",
      "quarter_label": "2021-09 (Q3)",
      "revenue": 16538000,
      "gross_profit": null,
      "operating_income": 1001000,
      "net_income": -200000,
      "opex": 15537000,
      "cogs": null,
      "rd": null,
      "sga": 1573000,
      "fcf": -1082000,
      "ocf": -1034000,
      "capex": -48000,
      "gross_margin": null,
      "op_margin": 0.060527270528479865,
      "fcf_margin": -0.06542508163018503,
      "op_leverage_ratio": Infinity,
      "fcf_margin_change": -0.19469845499129274
    },
    {
      "date": "2021-12-31T00:00:00",
      "quarter_label": "2021-12 (Q4)",
      "revenue": 16749000,
      "gross_profit": null,
      "operating_income": -1865000,
      "net_income": -4238000,
      "opex": 18614000,
      "cogs": null,
      "rd": null,
      "sga": 1465000,
      "fcf": 4189000,
      "ocf": 4144000,
      "capex": 45000,
      "gross_margin": null,
      "op_margin": -0.11134993133918443,
      "fcf_margin": 0.25010448384978207,
      "rev_growth_yoy": 0.010253935701791422,
      "op_leverage_ratio": 0.06442273185521312,
      "fcf_margin_change": 0.3155295654799671
    },
    {
      "date": "2022-03-31T00:00:00",
      "quarter_label": "2022-03 (Q1)",
      "revenue": 16622000,
      "gross_profit": null,
      "operating_income": -1939000,
      "net_income": -5909000,
      "opex": 18561000,
      "cogs": null,
      "rd": null,
      "sga": 1582000,
      "fcf": 12298000,
      "ocf": 12298000,
      "capex": null,
      "gross_margin": null,
      "op_margin": -0.11665262904584286,
      "fcf_margin": 0.7398628323908074,
      "incr_op_margin_yoy": -1.039307128580946,
      "rev_growth_yoy": 0.09926592156603399,
      "rev_growth_yoy_accel": 0.08901198586424257,
      "fcf_margin_change": 0.48975834854102535
    },
    {
      "date": "2022-06-30T00:00:00",
      "quarter_label": "2022-06 (Q2)",
      "revenue": 18065000,
      "gross_profit": null,
      "operating_income": -1304000,
      "net_income": -4546000,
      "opex": 19369000,
      "cogs": null,
      "rd": null,
      "sga": 1362000,
      "fcf": 13872000,
      "ocf": 13872000,
      "capex": null,
      "gross_margin": null,
      "op_margin": -0.07218378079158594,
      "fcf_margin": 0.7678937171325768,
      "incr_op_margin_yoy": -0.9942627653471027,
      "rev_growth_yoy": 0.10678838377649798,
      "rev_growth_yoy_accel": 0.007522462210463987,
      "op_leverage_ratio": 1.994219979843009,
      "fcf_margin_change": 0.028030884741769402
    },
    {
      "date": "2022-09-30T00:00:00",
      "quarter_label": "2022-09 (Q3)",
      "revenue": 18579000,
      "gross_profit": null,
      "operating_income": -985000,
      "net_income": -8291000,
      "opex": 19564000,
      "cogs": null,
      "rd": null,
      "sga": 1487000,
      "fcf": 1950000,
      "ocf": 2024000,
      "capex": -74000,
      "gross_margin": null,
      "op_margin": -0.0530168469777706,
      "fcf_margin": 0.10495720975294688,
      "incr_op_margin_yoy": -0.9730524252817246,
      "rev_growth_yoy": 0.12341274640222517,
      "rev_growth_yoy_accel": 0.016624362625727196,
      "op_leverage_ratio": 2.82616647859936,
      "fcf_margin_change": -0.66293650737963
    },
    {
      "date": "2022-12-31T00:00:00",
      "quarter_label": "2022-12 (Q4)",
      "revenue": 1879000,
      "gross_profit": null,
      "operating_income": -2788000,
      "net_income": 29530000,
      "opex": 4667000,
      "cogs": null,
      "rd": null,
      "sga": 2061000,
      "fcf": -636000,
      "ocf": -680000,
      "capex": 44000,
      "gross_margin": null,
      "op_margin": -1.4837679616817456,
      "fcf_margin": -0.3384779137839276,
      "incr_op_margin_yoy": 0.06207128446536651,
      "rev_growth_yoy": -0.887814197862559,
      "rev_growth_yoy_accel": -1.011226944264784,
      "fcf_margin_change": -0.4434351235368745
    },
    {
      "date": "2023-03-31T00:00:00",
      "quarter_label": "2023-03 (Q1)",
      "revenue": 1898000,
      "gross_profit": null,
      "operating_income": -2869000,
      "net_income": 11748000,
      "opex": 4767000,
      "cogs": null,
      "rd": null,
      "sga": 1893000,
      "fcf": -4158000,
      "ocf": -4151000,
      "capex": -7000,
      "gross_margin": null,
      "op_margin": -1.51159114857745,
      "fcf_margin": -2.19072708113804,
      "incr_op_margin_yoy": 0.06316218418907905,
      "rev_growth_yoy": -0.8858139814703405,
      "rev_growth_yoy_accel": 0.002000216392218479,
      "op_leverage_ratio": 0.47191591271953165,
      "fcf_margin_change": -1.8522491673541126
    },
    {
      "date": "2023-06-30T00:00:00",
      "quarter_label": "2023-06 (Q2)",
      "revenue": 3026000,
      "gross_profit": null,
      "operating_income": -3598000,
      "net_income": -5257000,
      "opex": 6624000,
      "cogs": null,
      "rd": null,
      "sga": 3039000,
      "fcf": 418000,
      "ocf": 434000,
      "capex": -16000,
      "gross_margin": null,
      "op_margin": -1.1890284203569068,
      "fcf_margin": 0.1381361533377396,
      "incr_op_margin_yoy": 0.15253673781501428,
      "rev_growth_yoy": -0.832493772488237,
      "rev_growth_yoy_accel": 0.053320208982103545,
      "op_leverage_ratio": 1.5256191791035882,
      "fcf_margin_change": 2.32886323447578
    },
    {
      "date": "2023-09-30T00:00:00",
      "quarter_label": "2023-09 (Q3)",
      "revenue": 3310000,
      "gross_profit": 3310000,
      "operating_income": -1450000,
      "net_income": 2774000,
      "opex": 4760000,
      "cogs": 0,
      "rd": null,
      "sga": 1715000,
      "fcf": -6126000,
      "ocf": -6126000,
      "capex": null,
      "gross_margin": 1.0,
      "op_margin": -0.4380664652567976,
      "fcf_margin": -1.8507552870090636,
      "incr_op_margin_yoy": 0.030453860763638745,
      "rev_growth_yoy": -0.8218418644706389,
      "rev_growth_yoy_accel": 0.010651908017598077,
      "op_leverage_ratio": Infinity,
      "fcf_margin_change": -1.9888914403468032
    },
    {
      "date": "2023-12-31T00:00:00",
      "quarter_label": "2023-12 (Q4)",
      "revenue": 2819000,
      "gross_profit": 2819000,
      "operating_income": -2696000,
      "net_income": -350000,
      "opex": 5515000,
      "cogs": 0,
      "rd": null,
      "sga": 2393000,
      "fcf": -13783000,
      "ocf": -13783000,
      "capex": null,
      "gross_margin": 1.0,
      "op_margin": -0.9563675062078751,
      "fcf_margin": -4.889322454771196,
      "rev_growth_yoy": 0.5002660989888238,
      "rev_growth_yoy_accel": 1.3221079634594628,
      "fcf_margin_change": -3.038567167762132
    },
    {
      "date": "2024-03-31T00:00:00",
      "quarter_label": "2024-03 (Q1)",
      "revenue": 2787000,
      "gross_profit": null,
      "operating_income": -1869000,
      "net_income": -3100000,
      "opex": 4656000,
      "cogs": null,
      "rd": null,
      "sga": 1630000,
      "fcf": 1372000,
      "ocf": 1372000,
      "capex": null,
      "gross_margin": null,
      "op_margin": -0.6706135629709364,
      "fcf_margin": 0.49228561176892716,
      "rev_growth_yoy": 0.4683877766069547,
      "rev_growth_yoy_accel": -0.031878322381869106,
      "fcf_margin_change": 5.381608066540123
    },
    {
      "date": "2024-06-30T00:00:00",
      "quarter_label": "2024-06 (Q2)",
      "revenue": 8918000,
      "gross_profit": null,
      "operating_income": -1823000,
      "net_income": -712000,
      "opex": 5215000,
      "cogs": null,
      "rd": null,
      "sga": 1916000,
      "fcf": 2982000,
      "ocf": 2982000,
      "capex": null,
      "gross_margin": null,
      "op_margin": -0.2044180309486432,
      "fcf_margin": 0.33437990580847726,
      "incr_op_margin_yoy": 0.3012559402579769,
      "rev_growth_yoy": 1.9471249173826835,
      "rev_growth_yoy_accel": 1.4787371407757288,
      "op_leverage_ratio": 18.322954838237585,
      "fcf_margin_change": -0.1579057059604499
    },
    {
      "date": "2024-09-30T00:00:00",
      "quarter_label": "2024-09 (Q3)",
      "revenue": 3992000,
      "gross_profit": 3357000,
      "operating_income": -1996000,
      "net_income": 2639000,
      "opex": 5353000,
      "cogs": 635000,
      "rd": null,
      "sga": 2006000,
      "fcf": -5787000,
      "ocf": -5787000,
      "capex": null,
      "gross_margin": 0.8409318637274549,
      "op_margin": -0.5,
      "fcf_margin": -1.4496492985971945,
      "rev_growth_yoy": 0.20604229607250754,
      "rev_growth_yoy_accel": -1.741082621310176,
      "fcf_margin_change": -1.7840292044056718
    },
    {
      "date": "2024-12-31T00:00:00",
      "quarter_label": "2024-12 (Q4)",
      "revenue": 3507000,
      "gross_profit": 3049000,
      "operating_income": -1977000,
      "net_income": 1176000,
      "opex": 5026000,
      "cogs": 458000,
      "rd": null,
      "sga": 1306000,
      "fcf": -4044000,
      "ocf": -4044000,
      "capex": null,
      "gross_margin": 0.8694040490447676,
      "op_margin": -0.5637296834901625,
      "fcf_margin": -1.1531223267750215,
      "rev_growth_yoy": 0.2440581766583895,
      "rev_growth_yoy_accel": 0.038015880585881956,
      "fcf_margin_change": 0.296526971822173
    },
    {
      "date": "2025-03-31T00:00:00",
      "quarter_label": "2025-03 (Q1)",
      "revenue": 3209000,
      "gross_profit": null,
      "operating_income": -2555000,
      "net_income": -4497000,
      "opex": 5775000,
      "cogs": null,
      "rd": null,
      "sga": 1362000,
      "fcf": -1345000,
      "ocf": -1345000,
      "capex": null,
      "gross_margin": null,
      "op_margin": -0.7961981925833593,
      "fcf_margin": -0.4191336865066999,
      "rev_growth_yoy": 0.1514172945819878,
      "rev_growth_yoy_accel": -0.0926408820764017,
      "fcf_margin_change": 0.7339886402683216
    },
    {
      "date": "2025-06-30T00:00:00",
      "quarter_label": "2025-06 (Q2)",
      "revenue": 5608000,
      "gross_profit": null,
      "operating_income": -1475000,
      "net_income": 13573000,
      "opex": 7083000,
      "cogs": null,
      "rd": null,
      "sga": 1913000,
      "fcf": 2170000,
      "ocf": 2170000,
      "capex": null,
      "gross_margin": null,
      "op_margin": -0.2630171184022825,
      "fcf_margin": 0.3869472182596291,
      "incr_op_margin_yoy": -0.10513595166163142,
      "rev_growth_yoy": -0.3711594527921058,
      "rev_growth_yoy_accel": -0.5225767473740937,
      "op_leverage_ratio": 3.3006902890665875,
      "fcf_margin_change": 0.806080904766329
    },
    {
      "date": "2025-09-30T00:00:00",
      "quarter_label": "2025-09 (Q3)",
      "revenue": 10788000,
      "gross_profit": 4040000,
      "operating_income": -3726000,
      "net_income": null,
      "opex": 7766000,
      "cogs": 6748000,
      "rd": null,
      "sga": 2166000,
      "fcf": 3814000,
      "ocf": 3814000,
      "capex": null,
      "gross_margin": 0.37449017426770487,
      "op_margin": -0.3453837597330367,
      "fcf_margin": 0.353540971449759,
      "incr_op_margin_yoy": -0.25456150676868744,
      "rev_growth_yoy": 1.7024048096192386,
      "rev_growth_yoy_accel": 2.0735642624113444,
      "op_leverage_ratio": 9.578958526096372,
      "fcf_margin_change": -0.03340624680987009
    }
  ],
  "signals": [
    {
      "quarter": "2025-09 (Q3)",
      "signal": "OPERATING LEVERAGE",
      "detail": "Rev growth +92.4% vs OpEx growth +9.6% (leverage: 9.6x)",
      "severity": "MEDIUM"
    },
    {
      "quarter": "2025-09 (Q3)",
      "signal": "YoY REVENUE GROWTH ACCELERATION",
      "detail": "YoY growth: +170.2% vs prior quarter YoY: -37.1% (accel: +207.4%)",
      "severity": "HIGH"
    },
    {
      "quarter": "2025-06 (Q2)",
      "signal": "FCF TURNED POSITIVE",
      "detail": "FCF margin: -41.9% -> +38.7%",
      "severity": "HIGH"
    },
    {
      "quarter": "2025-06 (Q2)",
      "signal": "OPERATING LEVERAGE",
      "detail": "Rev growth +74.8% vs OpEx growth +22.6% (leverage: 3.3x)",
      "severity": "MEDIUM"
    },
    {
      "quarter": "2025-06 (Q2)",
      "signal": "YoY REVENUE GROWTH DECELERATION",
      "detail": "YoY growth: -37.1% vs prior quarter YoY: +15.1% (decel: -52.3%)",
      "severity": "WARNING"
    },
    {
      "quarter": "2025-03 (Q1)",
      "signal": "FCF MARGIN EXPANSION",
      "detail": "FCF margin: -115.3% -> -41.9% (+73.4%)",
      "severity": "MEDIUM"
    },
    {
      "quarter": "2025-03 (Q1)",
      "signal": "YoY REVENUE GROWTH DECELERATION",
      "detail": "YoY growth: +15.1% vs prior quarter YoY: +24.4% (decel: -9.3%)",
      "severity": "WARNING"
    },
    {
      "quarter": "2024-12 (Q4)",
      "signal": "FCF MARGIN EXPANSION",
      "detail": "FCF margin: -145.0% -> -115.3% (+29.7%)",
      "severity": "MEDIUM"
    },
    {
      "quarter": "2024-09 (Q3)",
      "signal": "YoY REVENUE GROWTH DECELERATION",
      "detail": "YoY growth: +20.6% vs prior quarter YoY: +194.7% (decel: -174.1%)",
      "severity": "WARNING"
    },
    {
      "quarter": "2024-06 (Q2)",
      "signal": "OPERATING LEVERAGE",
      "detail": "Rev growth +220.0% vs OpEx growth +12.0% (leverage: 18.3x)",
      "severity": "MEDIUM"
    },
    {
      "quarter": "2024-06 (Q2)",
      "signal": "YoY REVENUE GROWTH ACCELERATION",
      "detail": "YoY growth: +194.7% vs prior quarter YoY: +46.8% (accel: +147.9%)",
      "severity": "HIGH"
    },
    {
      "quarter": "2024-03 (Q1)",
      "signal": "FCF TURNED POSITIVE",
      "detail": "FCF margin: -488.9% -> +49.2%",
      "severity": "HIGH"
    },
    {
      "quarter": "2023-12 (Q4)",
      "signal": "YoY REVENUE GROWTH ACCELERATION",
      "detail": "YoY growth: +50.0% vs prior quarter YoY: -82.2% (accel: +132.2%)",
      "severity": "HIGH"
    },
    {
      "quarter": "2023-06 (Q2)",
      "signal": "FCF TURNED POSITIVE",
      "detail": "FCF margin: -219.1% -> +13.8%",
      "severity": "HIGH"
    },
    {
      "quarter": "2023-06 (Q2)",
      "signal": "OPERATING LEVERAGE",
      "detail": "Rev growth +59.4% vs OpEx growth +39.0% (leverage: 1.5x)",
      "severity": "MEDIUM"
    },
    {
      "quarter": "2023-06 (Q2)",
      "signal": "YoY REVENUE GROWTH ACCELERATION",
      "detail": "YoY growth: -83.2% vs prior quarter YoY: -88.6% (accel: +5.3%)",
      "severity": "MEDIUM"
    },
    {
      "quarter": "2022-12 (Q4)",
      "signal": "YoY REVENUE GROWTH DECELERATION",
      "detail": "YoY growth: -88.8% vs prior quarter YoY: +12.3% (decel: -101.1%)",
      "severity": "WARNING"
    },
    {
      "quarter": "2022-09 (Q3)",
      "signal": "OPERATING LEVERAGE",
      "detail": "Rev growth +2.8% vs OpEx growth +1.0% (leverage: 2.8x)",
      "severity": "MEDIUM"
    },
    {
      "quarter": "2022-06 (Q2)",
      "signal": "OPERATING LEVERAGE",
      "detail": "Rev growth +8.7% vs OpEx growth +4.4% (leverage: 2.0x)",
      "severity": "MEDIUM"
    },
    {
      "quarter": "2022-03 (Q1)",
      "signal": "FCF MARGIN EXPANSION",
      "detail": "FCF margin: +25.0% -> +74.0% (+49.0%)",
      "severity": "MEDIUM"
    },
    {
      "quarter": "2022-03 (Q1)",
      "signal": "YoY REVENUE GROWTH ACCELERATION",
      "detail": "YoY growth: +9.9% vs prior quarter YoY: +1.0% (accel: +8.9%)",
      "severity": "MEDIUM"
    },
    {
      "quarter": "2021-12 (Q4)",
      "signal": "FCF TURNED POSITIVE",
      "detail": "FCF margin: -6.5% -> +25.0%",
      "severity": "HIGH"
    },
    {
      "quarter": "2021-06 (Q2)",
      "signal": "FCF TURNED POSITIVE",
      "detail": "FCF margin: -129.9% -> +12.9%",
      "severity": "HIGH"
    },
    {
      "quarter": "2021-06 (Q2)",
      "signal": "OPERATING LEVERAGE",
      "detail": "Rev growth +7.9% vs OpEx growth +2.5% (leverage: 3.1x)",
      "severity": "MEDIUM"
    },
    {
      "quarter": "2021-06 (Q2)",
      "signal": "OP MARGIN TURNED POSITIVE (QoQ)",
      "detail": "Op margin: -2.5% -> +2.6%",
      "severity": "HIGH"
    }
  ],
  "data_quality": {
    "n_quarters": 20,
    "coverage": {
      "revenue": [
        20,
        20
      ],
      "gross_profit": [
        5,
        20
      ],
      "op_income": [
        20,
        20
      ],
      "fcf": [
        20,
        20
      ]
    },
    "gaps": [],
    "warnings": [
      "gross_profit: 5/20Q"
    ]
  },
  "market_cap": null,
  "source": "SEC EDGAR",
  "last_updated": "2026-02-02T23:29:39.611719"
}