{
  "ticker": "GEHC",
  "name": "GE HEALTHCARE TECHNOLOGIES INC.",
  "quarters": [
    {
      "date": "2022-03-31T00:00:00",
      "quarter_label": "2022-03 (Q1)",
      "revenue": 4343000000,
      "gross_profit": 1678000000,
      "operating_income": 509000000,
      "net_income": 389000000,
      "opex": 1169000000,
      "cogs": null,
      "rd": 238000000,
      "sga": 931000000,
      "fcf": 368000000,
      "ocf": 468000000,
      "capex": -100000000,
      "gross_margin": 0.38636886944508403,
      "op_margin": 0.11720009210223348,
      "fcf_margin": 0.08473405480082892
    },
    {
      "date": "2022-06-30T00:00:00",
      "quarter_label": "2022-06 (Q2)",
      "revenue": 4484000000,
      "gross_profit": 1796000000,
      "operating_income": 631000000,
      "net_income": 485000000,
      "opex": 1165000000,
      "cogs": null,
      "rd": 257000000,
      "sga": 908000000,
      "fcf": -78000000,
      "ocf": -19000000,
      "capex": -59000000,
      "gross_margin": 0.4005352363960749,
      "op_margin": 0.14072256913470116,
      "fcf_margin": -0.017395182872435324,
      "op_leverage_ratio": Infinity,
      "fcf_margin_change": -0.10212923767326425
    },
    {
      "date": "2022-09-30T00:00:00",
      "quarter_label": "2022-09 (Q3)",
      "revenue": 4576000000,
      "gross_profit": 1773000000,
      "operating_income": 605000000,
      "net_income": 487000000,
      "opex": 1168000000,
      "cogs": null,
      "rd": 260000000,
      "sga": 908000000,
      "fcf": 622000000,
      "ocf": 622000000,
      "capex": null,
      "gross_margin": 0.3874562937062937,
      "op_margin": 0.13221153846153846,
      "fcf_margin": 0.13592657342657344,
      "op_leverage_ratio": 7.967588462682129,
      "fcf_margin_change": 0.15332175629900877
    },
    {
      "date": "2022-12-31T00:00:00",
      "quarter_label": "2022-12 (Q4)",
      "revenue": 4938000000,
      "gross_profit": 1932000000,
      "operating_income": 777000000,
      "net_income": 554000000,
      "opex": 1155000000,
      "cogs": null,
      "rd": 271000000,
      "sga": 884000000,
      "fcf": null,
      "ocf": null,
      "capex": null,
      "gross_margin": 0.39125151883353587,
      "op_margin": 0.15735115431348723,
      "fcf_margin": null,
      "op_leverage_ratio": Infinity
    },
    {
      "date": "2023-03-31T00:00:00",
      "quarter_label": "2023-03 (Q1)",
      "revenue": 4707000000,
      "gross_profit": 1891000000,
      "operating_income": 559000000,
      "net_income": 372000000,
      "opex": 1332000000,
      "cogs": null,
      "rd": 270000000,
      "sga": 1062000000,
      "fcf": 325000000,
      "ocf": 468000000,
      "capex": -143000000,
      "gross_margin": 0.4017420862545146,
      "op_margin": 0.11875929466751646,
      "fcf_margin": 0.06904610155088167,
      "incr_op_margin_yoy": 0.13736263736263737,
      "rev_growth_yoy": 0.0838130324660373
    },
    {
      "date": "2023-06-30T00:00:00",
      "quarter_label": "2023-06 (Q2)",
      "revenue": 4817000000,
      "gross_profit": 1940000000,
      "operating_income": 570000000,
      "net_income": 418000000,
      "opex": 1370000000,
      "cogs": null,
      "rd": 298000000,
      "sga": 1072000000,
      "fcf": -137000000,
      "ocf": -67000000,
      "capex": -70000000,
      "gross_margin": 0.4027402947892879,
      "op_margin": 0.11833091135561553,
      "fcf_margin": -0.02844093834336724,
      "incr_op_margin_yoy": -0.1831831831831832,
      "rev_growth_yoy": 0.07426404995539697,
      "rev_growth_yoy_accel": -0.009548982510640333,
      "op_leverage_ratio": 0.8191607124886786,
      "fcf_margin_change": -0.09748703989424891
    },
    {
      "date": "2023-09-30T00:00:00",
      "quarter_label": "2023-09 (Q3)",
      "revenue": 4822000000,
      "gross_profit": 1935000000,
      "operating_income": 617000000,
      "net_income": 375000000,
      "opex": 1318000000,
      "cogs": null,
      "rd": 322000000,
      "sga": 996000000,
      "fcf": 650000000,
      "ocf": 650000000,
      "capex": null,
      "gross_margin": 0.4012857735379511,
      "op_margin": 0.12795520530900042,
      "fcf_margin": 0.13479883865615927,
      "incr_op_margin_yoy": 0.04878048780487805,
      "rev_growth_yoy": 0.053758741258741256,
      "rev_growth_yoy_accel": -0.020505308696655712,
      "fcf_margin_change": 0.16323977699952652
    },
    {
      "date": "2023-12-31T00:00:00",
      "quarter_label": "2023-12 (Q4)",
      "revenue": 5206000000,
      "gross_profit": 2156000000,
      "operating_income": 689000000,
      "net_income": 403000000,
      "opex": 1467000000,
      "cogs": null,
      "rd": 315000000,
      "sga": 1152000000,
      "fcf": null,
      "ocf": null,
      "capex": null,
      "gross_margin": 0.41413753361505956,
      "op_margin": 0.1323472915866308,
      "fcf_margin": null,
      "incr_op_margin_yoy": -0.3283582089552239,
      "rev_growth_yoy": 0.05427298501417578,
      "rev_growth_yoy_accel": 0.000514243755434525,
      "op_leverage_ratio": 0.704422404026289
    },
    {
      "date": "2024-03-31T00:00:00",
      "quarter_label": "2024-03 (Q1)",
      "revenue": 4650000000,
      "gross_profit": 1902000000,
      "operating_income": 540000000,
      "net_income": 374000000,
      "opex": 1362000000,
      "cogs": null,
      "rd": 324000000,
      "sga": 1038000000,
      "fcf": 419000000,
      "ocf": 419000000,
      "capex": null,
      "gross_margin": 0.40903225806451615,
      "op_margin": 0.11612903225806452,
      "fcf_margin": 0.09010752688172043,
      "incr_op_margin_yoy": 0.3333333333333333,
      "rev_growth_yoy": -0.012109623964308477,
      "rev_growth_yoy_accel": -0.06638260897848426
    },
    {
      "date": "2024-06-30T00:00:00",
      "quarter_label": "2024-06 (Q2)",
      "revenue": 4839000000,
      "gross_profit": 2002000000,
      "operating_income": 608000000,
      "net_income": 428000000,
      "opex": 1395000000,
      "cogs": null,
      "rd": 327000000,
      "sga": 1067000000,
      "fcf": -119000000,
      "ocf": -119000000,
      "capex": null,
      "gross_margin": 0.4137218433560653,
      "op_margin": 0.1256457945856582,
      "fcf_margin": -0.024591857821864023,
      "incr_op_margin_yoy": 1.7272727272727273,
      "rev_growth_yoy": 0.004567157982146564,
      "rev_growth_yoy_accel": 0.01667678194645504,
      "op_leverage_ratio": 1.6775366568914953,
      "fcf_margin_change": -0.11469938470358446
    },
    {
      "date": "2024-09-30T00:00:00",
      "quarter_label": "2024-09 (Q3)",
      "revenue": 4863000000,
      "gross_profit": 2026000000,
      "operating_income": 676000000,
      "net_income": 470000000,
      "opex": 1350000000,
      "cogs": null,
      "rd": 316000000,
      "sga": 1034000000,
      "fcf": null,
      "ocf": null,
      "capex": null,
      "gross_margin": 0.4166152580711495,
      "op_margin": 0.13900884227842894,
      "fcf_margin": null,
      "incr_op_margin_yoy": 1.4390243902439024,
      "rev_growth_yoy": 0.008502695976773124,
      "rev_growth_yoy_accel": 0.003935537994626559
    },
    {
      "date": "2024-12-31T00:00:00",
      "quarter_label": "2024-12 (Q4)",
      "revenue": 5319000000,
      "gross_profit": 2275000000,
      "operating_income": 801000000,
      "net_income": 721000000,
      "opex": 1474000000,
      "cogs": null,
      "rd": 344000000,
      "sga": 1130000000,
      "fcf": null,
      "ocf": null,
      "capex": null,
      "gross_margin": 0.42771197593532617,
      "op_margin": 0.1505922165820643,
      "fcf_margin": null,
      "incr_op_margin_yoy": 0.9911504424778761,
      "rev_growth_yoy": 0.021705724164425663,
      "rev_growth_yoy_accel": 0.01320302818765254,
      "op_leverage_ratio": 1.0208752064635531
    },
    {
      "date": "2025-03-31T00:00:00",
      "quarter_label": "2025-03 (Q1)",
      "revenue": 4777000000,
      "gross_profit": 2012000000,
      "operating_income": 629000000,
      "net_income": 564000000,
      "opex": 1383000000,
      "cogs": null,
      "rd": 344000000,
      "sga": 1040000000,
      "fcf": 250000000,
      "ocf": 250000000,
      "capex": null,
      "gross_margin": 0.42118484404437934,
      "op_margin": 0.13167259786476868,
      "fcf_margin": 0.052334100900146535,
      "incr_op_margin_yoy": 0.7007874015748031,
      "rev_growth_yoy": 0.02731182795698925,
      "rev_growth_yoy_accel": 0.005606103792563585
    },
    {
      "date": "2025-06-30T00:00:00",
      "quarter_label": "2025-06 (Q2)",
      "revenue": 5007000000,
      "gross_profit": 1985000000,
      "operating_income": 654000000,
      "net_income": 486000000,
      "opex": 1331000000,
      "cogs": null,
      "rd": 302000000,
      "sga": 1029000000,
      "fcf": 94000000,
      "ocf": 94000000,
      "capex": null,
      "gross_margin": 0.396444977032155,
      "op_margin": 0.13061713600958658,
      "fcf_margin": 0.018773716796484922,
      "incr_op_margin_yoy": 0.27380952380952384,
      "rev_growth_yoy": 0.0347179169249845,
      "rev_growth_yoy_accel": 0.007406088967995252,
      "op_leverage_ratio": Infinity,
      "fcf_margin_change": -0.03356038410366161
    },
    {
      "date": "2025-09-30T00:00:00",
      "quarter_label": "2025-09 (Q3)",
      "revenue": 5143000000,
      "gross_profit": 1990000000,
      "operating_income": 653000000,
      "net_income": 446000000,
      "opex": 1337000000,
      "cogs": null,
      "rd": 292000000,
      "sga": 1045000000,
      "fcf": null,
      "ocf": null,
      "capex": null,
      "gross_margin": 0.38693369628621427,
      "op_margin": 0.12696869531401905,
      "fcf_margin": null,
      "incr_op_margin_yoy": -0.08214285714285714,
      "rev_growth_yoy": 0.057577626979230925,
      "rev_growth_yoy_accel": 0.022859710054246425,
      "op_leverage_ratio": 6.0254310631782175
    }
  ],
  "signals": [
    {
      "quarter": "2025-09 (Q3)",
      "signal": "OPERATING LEVERAGE",
      "detail": "Rev growth +2.7% vs OpEx growth +0.5% (leverage: 6.0x)",
      "severity": "MEDIUM"
    },
    {
      "quarter": "2025-06 (Q2)",
      "signal": "INCREMENTAL MARGIN (YoY)",
      "detail": "YoY Incr OPM: +27.4% vs year-ago OPM: +12.6%",
      "severity": "MEDIUM"
    },
    {
      "quarter": "2025-03 (Q1)",
      "signal": "INCREMENTAL MARGIN (YoY)",
      "detail": "YoY Incr OPM: +70.1% vs year-ago OPM: +11.6%",
      "severity": "HIGH"
    },
    {
      "quarter": "2024-12 (Q4)",
      "signal": "INCREMENTAL MARGIN (YoY)",
      "detail": "YoY Incr OPM: +99.1% vs year-ago OPM: +13.2%",
      "severity": "HIGH"
    },
    {
      "quarter": "2024-09 (Q3)",
      "signal": "INCREMENTAL MARGIN (YoY)",
      "detail": "YoY Incr OPM: +143.9% vs year-ago OPM: +12.8%",
      "severity": "HIGH"
    },
    {
      "quarter": "2024-06 (Q2)",
      "signal": "OPERATING LEVERAGE",
      "detail": "Rev growth +4.1% vs OpEx growth +2.4% (leverage: 1.7x)",
      "severity": "MEDIUM"
    },
    {
      "quarter": "2024-06 (Q2)",
      "signal": "INCREMENTAL MARGIN (YoY)",
      "detail": "YoY Incr OPM: +172.7% vs year-ago OPM: +11.8%",
      "severity": "HIGH"
    },
    {
      "quarter": "2024-03 (Q1)",
      "signal": "YoY REVENUE GROWTH DECELERATION",
      "detail": "YoY growth: -1.2% vs prior quarter YoY: +5.4% (decel: -6.6%)",
      "severity": "WARNING"
    },
    {
      "quarter": "2024-03 (Q1)",
      "signal": "INCREMENTAL MARGIN (YoY)",
      "detail": "YoY Incr OPM: +33.3% vs year-ago OPM: +11.9%",
      "severity": "HIGH"
    },
    {
      "quarter": "2023-09 (Q3)",
      "signal": "FCF TURNED POSITIVE",
      "detail": "FCF margin: -2.8% -> +13.5%",
      "severity": "HIGH"
    },
    {
      "quarter": "2022-09 (Q3)",
      "signal": "FCF TURNED POSITIVE",
      "detail": "FCF margin: -1.7% -> +13.6%",
      "severity": "HIGH"
    },
    {
      "quarter": "2022-09 (Q3)",
      "signal": "OPERATING LEVERAGE",
      "detail": "Rev growth +2.1% vs OpEx growth +0.3% (leverage: 8.0x)",
      "severity": "MEDIUM"
    }
  ],
  "data_quality": {
    "n_quarters": 15,
    "coverage": {
      "revenue": [
        15,
        15
      ],
      "gross_profit": [
        15,
        15
      ],
      "op_income": [
        15,
        15
      ],
      "fcf": [
        10,
        15
      ]
    },
    "gaps": [],
    "warnings": [
      "fcf: 10/15Q"
    ]
  },
  "market_cap": null,
  "source": "SEC EDGAR",
  "last_updated": "2026-02-02T20:05:17.894486"
}