{
  "ticker": "GEL",
  "name": "GENESIS ENERGY LP",
  "quarters": [
    {
      "date": "2020-12-31T00:00:00",
      "quarter_label": "2020-12 (Q4)",
      "revenue": 453140000,
      "gross_profit": null,
      "operating_income": -30932000,
      "net_income": -85156000,
      "opex": 484072000,
      "cogs": null,
      "rd": null,
      "sga": null,
      "fcf": 1117000,
      "ocf": 1117000,
      "capex": null,
      "gross_margin": null,
      "op_margin": -0.06826146444807345,
      "fcf_margin": 0.0024650218475526326
    },
    {
      "date": "2021-03-31T00:00:00",
      "quarter_label": "2021-03 (Q1)",
      "revenue": 521219000,
      "gross_profit": null,
      "operating_income": 28021000,
      "net_income": -34224000,
      "opex": 493198000,
      "cogs": null,
      "rd": null,
      "sga": null,
      "fcf": 77159000,
      "ocf": 77159000,
      "capex": null,
      "gross_margin": null,
      "op_margin": 0.053760511416506306,
      "fcf_margin": 0.14803566255259307,
      "op_leverage_ratio": 7.96911815013811,
      "fcf_margin_change": 0.14557064070504044
    },
    {
      "date": "2021-06-30T00:00:00",
      "quarter_label": "2021-06 (Q2)",
      "revenue": 503855000,
      "gross_profit": null,
      "operating_income": 25537000,
      "net_income": -41682000,
      "opex": 478318000,
      "cogs": null,
      "rd": null,
      "sga": null,
      "fcf": 111025000,
      "ocf": 111025000,
      "capex": null,
      "gross_margin": null,
      "op_margin": 0.050683232279127924,
      "fcf_margin": 0.2203510930724117,
      "fcf_margin_change": 0.07231543051981865
    },
    {
      "date": "2021-09-30T00:00:00",
      "quarter_label": "2021-09 (Q3)",
      "revenue": 518821000,
      "gross_profit": null,
      "operating_income": 34494000,
      "net_income": -20899000,
      "opex": 484327000,
      "cogs": null,
      "rd": null,
      "sga": null,
      "fcf": 54173000,
      "ocf": 54173000,
      "capex": null,
      "gross_margin": null,
      "op_margin": 0.06648535814857147,
      "fcf_margin": 0.10441558842066917,
      "op_leverage_ratio": 2.3643659087552953,
      "fcf_margin_change": -0.11593550465174254
    },
    {
      "date": "2021-12-31T00:00:00",
      "quarter_label": "2021-12 (Q4)",
      "revenue": 581581000,
      "gross_profit": null,
      "operating_income": -12356000,
      "net_income": -68262000,
      "opex": 593937000,
      "cogs": null,
      "rd": null,
      "sga": null,
      "fcf": 95594000,
      "ocf": 95594000,
      "capex": null,
      "gross_margin": null,
      "op_margin": -0.02124553587548424,
      "fcf_margin": 0.16436919362909036,
      "incr_op_margin_yoy": 0.14462671576832942,
      "rev_growth_yoy": 0.2834466169395772,
      "op_leverage_ratio": 0.5345076080886384,
      "fcf_margin_change": 0.05995360520842119
    },
    {
      "date": "2022-03-31T00:00:00",
      "quarter_label": "2022-03 (Q1)",
      "revenue": 631947000,
      "gross_profit": null,
      "operating_income": 51671000,
      "net_income": -5250000,
      "opex": 580276000,
      "cogs": null,
      "rd": null,
      "sga": null,
      "fcf": 54245000,
      "ocf": 54245000,
      "capex": null,
      "gross_margin": null,
      "op_margin": 0.08176476824797016,
      "fcf_margin": 0.08583789463356896,
      "incr_op_margin_yoy": 0.2135864460660357,
      "rev_growth_yoy": 0.21244045209403342,
      "rev_growth_yoy_accel": -0.07100616484554376,
      "op_leverage_ratio": Infinity,
      "fcf_margin_change": -0.0785312989955214
    },
    {
      "date": "2022-06-30T00:00:00",
      "quarter_label": "2022-06 (Q2)",
      "revenue": 721725000,
      "gross_profit": null,
      "operating_income": 96585000,
      "net_income": 35347000,
      "opex": 625140000,
      "cogs": null,
      "rd": null,
      "sga": null,
      "fcf": 104042000,
      "ocf": 104042000,
      "capex": null,
      "gross_margin": null,
      "op_margin": 0.1338252104333368,
      "fcf_margin": 0.1441574006720011,
      "incr_op_margin_yoy": 0.3261027218065819,
      "rev_growth_yoy": 0.4324061485943377,
      "rev_growth_yoy_accel": 0.21996569650030426,
      "op_leverage_ratio": 1.8374938176763937,
      "fcf_margin_change": 0.05831950603843215
    },
    {
      "date": "2022-09-30T00:00:00",
      "quarter_label": "2022-09 (Q3)",
      "revenue": 721248000,
      "gross_profit": null,
      "operating_income": 75095000,
      "net_income": 3385000,
      "opex": 646153000,
      "cogs": null,
      "rd": null,
      "sga": null,
      "fcf": 94308000,
      "ocf": 94308000,
      "capex": null,
      "gross_margin": null,
      "op_margin": 0.10411813966901814,
      "fcf_margin": 0.1307566884067616,
      "incr_op_margin_yoy": 0.2005710700647641,
      "rev_growth_yoy": 0.39016732167741863,
      "rev_growth_yoy_accel": -0.04223882691691905,
      "fcf_margin_change": -0.013400712265239506
    },
    {
      "date": "2022-12-31T00:00:00",
      "quarter_label": "2022-12 (Q4)",
      "revenue": 714037000,
      "gross_profit": null,
      "operating_income": 91661000,
      "net_income": 41975000,
      "opex": 622376000,
      "cogs": null,
      "rd": null,
      "sga": null,
      "fcf": 81800000,
      "ocf": 81800000,
      "capex": null,
      "gross_margin": null,
      "op_margin": 0.12837009846828665,
      "fcf_margin": 0.11455988975361221,
      "incr_op_margin_yoy": 0.7852947393851543,
      "rev_growth_yoy": 0.22775159436088868,
      "rev_growth_yoy_accel": -0.16241572731652995,
      "fcf_margin_change": -0.016196798653149394
    },
    {
      "date": "2023-03-31T00:00:00",
      "quarter_label": "2023-03 (Q1)",
      "revenue": 790612000,
      "gross_profit": null,
      "operating_income": 49381000,
      "net_income": -1644000,
      "opex": 741231000,
      "cogs": null,
      "rd": null,
      "sga": null,
      "fcf": 97657000,
      "ocf": 97657000,
      "capex": null,
      "gross_margin": null,
      "op_margin": 0.0624592088154493,
      "fcf_margin": 0.12352076619125436,
      "incr_op_margin_yoy": -0.014432924715595753,
      "rev_growth_yoy": 0.2510732703850165,
      "rev_growth_yoy_accel": 0.023321676024127797,
      "op_leverage_ratio": 0.5615671171578053,
      "fcf_margin_change": 0.008960876437642151
    },
    {
      "date": "2023-06-30T00:00:00",
      "quarter_label": "2023-06 (Q2)",
      "revenue": 804662000,
      "gross_profit": null,
      "operating_income": 102784000,
      "net_income": 49344000,
      "opex": 701878000,
      "cogs": null,
      "rd": null,
      "sga": null,
      "fcf": 157664000,
      "ocf": 157664000,
      "capex": null,
      "gross_margin": null,
      "op_margin": 0.12773562067054242,
      "fcf_margin": 0.19593817031250388,
      "incr_op_margin_yoy": 0.07474347999083641,
      "rev_growth_yoy": 0.11491496068447123,
      "rev_growth_yoy_accel": -0.13615830970054527,
      "op_leverage_ratio": Infinity,
      "fcf_margin_change": 0.07241740412124952
    },
    {
      "date": "2023-09-30T00:00:00",
      "quarter_label": "2023-09 (Q3)",
      "revenue": 807618000,
      "gross_profit": null,
      "operating_income": 111694000,
      "net_income": 58070000,
      "opex": 695924000,
      "cogs": null,
      "rd": null,
      "sga": null,
      "fcf": 141043000,
      "ocf": 141043000,
      "capex": null,
      "gross_margin": null,
      "op_margin": 0.13830053317286142,
      "fcf_margin": 0.17464073361415916,
      "incr_op_margin_yoy": 0.4237466712979044,
      "rev_growth_yoy": 0.1197507653400772,
      "rev_growth_yoy_accel": 0.004835804655605971,
      "fcf_margin_change": -0.02129743669834472
    },
    {
      "date": "2023-12-31T00:00:00",
      "quarter_label": "2023-12 (Q4)",
      "revenue": 774104000,
      "gross_profit": null,
      "operating_income": 65561000,
      "net_income": 11950000,
      "opex": 708543000,
      "cogs": null,
      "rd": null,
      "sga": null,
      "fcf": 124762000,
      "ocf": 124762000,
      "capex": null,
      "gross_margin": null,
      "op_margin": 0.08469275446193276,
      "fcf_margin": 0.1611695586122795,
      "incr_op_margin_yoy": -0.43451479181580566,
      "rev_growth_yoy": 0.0841230916605162,
      "rev_growth_yoy_accel": -0.035627673679561,
      "fcf_margin_change": -0.013471175001879665
    },
    {
      "date": "2024-03-31T00:00:00",
      "quarter_label": "2024-03 (Q1)",
      "revenue": 770105000,
      "gross_profit": null,
      "operating_income": 72058000,
      "net_income": 11353000,
      "opex": 698047000,
      "cogs": null,
      "rd": null,
      "sga": null,
      "fcf": 125921000,
      "ocf": 125921000,
      "capex": null,
      "gross_margin": null,
      "op_margin": 0.0935690587647139,
      "fcf_margin": 0.16351146921523688,
      "incr_op_margin_yoy": -1.105817525722924,
      "rev_growth_yoy": -0.025938134002519566,
      "rev_growth_yoy_accel": -0.11006122566303576,
      "fcf_margin_change": 0.002341910602957381
    },
    {
      "date": "2024-06-30T00:00:00",
      "quarter_label": "2024-06 (Q2)",
      "revenue": 756261000,
      "gross_profit": null,
      "operating_income": 58721000,
      "net_income": -8744000,
      "opex": 697540000,
      "cogs": null,
      "rd": null,
      "sga": null,
      "fcf": 104721000,
      "ocf": 104721000,
      "capex": null,
      "gross_margin": null,
      "op_margin": 0.07764647390252837,
      "fcf_margin": 0.13847203544807943,
      "incr_op_margin_yoy": 0.9103737526084171,
      "rev_growth_yoy": -0.060150721669471156,
      "rev_growth_yoy_accel": -0.034212587666951594,
      "fcf_margin_change": -0.02503943376715745
    },
    {
      "date": "2024-09-30T00:00:00",
      "quarter_label": "2024-09 (Q3)",
      "revenue": 714297000,
      "gross_profit": null,
      "operating_income": 50217000,
      "net_income": -17177000,
      "opex": 664080000,
      "cogs": null,
      "rd": null,
      "sga": null,
      "fcf": 87324000,
      "ocf": 87324000,
      "capex": null,
      "gross_margin": null,
      "op_margin": 0.07030268921751036,
      "fcf_margin": 0.12225166842363891,
      "incr_op_margin_yoy": 0.6587691945007019,
      "rev_growth_yoy": -0.11555091639859438,
      "rev_growth_yoy_accel": -0.05540019472912323,
      "fcf_margin_change": -0.01622036702444052
    },
    {
      "date": "2024-12-31T00:00:00",
      "quarter_label": "2024-12 (Q4)",
      "revenue": 725553000,
      "gross_profit": null,
      "operating_income": 32100000,
      "net_income": -49379000,
      "opex": 693453000,
      "cogs": null,
      "rd": null,
      "sga": null,
      "fcf": 73968000,
      "ocf": 73968000,
      "capex": null,
      "gross_margin": null,
      "op_margin": 0.04424211601357861,
      "fcf_margin": 0.10194706658231721,
      "incr_op_margin_yoy": 0.689192807563181,
      "rev_growth_yoy": -0.0627189628267003,
      "rev_growth_yoy_accel": 0.05283195357189409,
      "op_leverage_ratio": 0.35626844143150865,
      "fcf_margin_change": -0.0203046018413217
    },
    {
      "date": "2025-03-31T00:00:00",
      "quarter_label": "2025-03 (Q1)",
      "revenue": 398311000,
      "gross_profit": null,
      "operating_income": 21973000,
      "net_income": -469075000,
      "opex": 376338000,
      "cogs": null,
      "rd": null,
      "sga": null,
      "fcf": 24805000,
      "ocf": 24805000,
      "capex": null,
      "gross_margin": null,
      "op_margin": 0.0551654360537369,
      "fcf_margin": 0.062275458121919806,
      "incr_op_margin_yoy": 0.1347116951860439,
      "rev_growth_yoy": -0.48278351653345974,
      "rev_growth_yoy_accel": -0.42006455370675944,
      "fcf_margin_change": -0.039671608460397405
    },
    {
      "date": "2025-06-30T00:00:00",
      "quarter_label": "2025-06 (Q2)",
      "revenue": 377348000,
      "gross_profit": null,
      "operating_income": 67715000,
      "net_income": -406000,
      "opex": 309633000,
      "cogs": null,
      "rd": null,
      "sga": null,
      "fcf": 46987000,
      "ocf": 46987000,
      "capex": null,
      "gross_margin": null,
      "op_margin": 0.17944973870273592,
      "fcf_margin": 0.12451901162852327,
      "incr_op_margin_yoy": -0.023736319418969525,
      "rev_growth_yoy": -0.5010346956936824,
      "rev_growth_yoy_accel": -0.018251179160222675,
      "fcf_margin_change": 0.06224355350660347
    },
    {
      "date": "2025-09-30T00:00:00",
      "quarter_label": "2025-09 (Q3)",
      "revenue": 414001000,
      "gross_profit": null,
      "operating_income": 78591000,
      "net_income": 9207000,
      "opex": 335410000,
      "cogs": null,
      "rd": null,
      "sga": null,
      "fcf": 70252000,
      "ocf": 70252000,
      "capex": null,
      "gross_margin": null,
      "op_margin": 0.18983287479981933,
      "fcf_margin": 0.16969041137581795,
      "incr_op_margin_yoy": -0.09448677305059008,
      "rev_growth_yoy": -0.4204077575574306,
      "rev_growth_yoy_accel": 0.08062693813625182,
      "op_leverage_ratio": 1.1667621805225055,
      "fcf_margin_change": 0.04517139974729467
    }
  ],
  "signals": [
    {
      "quarter": "2025-09 (Q3)",
      "signal": "YoY REVENUE GROWTH ACCELERATION",
      "detail": "YoY growth: -42.0% vs prior quarter YoY: -50.1% (accel: +8.1%)",
      "severity": "MEDIUM"
    },
    {
      "quarter": "2025-06 (Q2)",
      "signal": "FCF MARGIN EXPANSION",
      "detail": "FCF margin: +6.2% -> +12.5% (+6.2%)",
      "severity": "MEDIUM"
    },
    {
      "quarter": "2025-03 (Q1)",
      "signal": "YoY REVENUE GROWTH DECELERATION",
      "detail": "YoY growth: -48.3% vs prior quarter YoY: -6.3% (decel: -42.0%)",
      "severity": "WARNING"
    },
    {
      "quarter": "2024-12 (Q4)",
      "signal": "YoY REVENUE GROWTH ACCELERATION",
      "detail": "YoY growth: -6.3% vs prior quarter YoY: -11.6% (accel: +5.3%)",
      "severity": "MEDIUM"
    },
    {
      "quarter": "2024-12 (Q4)",
      "signal": "INCREMENTAL MARGIN (YoY)",
      "detail": "YoY Incr OPM: +68.9% vs year-ago OPM: +8.5%",
      "severity": "HIGH"
    },
    {
      "quarter": "2024-09 (Q3)",
      "signal": "YoY REVENUE GROWTH DECELERATION",
      "detail": "YoY growth: -11.6% vs prior quarter YoY: -6.0% (decel: -5.5%)",
      "severity": "WARNING"
    },
    {
      "quarter": "2024-09 (Q3)",
      "signal": "INCREMENTAL MARGIN (YoY)",
      "detail": "YoY Incr OPM: +65.9% vs year-ago OPM: +13.8%",
      "severity": "HIGH"
    },
    {
      "quarter": "2024-06 (Q2)",
      "signal": "INCREMENTAL MARGIN (YoY)",
      "detail": "YoY Incr OPM: +91.0% vs year-ago OPM: +12.8%",
      "severity": "HIGH"
    },
    {
      "quarter": "2024-03 (Q1)",
      "signal": "YoY REVENUE GROWTH DECELERATION",
      "detail": "YoY growth: -2.6% vs prior quarter YoY: +8.4% (decel: -11.0%)",
      "severity": "WARNING"
    },
    {
      "quarter": "2023-09 (Q3)",
      "signal": "INCREMENTAL MARGIN (YoY)",
      "detail": "YoY Incr OPM: +42.4% vs year-ago OPM: +10.4%",
      "severity": "HIGH"
    },
    {
      "quarter": "2023-06 (Q2)",
      "signal": "FCF MARGIN EXPANSION",
      "detail": "FCF margin: +12.4% -> +19.6% (+7.2%)",
      "severity": "MEDIUM"
    },
    {
      "quarter": "2023-06 (Q2)",
      "signal": "YoY REVENUE GROWTH DECELERATION",
      "detail": "YoY growth: +11.5% vs prior quarter YoY: +25.1% (decel: -13.6%)",
      "severity": "WARNING"
    },
    {
      "quarter": "2022-12 (Q4)",
      "signal": "YoY REVENUE GROWTH DECELERATION",
      "detail": "YoY growth: +22.8% vs prior quarter YoY: +39.0% (decel: -16.2%)",
      "severity": "WARNING"
    },
    {
      "quarter": "2022-12 (Q4)",
      "signal": "OP MARGIN TURNED POSITIVE (YoY)",
      "detail": "Op margin: -2.1% (year-ago) -> +12.8%",
      "severity": "HIGH"
    },
    {
      "quarter": "2022-09 (Q3)",
      "signal": "INCREMENTAL MARGIN (YoY)",
      "detail": "YoY Incr OPM: +20.1% vs year-ago OPM: +6.6%",
      "severity": "MEDIUM"
    },
    {
      "quarter": "2022-06 (Q2)",
      "signal": "FCF MARGIN EXPANSION",
      "detail": "FCF margin: +8.6% -> +14.4% (+5.8%)",
      "severity": "MEDIUM"
    },
    {
      "quarter": "2022-06 (Q2)",
      "signal": "OPERATING LEVERAGE",
      "detail": "Rev growth +14.2% vs OpEx growth +7.7% (leverage: 1.8x)",
      "severity": "MEDIUM"
    },
    {
      "quarter": "2022-06 (Q2)",
      "signal": "YoY REVENUE GROWTH ACCELERATION",
      "detail": "YoY growth: +43.2% vs prior quarter YoY: +21.2% (accel: +22.0%)",
      "severity": "HIGH"
    },
    {
      "quarter": "2022-06 (Q2)",
      "signal": "INCREMENTAL MARGIN (YoY)",
      "detail": "YoY Incr OPM: +32.6% vs year-ago OPM: +5.1%",
      "severity": "HIGH"
    },
    {
      "quarter": "2022-03 (Q1)",
      "signal": "YoY REVENUE GROWTH DECELERATION",
      "detail": "YoY growth: +21.2% vs prior quarter YoY: +28.3% (decel: -7.1%)",
      "severity": "WARNING"
    },
    {
      "quarter": "2022-03 (Q1)",
      "signal": "INCREMENTAL MARGIN (YoY)",
      "detail": "YoY Incr OPM: +21.4% vs year-ago OPM: +5.4%",
      "severity": "MEDIUM"
    },
    {
      "quarter": "2022-03 (Q1)",
      "signal": "OP MARGIN TURNED POSITIVE (QoQ)",
      "detail": "Op margin: -2.1% -> +8.2%",
      "severity": "HIGH"
    },
    {
      "quarter": "2021-12 (Q4)",
      "signal": "FCF MARGIN EXPANSION",
      "detail": "FCF margin: +10.4% -> +16.4% (+6.0%)",
      "severity": "MEDIUM"
    },
    {
      "quarter": "2021-09 (Q3)",
      "signal": "OPERATING LEVERAGE",
      "detail": "Rev growth +3.0% vs OpEx growth +1.3% (leverage: 2.4x)",
      "severity": "MEDIUM"
    },
    {
      "quarter": "2021-06 (Q2)",
      "signal": "FCF MARGIN EXPANSION",
      "detail": "FCF margin: +14.8% -> +22.0% (+7.2%)",
      "severity": "MEDIUM"
    },
    {
      "quarter": "2021-03 (Q1)",
      "signal": "FCF MARGIN EXPANSION",
      "detail": "FCF margin: +0.2% -> +14.8% (+14.6%)",
      "severity": "MEDIUM"
    },
    {
      "quarter": "2021-03 (Q1)",
      "signal": "OPERATING LEVERAGE",
      "detail": "Rev growth +15.0% vs OpEx growth +1.9% (leverage: 8.0x)",
      "severity": "MEDIUM"
    },
    {
      "quarter": "2021-03 (Q1)",
      "signal": "OP MARGIN TURNED POSITIVE (QoQ)",
      "detail": "Op margin: -6.8% -> +5.4%",
      "severity": "HIGH"
    }
  ],
  "data_quality": {
    "n_quarters": 20,
    "coverage": {
      "revenue": [
        20,
        20
      ],
      "gross_profit": [
        0,
        20
      ],
      "op_income": [
        20,
        20
      ],
      "fcf": [
        20,
        20
      ]
    },
    "gaps": [],
    "warnings": [
      "gross_profit: no data"
    ]
  },
  "market_cap": null,
  "source": "SEC EDGAR",
  "last_updated": "2026-02-02T21:34:59.192438",
  "sector": "Energy",
  "industry": "Oil & Gas Midstream"
}