{
  "ticker": "GENK",
  "name": "GEN Restaurant Group, Inc.",
  "quarters": [
    {
      "date": "2022-06-30T00:00:00",
      "quarter_label": "2022-06 (Q2)",
      "revenue": 42209000,
      "gross_profit": null,
      "operating_income": 3638000,
      "net_income": 5112000,
      "opex": 38571000,
      "cogs": null,
      "rd": null,
      "sga": null,
      "fcf": null,
      "ocf": null,
      "capex": null,
      "gross_margin": null,
      "op_margin": 0.0861901490203511,
      "fcf_margin": null
    },
    {
      "date": "2022-09-30T00:00:00",
      "quarter_label": "2022-09 (Q3)",
      "revenue": 42419000,
      "gross_profit": null,
      "operating_income": 2849000,
      "net_income": 2387000,
      "opex": 39570000,
      "cogs": null,
      "rd": null,
      "sga": null,
      "fcf": 312000,
      "ocf": 2311000,
      "capex": -1999000,
      "gross_margin": null,
      "op_margin": 0.06716329946486245,
      "fcf_margin": 0.007355194606190622
    },
    {
      "date": "2022-12-31T00:00:00",
      "quarter_label": "2022-12 (Q4)",
      "revenue": 40849000,
      "gross_profit": null,
      "operating_income": 3392000,
      "net_income": -209000,
      "opex": 37457000,
      "cogs": null,
      "rd": null,
      "sga": null,
      "fcf": 7293000,
      "ocf": 9620000,
      "capex": -2327000,
      "gross_margin": null,
      "op_margin": 0.083037528458469,
      "fcf_margin": 0.17853558226639574,
      "fcf_margin_change": 0.1711803876602051
    },
    {
      "date": "2023-03-31T00:00:00",
      "quarter_label": "2023-03 (Q1)",
      "revenue": 43862000,
      "gross_profit": null,
      "operating_income": 3174000,
      "net_income": 4134000,
      "opex": 40688000,
      "cogs": null,
      "rd": null,
      "sga": null,
      "fcf": -18000,
      "ocf": 2790000,
      "capex": -2808000,
      "gross_margin": null,
      "op_margin": 0.07236332132597693,
      "fcf_margin": -0.0004103780037389996,
      "op_leverage_ratio": 0.8550937563462189,
      "fcf_margin_change": -0.17894596027013474
    },
    {
      "date": "2023-06-30T00:00:00",
      "quarter_label": "2023-06 (Q2)",
      "revenue": 46473000,
      "gross_profit": null,
      "operating_income": 3370000,
      "net_income": 3960000,
      "opex": 43103000,
      "cogs": null,
      "rd": null,
      "sga": null,
      "fcf": 5721000,
      "ocf": 7758000,
      "capex": -2037000,
      "gross_margin": null,
      "op_margin": 0.0725152238934435,
      "fcf_margin": 0.12310373765412175,
      "incr_op_margin_yoy": -0.06285178236397748,
      "rev_growth_yoy": 0.10102110924210476,
      "op_leverage_ratio": 1.0029231337548132,
      "fcf_margin_change": 0.12351411565786075
    },
    {
      "date": "2023-09-30T00:00:00",
      "quarter_label": "2023-09 (Q3)",
      "revenue": 45564000,
      "gross_profit": null,
      "operating_income": 2465000,
      "net_income": 337000,
      "opex": 43099000,
      "cogs": null,
      "rd": null,
      "sga": null,
      "fcf": -1679000,
      "ocf": 2938000,
      "capex": -4617000,
      "gross_margin": null,
      "op_margin": 0.05409972785532438,
      "fcf_margin": -0.036849266965147925,
      "incr_op_margin_yoy": -0.12209856915739269,
      "rev_growth_yoy": 0.07414130460406892,
      "rev_growth_yoy_accel": -0.02687980463803584,
      "fcf_margin_change": -0.15995300461926967
    },
    {
      "date": "2023-12-31T00:00:00",
      "quarter_label": "2023-12 (Q4)",
      "revenue": 45108000,
      "gross_profit": null,
      "operating_income": -920000,
      "net_income": -25000,
      "opex": 46028000,
      "cogs": null,
      "rd": null,
      "sga": null,
      "fcf": 983000,
      "ocf": 8678000,
      "capex": -7695000,
      "gross_margin": null,
      "op_margin": -0.02039549525583045,
      "fcf_margin": 0.02179214330052319,
      "incr_op_margin_yoy": -1.0124442357360883,
      "rev_growth_yoy": 0.10426203823839017,
      "rev_growth_yoy_accel": 0.030120733634321245,
      "fcf_margin_change": 0.058641410265671115
    },
    {
      "date": "2024-03-31T00:00:00",
      "quarter_label": "2024-03 (Q1)",
      "revenue": 50760000,
      "gross_profit": null,
      "operating_income": 108000,
      "net_income": 496000,
      "opex": 50652000,
      "cogs": null,
      "rd": null,
      "sga": null,
      "fcf": -586000,
      "ocf": 3514000,
      "capex": -4100000,
      "gross_margin": null,
      "op_margin": 0.002127659574468085,
      "fcf_margin": -0.011544523246650906,
      "incr_op_margin_yoy": -0.4444766599014207,
      "rev_growth_yoy": 0.15726597054397884,
      "rev_growth_yoy_accel": 0.05300393230558867,
      "op_leverage_ratio": 1.2472481269865816,
      "fcf_margin_change": -0.0333366665471741
    },
    {
      "date": "2024-06-30T00:00:00",
      "quarter_label": "2024-06 (Q2)",
      "revenue": 53860000,
      "gross_profit": null,
      "operating_income": 1613000,
      "net_income": 277000,
      "opex": 52247000,
      "cogs": null,
      "rd": null,
      "sga": null,
      "fcf": 1249000,
      "ocf": 5556000,
      "capex": -4307000,
      "gross_margin": null,
      "op_margin": 0.029948013367991088,
      "fcf_margin": 0.02318975120683253,
      "incr_op_margin_yoy": -0.2378502775145526,
      "rev_growth_yoy": 0.1589525100596045,
      "rev_growth_yoy_accel": 0.001686539515625668,
      "op_leverage_ratio": 1.9394384045888082,
      "fcf_margin_change": 0.034734274453483434
    },
    {
      "date": "2024-09-30T00:00:00",
      "quarter_label": "2024-09 (Q3)",
      "revenue": 49105000,
      "gross_profit": null,
      "operating_income": 88000,
      "net_income": 25000,
      "opex": 49017000,
      "cogs": null,
      "rd": null,
      "sga": null,
      "fcf": -6826000,
      "ocf": 1449000,
      "capex": -8275000,
      "gross_margin": null,
      "op_margin": 0.0017920781997759901,
      "fcf_margin": -0.13900824763262398,
      "incr_op_margin_yoy": -0.671279299632872,
      "rev_growth_yoy": 0.07771486261083312,
      "rev_growth_yoy_accel": -0.08123764744877139,
      "fcf_margin_change": -0.16219799883945651
    },
    {
      "date": "2024-12-31T00:00:00",
      "quarter_label": "2024-12 (Q4)",
      "revenue": 54654000,
      "gross_profit": null,
      "operating_income": -1332000,
      "net_income": -204000,
      "opex": 55986000,
      "cogs": null,
      "rd": null,
      "sga": null,
      "fcf": 165000,
      "ocf": 7308000,
      "capex": -7143000,
      "gross_margin": null,
      "op_margin": -0.024371500713579977,
      "fcf_margin": 0.003018992205511033,
      "incr_op_margin_yoy": -0.043159438508275715,
      "rev_growth_yoy": 0.21162543229582337,
      "rev_growth_yoy_accel": 0.13391056968499027,
      "op_leverage_ratio": 0.7948135683841933,
      "fcf_margin_change": 0.142027239838135
    },
    {
      "date": "2025-03-31T00:00:00",
      "quarter_label": "2025-03 (Q1)",
      "revenue": 57337000,
      "gross_profit": null,
      "operating_income": -2176000,
      "net_income": -301000,
      "opex": 59513000,
      "cogs": null,
      "rd": null,
      "sga": null,
      "fcf": -4675000,
      "ocf": 2154000,
      "capex": -6829000,
      "gross_margin": null,
      "op_margin": -0.03795106126933743,
      "fcf_margin": -0.08153548319584213,
      "incr_op_margin_yoy": -0.3472707921544777,
      "rev_growth_yoy": 0.1295705279747833,
      "rev_growth_yoy_accel": -0.08205490432104007,
      "op_leverage_ratio": 0.779242624444155,
      "fcf_margin_change": -0.08455447540135316
    },
    {
      "date": "2025-06-30T00:00:00",
      "quarter_label": "2025-06 (Q2)",
      "revenue": 55041000,
      "gross_profit": null,
      "operating_income": -1880000,
      "net_income": -261000,
      "opex": 56921000,
      "cogs": null,
      "rd": null,
      "sga": null,
      "fcf": -6312000,
      "ocf": 3326000,
      "capex": -9638000,
      "gross_margin": null,
      "op_margin": -0.034156356170854454,
      "fcf_margin": -0.11467814901618793,
      "incr_op_margin_yoy": -2.9576629974597797,
      "rev_growth_yoy": 0.021927218715187522,
      "rev_growth_yoy_accel": -0.10764330925959578,
      "fcf_margin_change": -0.03314266582034581
    },
    {
      "date": "2025-09-30T00:00:00",
      "quarter_label": "2025-09 (Q3)",
      "revenue": 50418000,
      "gross_profit": null,
      "operating_income": -3739000,
      "net_income": -566000,
      "opex": 54157000,
      "cogs": null,
      "rd": null,
      "sga": null,
      "fcf": -7696000,
      "ocf": -1640000,
      "capex": -6056000,
      "gross_margin": null,
      "op_margin": -0.07416002221428855,
      "fcf_margin": -0.15264389702090522,
      "incr_op_margin_yoy": -2.914699162223915,
      "rev_growth_yoy": 0.026738621321657673,
      "rev_growth_yoy_accel": 0.004811402606470151,
      "fcf_margin_change": -0.03796574800471729
    }
  ],
  "signals": [
    {
      "quarter": "2025-06 (Q2)",
      "signal": "YoY REVENUE GROWTH DECELERATION",
      "detail": "YoY growth: +2.2% vs prior quarter YoY: +13.0% (decel: -10.8%)",
      "severity": "WARNING"
    },
    {
      "quarter": "2025-03 (Q1)",
      "signal": "YoY REVENUE GROWTH DECELERATION",
      "detail": "YoY growth: +13.0% vs prior quarter YoY: +21.2% (decel: -8.2%)",
      "severity": "WARNING"
    },
    {
      "quarter": "2024-12 (Q4)",
      "signal": "FCF TURNED POSITIVE",
      "detail": "FCF margin: -13.9% -> +0.3%",
      "severity": "HIGH"
    },
    {
      "quarter": "2024-12 (Q4)",
      "signal": "YoY REVENUE GROWTH ACCELERATION",
      "detail": "YoY growth: +21.2% vs prior quarter YoY: +7.8% (accel: +13.4%)",
      "severity": "MEDIUM"
    },
    {
      "quarter": "2024-09 (Q3)",
      "signal": "YoY REVENUE GROWTH DECELERATION",
      "detail": "YoY growth: +7.8% vs prior quarter YoY: +15.9% (decel: -8.1%)",
      "severity": "WARNING"
    },
    {
      "quarter": "2024-06 (Q2)",
      "signal": "FCF TURNED POSITIVE",
      "detail": "FCF margin: -1.2% -> +2.3%",
      "severity": "HIGH"
    },
    {
      "quarter": "2024-06 (Q2)",
      "signal": "OPERATING LEVERAGE",
      "detail": "Rev growth +6.1% vs OpEx growth +3.1% (leverage: 1.9x)",
      "severity": "MEDIUM"
    },
    {
      "quarter": "2024-03 (Q1)",
      "signal": "YoY REVENUE GROWTH ACCELERATION",
      "detail": "YoY growth: +15.7% vs prior quarter YoY: +10.4% (accel: +5.3%)",
      "severity": "MEDIUM"
    },
    {
      "quarter": "2024-03 (Q1)",
      "signal": "OP MARGIN TURNED POSITIVE (QoQ)",
      "detail": "Op margin: -2.0% -> +0.2%",
      "severity": "HIGH"
    },
    {
      "quarter": "2023-12 (Q4)",
      "signal": "FCF TURNED POSITIVE",
      "detail": "FCF margin: -3.7% -> +2.2%",
      "severity": "HIGH"
    },
    {
      "quarter": "2023-06 (Q2)",
      "signal": "FCF TURNED POSITIVE",
      "detail": "FCF margin: -0.0% -> +12.3%",
      "severity": "HIGH"
    },
    {
      "quarter": "2022-12 (Q4)",
      "signal": "FCF MARGIN EXPANSION",
      "detail": "FCF margin: +0.7% -> +17.9% (+17.1%)",
      "severity": "MEDIUM"
    }
  ],
  "data_quality": {
    "n_quarters": 14,
    "coverage": {
      "revenue": [
        14,
        14
      ],
      "gross_profit": [
        0,
        14
      ],
      "op_income": [
        14,
        14
      ],
      "fcf": [
        13,
        14
      ]
    },
    "gaps": [],
    "warnings": [
      "gross_profit: no data"
    ]
  },
  "market_cap": null,
  "source": "SEC EDGAR",
  "last_updated": "2026-02-02T23:31:52.526458"
}