{
  "ticker": "GEO",
  "name": "GEO GROUP INC",
  "quarters": [
    {
      "date": "2020-12-31T00:00:00",
      "quarter_label": "2020-12 (Q4)",
      "revenue": 578116000,
      "gross_profit": null,
      "operating_income": 38013000,
      "net_income": 11911000,
      "opex": null,
      "cogs": null,
      "rd": null,
      "sga": null,
      "fcf": 58623000,
      "ocf": 83606000,
      "capex": -24983000,
      "gross_margin": null,
      "op_margin": 0.06575323983422013,
      "fcf_margin": 0.101403524552166
    },
    {
      "date": "2021-03-31T00:00:00",
      "quarter_label": "2021-03 (Q1)",
      "revenue": 576377000,
      "gross_profit": null,
      "operating_income": 65630000,
      "net_income": 50544000,
      "opex": null,
      "cogs": null,
      "rd": null,
      "sga": null,
      "fcf": 97641000,
      "ocf": 124917000,
      "capex": -27276000,
      "gross_margin": null,
      "op_margin": 0.11386644505245698,
      "fcf_margin": 0.16940474724008764,
      "fcf_margin_change": 0.06800122268792164
    },
    {
      "date": "2021-06-30T00:00:00",
      "quarter_label": "2021-06 (Q2)",
      "revenue": 565419000,
      "gross_profit": null,
      "operating_income": 72416000,
      "net_income": 41959000,
      "opex": null,
      "cogs": null,
      "rd": null,
      "sga": null,
      "fcf": 63573000,
      "ocf": 80644000,
      "capex": -17071000,
      "gross_margin": null,
      "op_margin": 0.12807493204154796,
      "fcf_margin": 0.1124352029203122,
      "fcf_margin_change": -0.05696954431977544
    },
    {
      "date": "2021-09-30T00:00:00",
      "quarter_label": "2021-09 (Q3)",
      "revenue": 557277000,
      "gross_profit": null,
      "operating_income": 74019000,
      "net_income": 34710000,
      "opex": null,
      "cogs": null,
      "rd": null,
      "sga": null,
      "fcf": 70881000,
      "ocf": 83916000,
      "capex": -13035000,
      "gross_margin": null,
      "op_margin": 0.1328226357807697,
      "fcf_margin": 0.12719168384842727,
      "fcf_margin_change": 0.014756480928115073
    },
    {
      "date": "2021-12-31T00:00:00",
      "quarter_label": "2021-12 (Q4)",
      "revenue": 557539000,
      "gross_profit": null,
      "operating_income": 76018000,
      "net_income": -49796000,
      "opex": null,
      "cogs": null,
      "rd": null,
      "sga": null,
      "fcf": -18854000,
      "ocf": -6842000,
      "capex": -12012000,
      "gross_margin": null,
      "op_margin": 0.13634561887150495,
      "fcf_margin": -0.03381646844435995,
      "incr_op_margin_yoy": -1.8469650580745494,
      "rev_growth_yoy": -0.03559320274823738,
      "fcf_margin_change": -0.16100815229278723
    },
    {
      "date": "2022-03-31T00:00:00",
      "quarter_label": "2022-03 (Q1)",
      "revenue": 551185000,
      "gross_profit": null,
      "operating_income": 81526000,
      "net_income": 38219000,
      "opex": null,
      "cogs": null,
      "rd": null,
      "sga": null,
      "fcf": 108183000,
      "ocf": 121956000,
      "capex": -13773000,
      "gross_margin": null,
      "op_margin": 0.14791041120494933,
      "fcf_margin": 0.19627348349465243,
      "incr_op_margin_yoy": -0.6309939663385201,
      "rev_growth_yoy": -0.04370750394273193,
      "rev_growth_yoy_accel": -0.00811430119449455,
      "fcf_margin_change": 0.23008995193901238
    },
    {
      "date": "2022-06-30T00:00:00",
      "quarter_label": "2022-06 (Q2)",
      "revenue": 588177000,
      "gross_profit": null,
      "operating_income": 95074000,
      "net_income": 53727000,
      "opex": null,
      "cogs": null,
      "rd": null,
      "sga": null,
      "fcf": 27736000,
      "ocf": 50023000,
      "capex": -22287000,
      "gross_margin": null,
      "op_margin": 0.16164181870423358,
      "fcf_margin": 0.04715587314702887,
      "incr_op_margin_yoy": 0.9956059407680815,
      "rev_growth_yoy": 0.04024979705315881,
      "rev_growth_yoy_accel": 0.08395730099589074,
      "fcf_margin_change": -0.14911761034762355
    },
    {
      "date": "2022-09-30T00:00:00",
      "quarter_label": "2022-09 (Q3)",
      "revenue": 616683000,
      "gross_profit": null,
      "operating_income": 98121000,
      "net_income": 38337000,
      "opex": null,
      "cogs": null,
      "rd": null,
      "sga": null,
      "fcf": 19400000,
      "ocf": 55573000,
      "capex": -36173000,
      "gross_margin": null,
      "op_margin": 0.1591109208458803,
      "fcf_margin": 0.03145862623098091,
      "incr_op_margin_yoy": 0.40571659428340573,
      "rev_growth_yoy": 0.10660048772872378,
      "rev_growth_yoy_accel": 0.06635069067556498,
      "fcf_margin_change": -0.015697246916047958
    },
    {
      "date": "2022-12-31T00:00:00",
      "quarter_label": "2022-12 (Q4)",
      "revenue": 620682000,
      "gross_profit": null,
      "operating_income": 108381000,
      "net_income": 41530000,
      "opex": null,
      "cogs": null,
      "rd": null,
      "sga": null,
      "fcf": 42634000,
      "ocf": 60427000,
      "capex": -17793000,
      "gross_margin": null,
      "op_margin": 0.17461598693050548,
      "fcf_margin": 0.06868895827492984,
      "incr_op_margin_yoy": 0.5125350395134852,
      "rev_growth_yoy": 0.11325306391122415,
      "rev_growth_yoy_accel": 0.006652576182500369,
      "fcf_margin_change": 0.037230332043948926
    },
    {
      "date": "2023-03-31T00:00:00",
      "quarter_label": "2023-03 (Q1)",
      "revenue": 608209000,
      "gross_profit": null,
      "operating_income": 92660000,
      "net_income": 28003000,
      "opex": null,
      "cogs": null,
      "rd": null,
      "sga": null,
      "fcf": 80973000,
      "ocf": 94740000,
      "capex": -13767000,
      "gross_margin": null,
      "op_margin": 0.15234894583934142,
      "fcf_margin": 0.1331335116711525,
      "incr_op_margin_yoy": 0.19525112233445566,
      "rev_growth_yoy": 0.10345709698195706,
      "rev_growth_yoy_accel": -0.009795966929267097,
      "fcf_margin_change": 0.06444455339622267
    },
    {
      "date": "2023-06-30T00:00:00",
      "quarter_label": "2023-06 (Q2)",
      "revenue": 593891000,
      "gross_profit": null,
      "operating_income": 92380000,
      "net_income": 29571000,
      "opex": null,
      "cogs": null,
      "rd": null,
      "sga": null,
      "fcf": -3140000,
      "ocf": 14707000,
      "capex": -17847000,
      "gross_margin": null,
      "op_margin": 0.15555042928752918,
      "fcf_margin": -0.005287165489963647,
      "incr_op_margin_yoy": -0.4714735736786839,
      "rev_growth_yoy": 0.00971476273298684,
      "rev_growth_yoy_accel": -0.09374233424897022,
      "fcf_margin_change": -0.13842067716111614
    },
    {
      "date": "2023-09-30T00:00:00",
      "quarter_label": "2023-09 (Q3)",
      "revenue": 602785000,
      "gross_profit": null,
      "operating_income": 83589000,
      "net_income": 24519000,
      "opex": null,
      "cogs": null,
      "rd": null,
      "sga": null,
      "fcf": 98674000,
      "ocf": 120629000,
      "capex": -21955000,
      "gross_margin": null,
      "op_margin": 0.138671333891852,
      "fcf_margin": 0.16369684049868527,
      "incr_op_margin_yoy": 1.0456180745430996,
      "rev_growth_yoy": -0.02253670037928725,
      "rev_growth_yoy_accel": -0.03225146311227409,
      "fcf_margin_change": 0.1689840059886489
    },
    {
      "date": "2023-12-31T00:00:00",
      "quarter_label": "2023-12 (Q4)",
      "revenue": 608282000,
      "gross_profit": null,
      "operating_income": 83760000,
      "net_income": 25232000,
      "opex": null,
      "cogs": null,
      "rd": null,
      "sga": null,
      "fcf": 28273000,
      "ocf": 47706000,
      "capex": -19433000,
      "gross_margin": null,
      "op_margin": 0.13769929078946935,
      "fcf_margin": 0.0464800865388093,
      "incr_op_margin_yoy": 1.9855645161290323,
      "rev_growth_yoy": -0.01997802417340925,
      "rev_growth_yoy_accel": 0.0025586762058780015,
      "fcf_margin_change": -0.11721675395987596
    },
    {
      "date": "2024-03-31T00:00:00",
      "quarter_label": "2024-03 (Q1)",
      "revenue": 605672000,
      "gross_profit": null,
      "operating_income": 79562000,
      "net_income": 22668000,
      "opex": null,
      "cogs": null,
      "rd": null,
      "sga": null,
      "fcf": 68516000,
      "ocf": 83284000,
      "capex": -14768000,
      "gross_margin": null,
      "op_margin": 0.13136152901240275,
      "fcf_margin": 0.11312393506716506,
      "incr_op_margin_yoy": 5.162790697674419,
      "rev_growth_yoy": -0.004171263496594098,
      "rev_growth_yoy_accel": 0.015806760676815152,
      "fcf_margin_change": 0.06664384852835575
    },
    {
      "date": "2024-06-30T00:00:00",
      "quarter_label": "2024-06 (Q2)",
      "revenue": 607185000,
      "gross_profit": null,
      "operating_income": 80145000,
      "net_income": -32513000,
      "opex": null,
      "cogs": null,
      "rd": null,
      "sga": null,
      "fcf": 6830000,
      "ocf": 31236000,
      "capex": -24406000,
      "gross_margin": null,
      "op_margin": 0.1319943674497888,
      "fcf_margin": 0.011248630977379217,
      "incr_op_margin_yoy": -0.9203400030088762,
      "rev_growth_yoy": 0.02238457898840023,
      "rev_growth_yoy_accel": 0.026555842484994326,
      "fcf_margin_change": -0.10187530408978585
    },
    {
      "date": "2024-09-30T00:00:00",
      "quarter_label": "2024-09 (Q3)",
      "revenue": 603125000,
      "gross_profit": null,
      "operating_income": 82371000,
      "net_income": 26320000,
      "opex": null,
      "cogs": null,
      "rd": null,
      "sga": null,
      "fcf": 90517000,
      "ocf": 109252000,
      "capex": -18735000,
      "gross_margin": null,
      "op_margin": 0.1365736787564767,
      "fcf_margin": 0.15008,
      "rev_growth_yoy": 0.0005640485413538824,
      "rev_growth_yoy_accel": -0.021820530447046346,
      "fcf_margin_change": 0.13883136902262078
    },
    {
      "date": "2024-12-31T00:00:00",
      "quarter_label": "2024-12 (Q4)",
      "revenue": 607720000,
      "gross_profit": null,
      "operating_income": 67897000,
      "net_income": 15491000,
      "opex": null,
      "cogs": null,
      "rd": null,
      "sga": null,
      "fcf": -2318000,
      "ocf": 18464000,
      "capex": -20782000,
      "gross_margin": null,
      "op_margin": 0.11172414927927335,
      "fcf_margin": -0.0038142565655235965,
      "rev_growth_yoy": -0.0009239135795568503,
      "rev_growth_yoy_accel": -0.0014879621209107326,
      "fcf_margin_change": -0.15389425656552358
    },
    {
      "date": "2025-03-31T00:00:00",
      "quarter_label": "2025-03 (Q1)",
      "revenue": 604647000,
      "gross_profit": null,
      "operating_income": 60984000,
      "net_income": 19558000,
      "opex": null,
      "cogs": null,
      "rd": null,
      "sga": null,
      "fcf": 40454000,
      "ocf": 71225000,
      "capex": -30771000,
      "gross_margin": null,
      "op_margin": 0.10085884822053198,
      "fcf_margin": 0.06690515292393744,
      "incr_op_margin_yoy": 18.124878048780488,
      "rev_growth_yoy": -0.001692335125282331,
      "rev_growth_yoy_accel": -0.0007684215457254808,
      "fcf_margin_change": 0.07071940948946104
    },
    {
      "date": "2025-06-30T00:00:00",
      "quarter_label": "2025-06 (Q2)",
      "revenue": 636169000,
      "gross_profit": null,
      "operating_income": 71973000,
      "net_income": 29108000,
      "opex": null,
      "cogs": null,
      "rd": null,
      "sga": null,
      "fcf": 2357000,
      "ocf": 39168000,
      "capex": -36811000,
      "gross_margin": null,
      "op_margin": 0.11313503172899025,
      "fcf_margin": 0.003704990340617037,
      "incr_op_margin_yoy": -0.2819486613303892,
      "rev_growth_yoy": 0.04773503956784176,
      "rev_growth_yoy_accel": 0.04942737469312409,
      "fcf_margin_change": -0.0632001625833204
    },
    {
      "date": "2025-09-30T00:00:00",
      "quarter_label": "2025-09 (Q3)",
      "revenue": 682341000,
      "gross_profit": null,
      "operating_income": 40700000,
      "net_income": 173940000,
      "opex": null,
      "cogs": null,
      "rd": null,
      "sga": null,
      "fcf": -14149000,
      "ocf": 79555000,
      "capex": -93704000,
      "gross_margin": null,
      "op_margin": 0.05964759555706018,
      "fcf_margin": -0.020735966327686598,
      "incr_op_margin_yoy": -0.5260427186426985,
      "rev_growth_yoy": 0.13134259067357512,
      "rev_growth_yoy_accel": 0.08360755110573337,
      "fcf_margin_change": -0.024440956668303634
    }
  ],
  "signals": [
    {
      "quarter": "2025-09 (Q3)",
      "signal": "YoY REVENUE GROWTH ACCELERATION",
      "detail": "YoY growth: +13.1% vs prior quarter YoY: +4.8% (accel: +8.4%)",
      "severity": "MEDIUM"
    },
    {
      "quarter": "2025-03 (Q1)",
      "signal": "FCF TURNED POSITIVE",
      "detail": "FCF margin: -0.4% -> +6.7%",
      "severity": "HIGH"
    },
    {
      "quarter": "2025-03 (Q1)",
      "signal": "INCREMENTAL MARGIN (YoY)",
      "detail": "YoY Incr OPM: +1812.5% vs year-ago OPM: +13.1%",
      "severity": "HIGH"
    },
    {
      "quarter": "2024-09 (Q3)",
      "signal": "FCF MARGIN EXPANSION",
      "detail": "FCF margin: +1.1% -> +15.0% (+13.9%)",
      "severity": "MEDIUM"
    },
    {
      "quarter": "2024-03 (Q1)",
      "signal": "FCF MARGIN EXPANSION",
      "detail": "FCF margin: +4.6% -> +11.3% (+6.7%)",
      "severity": "MEDIUM"
    },
    {
      "quarter": "2024-03 (Q1)",
      "signal": "INCREMENTAL MARGIN (YoY)",
      "detail": "YoY Incr OPM: +516.3% vs year-ago OPM: +15.2%",
      "severity": "HIGH"
    },
    {
      "quarter": "2023-12 (Q4)",
      "signal": "INCREMENTAL MARGIN (YoY)",
      "detail": "YoY Incr OPM: +198.6% vs year-ago OPM: +17.5%",
      "severity": "HIGH"
    },
    {
      "quarter": "2023-09 (Q3)",
      "signal": "FCF TURNED POSITIVE",
      "detail": "FCF margin: -0.5% -> +16.4%",
      "severity": "HIGH"
    },
    {
      "quarter": "2023-09 (Q3)",
      "signal": "INCREMENTAL MARGIN (YoY)",
      "detail": "YoY Incr OPM: +104.6% vs year-ago OPM: +15.9%",
      "severity": "HIGH"
    },
    {
      "quarter": "2023-06 (Q2)",
      "signal": "YoY REVENUE GROWTH DECELERATION",
      "detail": "YoY growth: +1.0% vs prior quarter YoY: +10.3% (decel: -9.4%)",
      "severity": "WARNING"
    },
    {
      "quarter": "2023-03 (Q1)",
      "signal": "FCF MARGIN EXPANSION",
      "detail": "FCF margin: +6.9% -> +13.3% (+6.4%)",
      "severity": "MEDIUM"
    },
    {
      "quarter": "2022-12 (Q4)",
      "signal": "INCREMENTAL MARGIN (YoY)",
      "detail": "YoY Incr OPM: +51.3% vs year-ago OPM: +13.6%",
      "severity": "HIGH"
    },
    {
      "quarter": "2022-09 (Q3)",
      "signal": "YoY REVENUE GROWTH ACCELERATION",
      "detail": "YoY growth: +10.7% vs prior quarter YoY: +4.0% (accel: +6.6%)",
      "severity": "MEDIUM"
    },
    {
      "quarter": "2022-09 (Q3)",
      "signal": "INCREMENTAL MARGIN (YoY)",
      "detail": "YoY Incr OPM: +40.6% vs year-ago OPM: +13.3%",
      "severity": "HIGH"
    },
    {
      "quarter": "2022-06 (Q2)",
      "signal": "YoY REVENUE GROWTH ACCELERATION",
      "detail": "YoY growth: +4.0% vs prior quarter YoY: -4.4% (accel: +8.4%)",
      "severity": "MEDIUM"
    },
    {
      "quarter": "2022-06 (Q2)",
      "signal": "INCREMENTAL MARGIN (YoY)",
      "detail": "YoY Incr OPM: +99.6% vs year-ago OPM: +12.8%",
      "severity": "HIGH"
    },
    {
      "quarter": "2022-03 (Q1)",
      "signal": "FCF TURNED POSITIVE",
      "detail": "FCF margin: -3.4% -> +19.6%",
      "severity": "HIGH"
    },
    {
      "quarter": "2021-03 (Q1)",
      "signal": "FCF MARGIN EXPANSION",
      "detail": "FCF margin: +10.1% -> +16.9% (+6.8%)",
      "severity": "MEDIUM"
    }
  ],
  "data_quality": {
    "n_quarters": 20,
    "coverage": {
      "revenue": [
        20,
        20
      ],
      "gross_profit": [
        0,
        20
      ],
      "op_income": [
        20,
        20
      ],
      "fcf": [
        20,
        20
      ]
    },
    "gaps": [],
    "warnings": [
      "gross_profit: no data"
    ]
  },
  "market_cap": null,
  "source": "SEC EDGAR",
  "last_updated": "2026-02-02T21:31:55.577185",
  "sector": "Industrials",
  "industry": "Security & Protection Services"
}