{
  "ticker": "GERN",
  "name": "GERON CORPORATION",
  "quarters": [
    {
      "date": "2020-09-30T00:00:00",
      "quarter_label": "2020-09 (Q3)",
      "revenue": 108000,
      "gross_profit": null,
      "operating_income": null,
      "net_income": null,
      "opex": null,
      "cogs": null,
      "rd": null,
      "sga": null,
      "fcf": null,
      "ocf": null,
      "capex": -4000,
      "gross_margin": null,
      "op_margin": null,
      "fcf_margin": null
    },
    {
      "date": "2020-12-31T00:00:00",
      "quarter_label": "2020-12 (Q4)",
      "revenue": 50000,
      "gross_profit": null,
      "operating_income": -23266000,
      "net_income": -23787000,
      "opex": 23316000,
      "cogs": null,
      "rd": null,
      "sga": null,
      "fcf": -12625000,
      "ocf": -12614000,
      "capex": -11000,
      "gross_margin": null,
      "op_margin": -465.32,
      "fcf_margin": -252.5
    },
    {
      "date": "2021-03-31T00:00:00",
      "quarter_label": "2021-03 (Q1)",
      "revenue": 137000,
      "gross_profit": null,
      "operating_income": -28454000,
      "net_income": -27824000,
      "opex": 28591000,
      "cogs": null,
      "rd": null,
      "sga": null,
      "fcf": -32744000,
      "ocf": -32734000,
      "capex": -10000,
      "gross_margin": null,
      "op_margin": -207.6934306569343,
      "fcf_margin": -239.007299270073,
      "op_leverage_ratio": 7.690964928909952,
      "fcf_margin_change": 13.492700729927009
    },
    {
      "date": "2021-06-30T00:00:00",
      "quarter_label": "2021-06 (Q2)",
      "revenue": 107000,
      "gross_profit": null,
      "operating_income": -28889000,
      "net_income": -29574000,
      "opex": 28996000,
      "cogs": null,
      "rd": null,
      "sga": null,
      "fcf": -17814000,
      "ocf": -17814000,
      "capex": null,
      "gross_margin": null,
      "op_margin": -269.9906542056075,
      "fcf_margin": -166.48598130841123,
      "fcf_margin_change": 72.52131796166177
    },
    {
      "date": "2021-09-30T00:00:00",
      "quarter_label": "2021-09 (Q3)",
      "revenue": 109000,
      "gross_profit": null,
      "operating_income": -25674000,
      "net_income": -26697000,
      "opex": 25783000,
      "cogs": null,
      "rd": null,
      "sga": null,
      "fcf": -22934000,
      "ocf": -22840000,
      "capex": -94000,
      "gross_margin": null,
      "op_margin": -235.54128440366972,
      "fcf_margin": -210.40366972477065,
      "rev_growth_yoy": 0.009259259259259259,
      "op_leverage_ratio": Infinity,
      "fcf_margin_change": -43.917688416359425
    },
    {
      "date": "2021-12-31T00:00:00",
      "quarter_label": "2021-12 (Q4)",
      "revenue": 1040000,
      "gross_profit": null,
      "operating_income": -30982000,
      "net_income": -32017000,
      "opex": 32022000,
      "cogs": null,
      "rd": null,
      "sga": null,
      "fcf": -22271000,
      "ocf": -22168000,
      "capex": -103000,
      "gross_margin": null,
      "op_margin": -29.790384615384614,
      "fcf_margin": -21.414423076923075,
      "rev_growth_yoy": 19.8,
      "rev_growth_yoy_accel": 19.79074074074074,
      "op_leverage_ratio": 35.29731299564297,
      "fcf_margin_change": 188.98924664784758
    },
    {
      "date": "2022-03-31T00:00:00",
      "quarter_label": "2022-03 (Q1)",
      "revenue": 123000,
      "gross_profit": null,
      "operating_income": -28675000,
      "net_income": -30098000,
      "opex": 28798000,
      "cogs": null,
      "rd": null,
      "sga": null,
      "fcf": -34024000,
      "ocf": -33974000,
      "capex": -50000,
      "gross_margin": null,
      "op_margin": -233.130081300813,
      "fcf_margin": -276.6178861788618,
      "rev_growth_yoy": -0.10218978102189781,
      "rev_growth_yoy_accel": -19.9021897810219,
      "fcf_margin_change": -255.20346310193872
    },
    {
      "date": "2022-06-30T00:00:00",
      "quarter_label": "2022-06 (Q2)",
      "revenue": 73000,
      "gross_profit": null,
      "operating_income": -27976000,
      "net_income": -28117000,
      "opex": 28049000,
      "cogs": null,
      "rd": null,
      "sga": null,
      "fcf": -28712000,
      "ocf": -28642000,
      "capex": -70000,
      "gross_margin": null,
      "op_margin": -383.2328767123288,
      "fcf_margin": -393.3150684931507,
      "rev_growth_yoy": -0.3177570093457944,
      "rev_growth_yoy_accel": -0.21556722832389658,
      "fcf_margin_change": -116.69718231428891
    },
    {
      "date": "2022-09-30T00:00:00",
      "quarter_label": "2022-09 (Q3)",
      "revenue": 297000,
      "gross_profit": null,
      "operating_income": -39948000,
      "net_income": -41051000,
      "opex": 40245000,
      "cogs": null,
      "rd": null,
      "sga": null,
      "fcf": -29753000,
      "ocf": -29582000,
      "capex": -171000,
      "gross_margin": null,
      "op_margin": -134.5050505050505,
      "fcf_margin": -100.17845117845118,
      "rev_growth_yoy": 1.724770642201835,
      "rev_growth_yoy_accel": 2.0425276515476294,
      "op_leverage_ratio": 7.057081369593444,
      "fcf_margin_change": 293.1366173146995
    },
    {
      "date": "2022-12-31T00:00:00",
      "quarter_label": "2022-12 (Q4)",
      "revenue": 103000,
      "gross_profit": null,
      "operating_income": -41951000,
      "net_income": -42635000,
      "opex": 42054000,
      "cogs": null,
      "rd": null,
      "sga": null,
      "fcf": -35321000,
      "ocf": -35181000,
      "capex": -140000,
      "gross_margin": null,
      "op_margin": -407.29126213592235,
      "fcf_margin": -342.92233009708735,
      "rev_growth_yoy": -0.9009615384615385,
      "rev_growth_yoy_accel": -2.6257321806633733,
      "fcf_margin_change": -242.74387891863617
    },
    {
      "date": "2023-03-31T00:00:00",
      "quarter_label": "2023-03 (Q1)",
      "revenue": 21000,
      "gross_profit": null,
      "operating_income": -40092000,
      "net_income": -38122000,
      "opex": 40113000,
      "cogs": null,
      "rd": null,
      "sga": null,
      "fcf": -46737000,
      "ocf": -46365000,
      "capex": -372000,
      "gross_margin": null,
      "op_margin": -1909.142857142857,
      "fcf_margin": -2225.5714285714284,
      "rev_growth_yoy": -0.8292682926829268,
      "rev_growth_yoy_accel": 0.07169324577861169,
      "fcf_margin_change": -1882.6490984743411
    },
    {
      "date": "2023-06-30T00:00:00",
      "quarter_label": "2023-06 (Q2)",
      "revenue": 29000,
      "gross_profit": null,
      "operating_income": -51951000,
      "net_income": -49227000,
      "opex": 51980000,
      "cogs": null,
      "rd": null,
      "sga": 16490000,
      "fcf": -29803000,
      "ocf": -29601000,
      "capex": -202000,
      "gross_margin": null,
      "op_margin": -1791.4137931034484,
      "fcf_margin": -1027.6896551724137,
      "rev_growth_yoy": -0.6027397260273972,
      "rev_growth_yoy_accel": 0.22652856665552956,
      "op_leverage_ratio": 1.2877005862596156,
      "fcf_margin_change": 1197.8817733990147
    },
    {
      "date": "2023-09-30T00:00:00",
      "quarter_label": "2023-09 (Q3)",
      "revenue": 164000,
      "gross_profit": null,
      "operating_income": -47612000,
      "net_income": -44805000,
      "opex": 47776000,
      "cogs": null,
      "rd": null,
      "sga": 18350000,
      "fcf": -51031000,
      "ocf": -50839000,
      "capex": -192000,
      "gross_margin": null,
      "op_margin": -290.3170731707317,
      "fcf_margin": -311.1646341463415,
      "rev_growth_yoy": -0.4478114478114478,
      "rev_growth_yoy_accel": 0.1549282782159494,
      "op_leverage_ratio": Infinity,
      "fcf_margin_change": 716.5250210260722
    },
    {
      "date": "2023-12-31T00:00:00",
      "quarter_label": "2023-12 (Q4)",
      "revenue": 23000,
      "gross_profit": null,
      "operating_income": -54289000,
      "net_income": -51973000,
      "opex": 54312000,
      "cogs": null,
      "rd": null,
      "sga": 21401000,
      "fcf": -41002000,
      "ocf": -40938000,
      "capex": -64000,
      "gross_margin": null,
      "op_margin": -2360.391304347826,
      "fcf_margin": -1782.695652173913,
      "rev_growth_yoy": -0.7766990291262136,
      "rev_growth_yoy_accel": -0.32888758131476575,
      "fcf_margin_change": -1471.5310180275715
    },
    {
      "date": "2024-03-31T00:00:00",
      "quarter_label": "2024-03 (Q1)",
      "revenue": 304000,
      "gross_profit": null,
      "operating_income": -56134000,
      "net_income": -55390000,
      "opex": 56438000,
      "cogs": null,
      "rd": null,
      "sga": 27065000,
      "fcf": -62868000,
      "ocf": -62253000,
      "capex": -615000,
      "gross_margin": null,
      "op_margin": -184.65131578947367,
      "fcf_margin": -206.80263157894737,
      "rev_growth_yoy": 13.476190476190476,
      "rev_growth_yoy_accel": 14.25288950531669,
      "op_leverage_ratio": 312.1123972350607,
      "fcf_margin_change": 1575.8930205949657
    },
    {
      "date": "2024-06-30T00:00:00",
      "quarter_label": "2024-06 (Q2)",
      "revenue": 882000,
      "gross_profit": null,
      "operating_income": -69333000,
      "net_income": -67383000,
      "opex": 70215000,
      "cogs": null,
      "rd": null,
      "sga": 39419000,
      "fcf": -53684000,
      "ocf": -53478000,
      "capex": -206000,
      "gross_margin": null,
      "op_margin": -78.60884353741497,
      "fcf_margin": -60.86621315192744,
      "rev_growth_yoy": 29.413793103448278,
      "rev_growth_yoy_accel": 15.937602627257801,
      "op_leverage_ratio": 7.788811825964709,
      "fcf_margin_change": 145.93641842701993
    },
    {
      "date": "2024-09-30T00:00:00",
      "quarter_label": "2024-09 (Q3)",
      "revenue": 28271000,
      "gross_profit": null,
      "operating_income": -28215000,
      "net_income": -26447000,
      "opex": 56486000,
      "cogs": null,
      "rd": null,
      "sga": 35877000,
      "fcf": -58942000,
      "ocf": -58942000,
      "capex": null,
      "gross_margin": null,
      "op_margin": -0.9980191715892611,
      "fcf_margin": -2.084892646174525,
      "incr_op_margin_yoy": 0.6901127832924182,
      "rev_growth_yoy": 171.3841463414634,
      "rev_growth_yoy_accel": 141.97035323801512,
      "op_leverage_ratio": Infinity,
      "fcf_margin_change": 58.781320505752916
    },
    {
      "date": "2025-03-31T00:00:00",
      "quarter_label": "2025-03 (Q1)",
      "revenue": 39603000,
      "gross_profit": null,
      "operating_income": -16704000,
      "net_income": -19835000,
      "opex": 56307000,
      "cogs": null,
      "rd": null,
      "sga": 40023000,
      "fcf": -47979000,
      "ocf": -47979000,
      "capex": null,
      "gross_margin": null,
      "op_margin": -0.4217862283160367,
      "fcf_margin": -1.2114991288538748,
      "incr_op_margin_yoy": 1.0033334181531337,
      "rev_growth_yoy": 129.27302631578948,
      "rev_growth_yoy_accel": -42.11112002567393,
      "op_leverage_ratio": Infinity,
      "fcf_margin_change": 0.8733935173206502
    },
    {
      "date": "2025-06-30T00:00:00",
      "quarter_label": "2025-06 (Q2)",
      "revenue": 49036000,
      "gross_profit": null,
      "operating_income": -12454000,
      "net_income": -16375000,
      "opex": 61490000,
      "cogs": null,
      "rd": null,
      "sga": 38564000,
      "fcf": -27415000,
      "ocf": -27415000,
      "capex": null,
      "gross_margin": null,
      "op_margin": -0.2539766702014846,
      "fcf_margin": -0.5590790439676973,
      "incr_op_margin_yoy": 1.1811895169663995,
      "rev_growth_yoy": 54.59637188208617,
      "rev_growth_yoy_accel": -74.6766544337033,
      "op_leverage_ratio": 2.587634476501095,
      "fcf_margin_change": 0.6524200848861775
    },
    {
      "date": "2025-09-30T00:00:00",
      "quarter_label": "2025-09 (Q3)",
      "revenue": 47227000,
      "gross_profit": null,
      "operating_income": -13887000,
      "net_income": -18428000,
      "opex": 61114000,
      "cogs": null,
      "rd": null,
      "sga": 39001000,
      "fcf": -13576000,
      "ocf": -13576000,
      "capex": null,
      "gross_margin": null,
      "op_margin": -0.2940478963304889,
      "fcf_margin": -0.2874626802464692,
      "incr_op_margin_yoy": 0.7558556657522684,
      "rev_growth_yoy": 0.6705104170351244,
      "rev_growth_yoy_accel": -53.92586146505104,
      "fcf_margin_change": 0.27161636372122805
    }
  ],
  "signals": [
    {
      "quarter": "2025-09 (Q3)",
      "signal": "FCF MARGIN EXPANSION",
      "detail": "FCF margin: -55.9% -> -28.7% (+27.2%)",
      "severity": "MEDIUM"
    },
    {
      "quarter": "2025-09 (Q3)",
      "signal": "YoY REVENUE GROWTH DECELERATION",
      "detail": "YoY growth: +67.1% vs prior quarter YoY: +5459.6% (decel: -5392.6%)",
      "severity": "WARNING"
    },
    {
      "quarter": "2025-06 (Q2)",
      "signal": "FCF MARGIN EXPANSION",
      "detail": "FCF margin: -121.1% -> -55.9% (+65.2%)",
      "severity": "MEDIUM"
    },
    {
      "quarter": "2025-06 (Q2)",
      "signal": "OPERATING LEVERAGE",
      "detail": "Rev growth +23.8% vs OpEx growth +9.2% (leverage: 2.6x)",
      "severity": "MEDIUM"
    },
    {
      "quarter": "2025-06 (Q2)",
      "signal": "YoY REVENUE GROWTH DECELERATION",
      "detail": "YoY growth: +5459.6% vs prior quarter YoY: +12927.3% (decel: -7467.7%)",
      "severity": "WARNING"
    },
    {
      "quarter": "2025-03 (Q1)",
      "signal": "FCF MARGIN EXPANSION",
      "detail": "FCF margin: -208.5% -> -121.1% (+87.3%)",
      "severity": "MEDIUM"
    },
    {
      "quarter": "2025-03 (Q1)",
      "signal": "YoY REVENUE GROWTH DECELERATION",
      "detail": "YoY growth: +12927.3% vs prior quarter YoY: +17138.4% (decel: -4211.1%)",
      "severity": "WARNING"
    },
    {
      "quarter": "2024-09 (Q3)",
      "signal": "FCF MARGIN EXPANSION",
      "detail": "FCF margin: -6086.6% -> -208.5% (+5878.1%)",
      "severity": "MEDIUM"
    },
    {
      "quarter": "2024-09 (Q3)",
      "signal": "YoY REVENUE GROWTH ACCELERATION",
      "detail": "YoY growth: +17138.4% vs prior quarter YoY: +2941.4% (accel: +14197.0%)",
      "severity": "HIGH"
    },
    {
      "quarter": "2024-06 (Q2)",
      "signal": "FCF MARGIN EXPANSION",
      "detail": "FCF margin: -20680.3% -> -6086.6% (+14593.6%)",
      "severity": "MEDIUM"
    },
    {
      "quarter": "2024-06 (Q2)",
      "signal": "OPERATING LEVERAGE",
      "detail": "Rev growth +190.1% vs OpEx growth +24.4% (leverage: 7.8x)",
      "severity": "MEDIUM"
    },
    {
      "quarter": "2024-06 (Q2)",
      "signal": "YoY REVENUE GROWTH ACCELERATION",
      "detail": "YoY growth: +2941.4% vs prior quarter YoY: +1347.6% (accel: +1593.8%)",
      "severity": "HIGH"
    },
    {
      "quarter": "2024-03 (Q1)",
      "signal": "FCF MARGIN EXPANSION",
      "detail": "FCF margin: -178269.6% -> -20680.3% (+157589.3%)",
      "severity": "MEDIUM"
    },
    {
      "quarter": "2024-03 (Q1)",
      "signal": "OPERATING LEVERAGE",
      "detail": "Rev growth +1221.7% vs OpEx growth +3.9% (leverage: 312.1x)",
      "severity": "MEDIUM"
    },
    {
      "quarter": "2024-03 (Q1)",
      "signal": "YoY REVENUE GROWTH ACCELERATION",
      "detail": "YoY growth: +1347.6% vs prior quarter YoY: -77.7% (accel: +1425.3%)",
      "severity": "HIGH"
    },
    {
      "quarter": "2023-12 (Q4)",
      "signal": "YoY REVENUE GROWTH DECELERATION",
      "detail": "YoY growth: -77.7% vs prior quarter YoY: -44.8% (decel: -32.9%)",
      "severity": "WARNING"
    },
    {
      "quarter": "2023-09 (Q3)",
      "signal": "FCF MARGIN EXPANSION",
      "detail": "FCF margin: -102769.0% -> -31116.5% (+71652.5%)",
      "severity": "MEDIUM"
    },
    {
      "quarter": "2023-09 (Q3)",
      "signal": "YoY REVENUE GROWTH ACCELERATION",
      "detail": "YoY growth: -44.8% vs prior quarter YoY: -60.3% (accel: +15.5%)",
      "severity": "HIGH"
    },
    {
      "quarter": "2023-06 (Q2)",
      "signal": "FCF MARGIN EXPANSION",
      "detail": "FCF margin: -222557.1% -> -102769.0% (+119788.2%)",
      "severity": "MEDIUM"
    },
    {
      "quarter": "2023-06 (Q2)",
      "signal": "YoY REVENUE GROWTH ACCELERATION",
      "detail": "YoY growth: -60.3% vs prior quarter YoY: -82.9% (accel: +22.7%)",
      "severity": "HIGH"
    },
    {
      "quarter": "2023-03 (Q1)",
      "signal": "YoY REVENUE GROWTH ACCELERATION",
      "detail": "YoY growth: -82.9% vs prior quarter YoY: -90.1% (accel: +7.2%)",
      "severity": "MEDIUM"
    },
    {
      "quarter": "2022-12 (Q4)",
      "signal": "YoY REVENUE GROWTH DECELERATION",
      "detail": "YoY growth: -90.1% vs prior quarter YoY: +172.5% (decel: -262.6%)",
      "severity": "WARNING"
    },
    {
      "quarter": "2022-09 (Q3)",
      "signal": "FCF MARGIN EXPANSION",
      "detail": "FCF margin: -39331.5% -> -10017.8% (+29313.7%)",
      "severity": "MEDIUM"
    },
    {
      "quarter": "2022-09 (Q3)",
      "signal": "OPERATING LEVERAGE",
      "detail": "Rev growth +306.8% vs OpEx growth +43.5% (leverage: 7.1x)",
      "severity": "MEDIUM"
    },
    {
      "quarter": "2022-09 (Q3)",
      "signal": "YoY REVENUE GROWTH ACCELERATION",
      "detail": "YoY growth: +172.5% vs prior quarter YoY: -31.8% (accel: +204.3%)",
      "severity": "HIGH"
    },
    {
      "quarter": "2022-06 (Q2)",
      "signal": "YoY REVENUE GROWTH DECELERATION",
      "detail": "YoY growth: -31.8% vs prior quarter YoY: -10.2% (decel: -21.6%)",
      "severity": "WARNING"
    },
    {
      "quarter": "2022-03 (Q1)",
      "signal": "YoY REVENUE GROWTH DECELERATION",
      "detail": "YoY growth: -10.2% vs prior quarter YoY: +1980.0% (decel: -1990.2%)",
      "severity": "WARNING"
    },
    {
      "quarter": "2021-12 (Q4)",
      "signal": "FCF MARGIN EXPANSION",
      "detail": "FCF margin: -21040.4% -> -2141.4% (+18898.9%)",
      "severity": "MEDIUM"
    },
    {
      "quarter": "2021-12 (Q4)",
      "signal": "OPERATING LEVERAGE",
      "detail": "Rev growth +854.1% vs OpEx growth +24.2% (leverage: 35.3x)",
      "severity": "MEDIUM"
    },
    {
      "quarter": "2021-12 (Q4)",
      "signal": "YoY REVENUE GROWTH ACCELERATION",
      "detail": "YoY growth: +1980.0% vs prior quarter YoY: +0.9% (accel: +1979.1%)",
      "severity": "HIGH"
    },
    {
      "quarter": "2021-06 (Q2)",
      "signal": "FCF MARGIN EXPANSION",
      "detail": "FCF margin: -23900.7% -> -16648.6% (+7252.1%)",
      "severity": "MEDIUM"
    },
    {
      "quarter": "2021-03 (Q1)",
      "signal": "FCF MARGIN EXPANSION",
      "detail": "FCF margin: -25250.0% -> -23900.7% (+1349.3%)",
      "severity": "MEDIUM"
    },
    {
      "quarter": "2021-03 (Q1)",
      "signal": "OPERATING LEVERAGE",
      "detail": "Rev growth +174.0% vs OpEx growth +22.6% (leverage: 7.7x)",
      "severity": "MEDIUM"
    }
  ],
  "data_quality": {
    "n_quarters": 20,
    "coverage": {
      "revenue": [
        20,
        20
      ],
      "gross_profit": [
        0,
        20
      ],
      "op_income": [
        19,
        20
      ],
      "fcf": [
        19,
        20
      ]
    },
    "gaps": [
      [
        "2024-09 (Q3)",
        "2025-03 (Q1)",
        182
      ]
    ],
    "warnings": [
      "gross_profit: no data",
      "gap: 1Q missing between 2024-09 (Q3) and 2025-03 (Q1)"
    ]
  },
  "market_cap": null,
  "source": "SEC EDGAR",
  "last_updated": "2026-02-02T22:05:31.844758"
}