{
  "ticker": "GFF",
  "name": "GRIFFON CORPORATION",
  "sector": "Industrials",
  "industry": "Building Products & Equipment",
  "quarters": [
    {
      "date": "2021-03-31T00:00:00",
      "quarter_label": "2021-03 (Q1)",
      "revenue": 634832000,
      "gross_profit": 170316000,
      "operating_income": 43489000,
      "net_income": 17112000,
      "opex": 126827000,
      "cogs": 464516000,
      "rd": null,
      "sga": 126827000,
      "fcf": null,
      "ocf": null,
      "capex": -8813000,
      "gross_margin": 0.26828515260730396,
      "op_margin": 0.0685047382614613,
      "fcf_margin": null
    },
    {
      "date": "2021-06-30T00:00:00",
      "quarter_label": "2021-06 (Q2)",
      "revenue": 646792000,
      "gross_profit": 170065000,
      "operating_income": 44486000,
      "net_income": 16707000,
      "opex": 125579000,
      "cogs": 476727000,
      "rd": null,
      "sga": 125579000,
      "fcf": null,
      "ocf": null,
      "capex": -7114000,
      "gross_margin": 0.26293615258073694,
      "op_margin": 0.06877945305445955,
      "fcf_margin": null,
      "op_leverage_ratio": null
    },
    {
      "date": "2021-09-30T00:00:00",
      "quarter_label": "2021-09 (Q3)",
      "revenue": 379711000,
      "gross_profit": 130560000,
      "operating_income": 33993000,
      "net_income": 15892000,
      "opex": 96567000,
      "cogs": 249151000,
      "rd": null,
      "sga": 96567000,
      "fcf": null,
      "ocf": null,
      "capex": -12002000,
      "gross_margin": 0.3438404470768558,
      "op_margin": 0.08952334801994148,
      "fcf_margin": null
    },
    {
      "date": "2021-12-31T00:00:00",
      "quarter_label": "2021-12 (Q4)",
      "revenue": 591749000,
      "gross_profit": 165842000,
      "operating_income": 38490000,
      "net_income": 19298000,
      "opex": 127352000,
      "cogs": 425907000,
      "rd": null,
      "sga": 127352000,
      "fcf": null,
      "ocf": null,
      "capex": -10573000,
      "gross_margin": 0.2802573388379195,
      "op_margin": 0.06504446986813665,
      "fcf_margin": null,
      "op_leverage_ratio": 1.7516611677709926
    },
    {
      "date": "2022-03-31T00:00:00",
      "quarter_label": "2022-03 (Q1)",
      "revenue": 779617000,
      "gross_profit": 260643000,
      "operating_income": 102805000,
      "net_income": 65689000,
      "opex": 157838000,
      "cogs": 518974000,
      "rd": null,
      "sga": 157838000,
      "fcf": null,
      "ocf": null,
      "capex": -11457000,
      "gross_margin": 0.33432185290982624,
      "op_margin": 0.13186603165400446,
      "fcf_margin": null,
      "incr_op_margin_yoy": 0.4096833235487102,
      "rev_growth_yoy": 0.22806821332257984,
      "op_leverage_ratio": 1.3262353627112495
    },
    {
      "date": "2022-06-30T00:00:00",
      "quarter_label": "2022-06 (Q2)",
      "revenue": 768179000,
      "gross_profit": 260601000,
      "operating_income": 103214000,
      "net_income": 140287000,
      "opex": 157387000,
      "cogs": 507578000,
      "rd": null,
      "sga": 157387000,
      "fcf": null,
      "ocf": null,
      "capex": -11486000,
      "gross_margin": 0.33924514989344934,
      "op_margin": 0.13436191304370465,
      "fcf_margin": null,
      "incr_op_margin_yoy": 0.4838079860281579,
      "rev_growth_yoy": 0.1876754814530792,
      "rev_growth_yoy_accel": -0.04039273186950065
    },
    {
      "date": "2022-09-30T00:00:00",
      "quarter_label": "2022-09 (Q3)",
      "revenue": 708943000,
      "gross_profit": 249800000,
      "operating_income": -433576000,
      "net_income": -416832000,
      "opex": 683376000,
      "cogs": 459143000,
      "rd": null,
      "sga": 166349000,
      "fcf": null,
      "ocf": null,
      "capex": -8972000,
      "gross_margin": 0.35235554903567706,
      "op_margin": -0.6115809028370405,
      "fcf_margin": null,
      "incr_op_margin_yoy": -1.4201809058657724,
      "rev_growth_yoy": 0.8670594215074096,
      "rev_growth_yoy_accel": 0.6793839400543303
    },
    {
      "date": "2022-12-31T00:00:00",
      "quarter_label": "2022-12 (Q4)",
      "revenue": 649384000,
      "gross_profit": 233825000,
      "operating_income": 81105000,
      "net_income": 48702000,
      "opex": 152720000,
      "cogs": 415559000,
      "rd": null,
      "sga": 152720000,
      "fcf": null,
      "ocf": null,
      "capex": -4726000,
      "gross_margin": 0.3600720067017358,
      "op_margin": 0.12489528537814298,
      "fcf_margin": null,
      "incr_op_margin_yoy": 0.7393944651687343,
      "rev_growth_yoy": 0.09739771423356862,
      "rev_growth_yoy_accel": -0.769661707273841
    },
    {
      "date": "2023-03-31T00:00:00",
      "quarter_label": "2023-03 (Q1)",
      "revenue": 710984000,
      "gross_profit": 194492000,
      "operating_income": -65809000,
      "net_income": -62255000,
      "opex": 260301000,
      "cogs": 516492000,
      "rd": null,
      "sga": 160301000,
      "fcf": null,
      "ocf": null,
      "capex": -7111000,
      "gross_margin": 0.27355327264748575,
      "op_margin": -0.09256045143069323,
      "fcf_margin": null,
      "incr_op_margin_yoy": 2.456748211501756,
      "rev_growth_yoy": -0.08803425271639792,
      "rev_growth_yoy_accel": -0.18543196694996655,
      "op_leverage_ratio": 0.13466026560018327
    },
    {
      "date": "2023-06-30T00:00:00",
      "quarter_label": "2023-06 (Q2)",
      "revenue": 683430000,
      "gross_profit": 274624000,
      "operating_income": 102185000,
      "net_income": 49205000,
      "opex": 172439000,
      "cogs": 408806000,
      "rd": null,
      "sga": 172439000,
      "fcf": null,
      "ocf": null,
      "capex": -8346000,
      "gross_margin": 0.4018319359700335,
      "op_margin": 0.149517873081369,
      "fcf_margin": null,
      "incr_op_margin_yoy": 0.012141736185677708,
      "rev_growth_yoy": -0.11032454675277507,
      "rev_growth_yoy_accel": -0.022290294036377153
    },
    {
      "date": "2023-09-30T00:00:00",
      "quarter_label": "2023-09 (Q3)",
      "revenue": 641385000,
      "gross_profit": 245880000,
      "operating_income": 79406000,
      "net_income": 41965000,
      "opex": 166474000,
      "cogs": 395505000,
      "rd": null,
      "sga": 157274000,
      "fcf": null,
      "ocf": null,
      "capex": -43421000,
      "gross_margin": 0.3833578895671087,
      "op_margin": 0.12380395550254528,
      "fcf_margin": null,
      "incr_op_margin_yoy": -7.593208798365849,
      "rev_growth_yoy": -0.09529397991093783,
      "rev_growth_yoy_accel": 0.015030566841837248
    },
    {
      "date": "2023-12-31T00:00:00",
      "quarter_label": "2023-12 (Q4)",
      "revenue": 643153000,
      "gross_profit": 236641000,
      "operating_income": 83838000,
      "net_income": 42177000,
      "opex": 152803000,
      "cogs": 406512000,
      "rd": null,
      "sga": 152803000,
      "fcf": null,
      "ocf": null,
      "capex": -14330000,
      "gross_margin": 0.3679388885692829,
      "op_margin": 0.13035467454866884,
      "fcf_margin": null,
      "incr_op_margin_yoy": -0.43861338468945593,
      "rev_growth_yoy": -0.009595247188104419,
      "rev_growth_yoy_accel": 0.0856987327228334
    },
    {
      "date": "2024-03-31T00:00:00",
      "quarter_label": "2024-03 (Q1)",
      "revenue": 672880000,
      "gross_profit": 270665000,
      "operating_income": 113448000,
      "net_income": 64143000,
      "opex": 157217000,
      "cogs": 402215000,
      "rd": null,
      "sga": 157217000,
      "fcf": null,
      "ocf": null,
      "capex": -18959000,
      "gross_margin": 0.40224854357389134,
      "op_margin": 0.1686006420164071,
      "fcf_margin": null,
      "incr_op_margin_yoy": -4.704414234726013,
      "rev_growth_yoy": -0.05359332980770313,
      "rev_growth_yoy_accel": -0.043998082619598713,
      "op_leverage_ratio": 1.6000602469847747
    },
    {
      "date": "2024-06-30T00:00:00",
      "quarter_label": "2024-06 (Q2)",
      "revenue": 647814000,
      "gross_profit": 249149000,
      "operating_income": 89339000,
      "net_income": 41086000,
      "opex": 159810000,
      "cogs": 398665000,
      "rd": null,
      "sga": 159810000,
      "fcf": null,
      "ocf": null,
      "capex": -14560000,
      "gross_margin": 0.38459959185815684,
      "op_margin": 0.13790841198245174,
      "fcf_margin": null,
      "incr_op_margin_yoy": 0.36068059299191374,
      "rev_growth_yoy": -0.05211360344146438,
      "rev_growth_yoy_accel": 0.0014797263662387483
    },
    {
      "date": "2024-09-30T00:00:00",
      "quarter_label": "2024-09 (Q3)",
      "revenue": 659673000,
      "gross_profit": 263480000,
      "operating_income": 111672000,
      "net_income": 62491000,
      "opex": 151808000,
      "cogs": 396193000,
      "rd": null,
      "sga": 151808000,
      "fcf": null,
      "ocf": null,
      "capex": -20550000,
      "gross_margin": 0.3994100107174312,
      "op_margin": 0.16928387246408447,
      "fcf_margin": null,
      "incr_op_margin_yoy": 1.764326334208224,
      "rev_growth_yoy": 0.02851329544657265,
      "rev_growth_yoy_accel": 0.08062689888803704,
      "op_leverage_ratio": null
    },
    {
      "date": "2024-12-31T00:00:00",
      "quarter_label": "2024-12 (Q4)",
      "revenue": 632371000,
      "gross_profit": 264276000,
      "operating_income": 112095000,
      "net_income": 70851000,
      "opex": 152181000,
      "cogs": 368095000,
      "rd": null,
      "sga": 152181000,
      "fcf": null,
      "ocf": null,
      "capex": -17456000,
      "gross_margin": 0.4179129023943223,
      "op_margin": 0.17726144937070168,
      "fcf_margin": null,
      "incr_op_margin_yoy": -2.620756816917084,
      "rev_growth_yoy": -0.016764284703639724,
      "rev_growth_yoy_accel": -0.045277580150212375
    },
    {
      "date": "2025-03-31T00:00:00",
      "quarter_label": "2025-03 (Q1)",
      "revenue": 611746000,
      "gross_profit": 252211000,
      "operating_income": 101164000,
      "net_income": 56762000,
      "opex": 151047000,
      "cogs": 359535000,
      "rd": null,
      "sga": 151047000,
      "fcf": null,
      "ocf": null,
      "capex": -13718000,
      "gross_margin": 0.4122805870410268,
      "op_margin": 0.1653692872532064,
      "fcf_margin": null,
      "incr_op_margin_yoy": 0.20093564955671148,
      "rev_growth_yoy": -0.09085423849720604,
      "rev_growth_yoy_accel": -0.07408995379356632
    },
    {
      "date": "2025-06-30T00:00:00",
      "quarter_label": "2025-06 (Q2)",
      "revenue": 613627000,
      "gross_profit": 265248000,
      "operating_income": -126001000,
      "net_income": -120139000,
      "opex": 391249000,
      "cogs": 348379000,
      "rd": null,
      "sga": 147637000,
      "fcf": null,
      "ocf": null,
      "capex": -8693000,
      "gross_margin": 0.43226259600702055,
      "op_margin": -0.20533809627020974,
      "fcf_margin": null,
      "incr_op_margin_yoy": 6.298885541287624,
      "rev_growth_yoy": -0.05277286381584838,
      "rev_growth_yoy_accel": 0.038081374681357666
    },
    {
      "date": "2025-09-30T00:00:00",
      "quarter_label": "2025-09 (Q3)",
      "revenue": 662182000,
      "gross_profit": 276270000,
      "operating_income": 119019000,
      "net_income": 43636000,
      "opex": 157251000,
      "cogs": 385912000,
      "rd": null,
      "sga": 157251000,
      "fcf": null,
      "ocf": null,
      "capex": -12568000,
      "gross_margin": 0.41721158231422784,
      "op_margin": 0.17973759480022108,
      "fcf_margin": null,
      "incr_op_margin_yoy": 2.928258270227182,
      "rev_growth_yoy": 0.0038033995631168776,
      "rev_growth_yoy_accel": 0.05657626337896526,
      "op_leverage_ratio": null
    },
    {
      "date": "2025-12-31T00:00:00",
      "quarter_label": "2025-12 (Q4)",
      "revenue": 649088000,
      "gross_profit": 266765000,
      "operating_income": 113359000,
      "net_income": 64387000,
      "opex": 153406000,
      "cogs": 382323000,
      "rd": null,
      "sga": 153406000,
      "fcf": null,
      "ocf": null,
      "capex": -7662000,
      "gross_margin": 0.41098433494379805,
      "op_margin": 0.17464349980280022,
      "fcf_margin": null,
      "incr_op_margin_yoy": 0.07561165280851828,
      "rev_growth_yoy": 0.026435431099781616,
      "rev_growth_yoy_accel": 0.022632031536664737
    }
  ],
  "signals": [
    {
      "quarter": "2025-09 (Q3)",
      "signal": "YoY REVENUE GROWTH ACCELERATION",
      "detail": "YoY growth: +0.4% vs prior quarter YoY: -5.3% (accel: +5.7%)",
      "severity": "MEDIUM"
    },
    {
      "quarter": "2025-09 (Q3)",
      "signal": "INCREMENTAL MARGIN (YoY)",
      "detail": "YoY Incr OPM: +292.8% vs year-ago OPM: +16.9%",
      "severity": "HIGH"
    },
    {
      "quarter": "2025-09 (Q3)",
      "signal": "OP MARGIN TURNED POSITIVE (QoQ)",
      "detail": "Op margin: -20.5% -> +18.0%",
      "severity": "HIGH"
    },
    {
      "quarter": "2025-03 (Q1)",
      "signal": "YoY REVENUE GROWTH DECELERATION",
      "detail": "YoY growth: -9.1% vs prior quarter YoY: -1.7% (decel: -7.4%)",
      "severity": "WARNING"
    },
    {
      "quarter": "2024-09 (Q3)",
      "signal": "YoY REVENUE GROWTH ACCELERATION",
      "detail": "YoY growth: +2.9% vs prior quarter YoY: -5.2% (accel: +8.1%)",
      "severity": "MEDIUM"
    },
    {
      "quarter": "2024-09 (Q3)",
      "signal": "INCREMENTAL MARGIN (YoY)",
      "detail": "YoY Incr OPM: +176.4% vs year-ago OPM: +12.4%",
      "severity": "HIGH"
    },
    {
      "quarter": "2024-06 (Q2)",
      "signal": "INCREMENTAL MARGIN (YoY)",
      "detail": "YoY Incr OPM: +36.1% vs year-ago OPM: +15.0%",
      "severity": "HIGH"
    },
    {
      "quarter": "2024-03 (Q1)",
      "signal": "OPERATING LEVERAGE",
      "detail": "Rev growth +4.6% vs OpEx growth +2.9% (leverage: 1.6x)",
      "severity": "MEDIUM"
    },
    {
      "quarter": "2024-03 (Q1)",
      "signal": "GROSS MARGIN INFLECTION",
      "detail": "GM: +38.3% -> +36.8% -> +40.2% (reversal +3.4%)",
      "severity": "MEDIUM"
    },
    {
      "quarter": "2024-03 (Q1)",
      "signal": "OP MARGIN TURNED POSITIVE (YoY)",
      "detail": "Op margin: -9.3% (year-ago) -> +16.9%",
      "severity": "HIGH"
    },
    {
      "quarter": "2023-12 (Q4)",
      "signal": "YoY REVENUE GROWTH ACCELERATION",
      "detail": "YoY growth: -1.0% vs prior quarter YoY: -9.5% (accel: +8.6%)",
      "severity": "MEDIUM"
    },
    {
      "quarter": "2023-09 (Q3)",
      "signal": "OP MARGIN TURNED POSITIVE (YoY)",
      "detail": "Op margin: -61.2% (year-ago) -> +12.4%",
      "severity": "HIGH"
    },
    {
      "quarter": "2023-06 (Q2)",
      "signal": "GROSS MARGIN INFLECTION",
      "detail": "GM: +36.0% -> +27.4% -> +40.2% (reversal +12.8%)",
      "severity": "HIGH"
    },
    {
      "quarter": "2023-06 (Q2)",
      "signal": "OP MARGIN TURNED POSITIVE (QoQ)",
      "detail": "Op margin: -9.3% -> +15.0%",
      "severity": "HIGH"
    },
    {
      "quarter": "2023-03 (Q1)",
      "signal": "YoY REVENUE GROWTH DECELERATION",
      "detail": "YoY growth: -8.8% vs prior quarter YoY: +9.7% (decel: -18.5%)",
      "severity": "WARNING"
    },
    {
      "quarter": "2022-12 (Q4)",
      "signal": "YoY REVENUE GROWTH DECELERATION",
      "detail": "YoY growth: +9.7% vs prior quarter YoY: +86.7% (decel: -77.0%)",
      "severity": "WARNING"
    },
    {
      "quarter": "2022-12 (Q4)",
      "signal": "INCREMENTAL MARGIN (YoY)",
      "detail": "YoY Incr OPM: +73.9% vs year-ago OPM: +6.5%",
      "severity": "HIGH"
    },
    {
      "quarter": "2022-12 (Q4)",
      "signal": "OP MARGIN TURNED POSITIVE (QoQ)",
      "detail": "Op margin: -61.2% -> +12.5%",
      "severity": "HIGH"
    },
    {
      "quarter": "2022-09 (Q3)",
      "signal": "YoY REVENUE GROWTH ACCELERATION",
      "detail": "YoY growth: +86.7% vs prior quarter YoY: +18.8% (accel: +67.9%)",
      "severity": "HIGH"
    },
    {
      "quarter": "2022-06 (Q2)",
      "signal": "INCREMENTAL MARGIN (YoY)",
      "detail": "YoY Incr OPM: +48.4% vs year-ago OPM: +6.9%",
      "severity": "HIGH"
    },
    {
      "quarter": "2022-03 (Q1)",
      "signal": "GROSS MARGIN INFLECTION",
      "detail": "GM: +34.4% -> +28.0% -> +33.4% (reversal +5.4%)",
      "severity": "HIGH"
    },
    {
      "quarter": "2022-03 (Q1)",
      "signal": "INCREMENTAL MARGIN (YoY)",
      "detail": "YoY Incr OPM: +41.0% vs year-ago OPM: +6.9%",
      "severity": "HIGH"
    },
    {
      "quarter": "2021-12 (Q4)",
      "signal": "OPERATING LEVERAGE",
      "detail": "Rev growth +55.8% vs OpEx growth +31.9% (leverage: 1.8x)",
      "severity": "MEDIUM"
    },
    {
      "quarter": "2021-09 (Q3)",
      "signal": "GROSS MARGIN INFLECTION",
      "detail": "GM: +26.8% -> +26.3% -> +34.4% (reversal +8.1%)",
      "severity": "HIGH"
    }
  ],
  "data_quality": {
    "n_quarters": 20,
    "coverage": {
      "revenue": [
        20,
        20
      ],
      "gross_profit": [
        20,
        20
      ],
      "op_income": [
        20,
        20
      ],
      "fcf": [
        0,
        20
      ]
    },
    "gaps": [],
    "warnings": [
      "fcf: no data"
    ]
  },
  "market_cap": null,
  "source": "SEC EDGAR",
  "last_updated": "2026-02-09T19:07:56.954136"
}