{
  "ticker": "GGROU",
  "name": "Golden Growers Cooperative",
  "quarters": [
    {
      "date": "2020-12-31T00:00:00",
      "quarter_label": "2020-12 (Q4)",
      "revenue": 14401000,
      "gross_profit": 2000,
      "operating_income": 1285000,
      "net_income": null,
      "opex": -1283000,
      "cogs": 14399000,
      "rd": null,
      "sga": null,
      "fcf": -57000,
      "ocf": -57000,
      "capex": null,
      "gross_margin": 0.00013887924449690992,
      "op_margin": 0.08922991458926463,
      "fcf_margin": -0.003958058468161933
    },
    {
      "date": "2021-03-31T00:00:00",
      "quarter_label": "2021-03 (Q1)",
      "revenue": 23501000,
      "gross_profit": -14000,
      "operating_income": 1733000,
      "net_income": null,
      "opex": -1747000,
      "cogs": 23515000,
      "rd": null,
      "sga": null,
      "fcf": -100000,
      "ocf": -100000,
      "capex": null,
      "gross_margin": -0.000595719331092294,
      "op_margin": 0.07374154291306753,
      "fcf_margin": -0.004255138079230671,
      "op_leverage_ratio": 1.7472595293909188,
      "fcf_margin_change": -0.0002970796110687377
    },
    {
      "date": "2021-06-30T00:00:00",
      "quarter_label": "2021-06 (Q2)",
      "revenue": 26334000,
      "gross_profit": -17000,
      "operating_income": 2315000,
      "net_income": null,
      "opex": -2332000,
      "cogs": 26351000,
      "rd": null,
      "sga": null,
      "fcf": -102000,
      "ocf": -102000,
      "capex": null,
      "gross_margin": -0.0006455532771322245,
      "op_margin": 0.08790916685653528,
      "fcf_margin": -0.003873319662793347,
      "op_leverage_ratio": 0.3599956648507774,
      "fcf_margin_change": 0.0003818184164373238
    },
    {
      "date": "2021-09-30T00:00:00",
      "quarter_label": "2021-09 (Q3)",
      "revenue": 19554000,
      "gross_profit": -14000,
      "operating_income": 1668000,
      "net_income": null,
      "opex": -1682000,
      "cogs": 19568000,
      "rd": null,
      "sga": null,
      "fcf": -109000,
      "ocf": -109000,
      "capex": null,
      "gross_margin": -0.0007159660427534008,
      "op_margin": 0.08530223995090519,
      "fcf_margin": -0.005574307047151478,
      "fcf_margin_change": -0.0017009873843581306
    },
    {
      "date": "2021-12-31T00:00:00",
      "quarter_label": "2021-12 (Q4)",
      "revenue": 20176000,
      "gross_profit": 4000,
      "operating_income": 2179000,
      "net_income": null,
      "opex": -2175000,
      "cogs": 20172000,
      "rd": null,
      "sga": null,
      "fcf": -73000,
      "ocf": -73000,
      "capex": null,
      "gross_margin": 0.00019825535289452815,
      "op_margin": 0.10799960348929422,
      "fcf_margin": -0.003618160190325139,
      "incr_op_margin_yoy": 0.1548051948051948,
      "rev_growth_yoy": 0.4010138184848274,
      "op_leverage_ratio": 0.10852601243013317,
      "fcf_margin_change": 0.001956146856826339
    },
    {
      "date": "2022-03-31T00:00:00",
      "quarter_label": "2022-03 (Q1)",
      "revenue": 30302000,
      "gross_profit": -15000,
      "operating_income": 2579000,
      "net_income": null,
      "opex": -2594000,
      "cogs": 30317000,
      "rd": null,
      "sga": null,
      "fcf": -168000,
      "ocf": -168000,
      "capex": null,
      "gross_margin": -0.0004950168305722395,
      "op_margin": 0.08510989373638704,
      "fcf_margin": -0.005544188502409082,
      "incr_op_margin_yoy": 0.12439347154830172,
      "rev_growth_yoy": 0.28939194076847796,
      "rev_growth_yoy_accel": -0.11162187771634946,
      "op_leverage_ratio": 2.6052421270386232,
      "fcf_margin_change": -0.0019260283120839427
    },
    {
      "date": "2022-06-30T00:00:00",
      "quarter_label": "2022-06 (Q2)",
      "revenue": 29513000,
      "gross_profit": -16000,
      "operating_income": 967000,
      "net_income": null,
      "opex": -983000,
      "cogs": 29529000,
      "rd": null,
      "sga": null,
      "fcf": -160000,
      "ocf": -160000,
      "capex": null,
      "gross_margin": -0.0005421339748585369,
      "op_margin": 0.032765222105512824,
      "fcf_margin": -0.005421339748585369,
      "incr_op_margin_yoy": -0.42403271469015413,
      "rev_growth_yoy": 0.12071846282372597,
      "rev_growth_yoy_accel": -0.168673477944752,
      "fcf_margin_change": 0.0001228487538237127
    },
    {
      "date": "2022-09-30T00:00:00",
      "quarter_label": "2022-09 (Q3)",
      "revenue": 22891000,
      "gross_profit": -17000,
      "operating_income": 1213000,
      "net_income": null,
      "opex": -1230000,
      "cogs": 22908000,
      "rd": null,
      "sga": null,
      "fcf": -46000,
      "ocf": -46000,
      "capex": null,
      "gross_margin": -0.0007426499497619151,
      "op_margin": 0.05299025818007077,
      "fcf_margin": -0.0020095233934734175,
      "incr_op_margin_yoy": -0.13635001498351812,
      "rev_growth_yoy": 0.17065562033343562,
      "rev_growth_yoy_accel": 0.049937157509709645,
      "fcf_margin_change": 0.0034118163551119514
    },
    {
      "date": "2022-12-31T00:00:00",
      "quarter_label": "2022-12 (Q4)",
      "revenue": 24703000,
      "gross_profit": 6000,
      "operating_income": 1414000,
      "net_income": null,
      "opex": -1408000,
      "cogs": 24697000,
      "rd": null,
      "sga": null,
      "fcf": -36000,
      "ocf": -36000,
      "capex": null,
      "gross_margin": 0.00024288547949641743,
      "op_margin": 0.05724001133465571,
      "fcf_margin": -0.0014573128769785047,
      "incr_op_margin_yoy": -0.16898608349900596,
      "rev_growth_yoy": 0.22437549563838224,
      "rev_growth_yoy_accel": 0.053719875304946624,
      "op_leverage_ratio": 0.546988929950881,
      "fcf_margin_change": 0.0005522105164949128
    },
    {
      "date": "2023-03-31T00:00:00",
      "quarter_label": "2023-03 (Q1)",
      "revenue": 31283000,
      "gross_profit": -14000,
      "operating_income": 1381000,
      "net_income": 1473000,
      "opex": -1395000,
      "cogs": 31297000,
      "rd": null,
      "sga": null,
      "fcf": -118000,
      "ocf": -118000,
      "capex": null,
      "gross_margin": -0.00044752741105392703,
      "op_margin": 0.044145382476105235,
      "fcf_margin": -0.003772016750311671,
      "rev_growth_yoy": 0.03237410071942446,
      "rev_growth_yoy_accel": -0.1920013949189578,
      "op_leverage_ratio": Infinity,
      "fcf_margin_change": -0.002314703873333166
    },
    {
      "date": "2023-06-30T00:00:00",
      "quarter_label": "2023-06 (Q2)",
      "revenue": 23022000,
      "gross_profit": -25000,
      "operating_income": 1399000,
      "net_income": null,
      "opex": -1424000,
      "cogs": 23047000,
      "rd": null,
      "sga": null,
      "fcf": -96000,
      "ocf": -96000,
      "capex": null,
      "gross_margin": -0.0010859178177395534,
      "op_margin": 0.06076796108070541,
      "fcf_margin": -0.004169924420119885,
      "incr_op_margin_yoy": -0.06655368972423355,
      "rev_growth_yoy": -0.2199369769254227,
      "rev_growth_yoy_accel": -0.25231107764484717,
      "fcf_margin_change": -0.0003979076698082144
    },
    {
      "date": "2023-09-30T00:00:00",
      "quarter_label": "2023-09 (Q3)",
      "revenue": 17476000,
      "gross_profit": -17000,
      "operating_income": 1196000,
      "net_income": 1107000,
      "opex": -1213000,
      "cogs": 17493000,
      "rd": null,
      "sga": null,
      "fcf": -28000,
      "ocf": -28000,
      "capex": null,
      "gross_margin": -0.0009727626459143969,
      "op_margin": 0.06843671320668346,
      "fcf_margin": -0.0016021972991531242,
      "incr_op_margin_yoy": 0.003139427516158818,
      "rev_growth_yoy": -0.2365558516447512,
      "rev_growth_yoy_accel": -0.01661887471932852,
      "fcf_margin_change": 0.002567727120966761
    },
    {
      "date": "2023-12-31T00:00:00",
      "quarter_label": "2023-12 (Q4)",
      "revenue": 16238000,
      "gross_profit": -203000,
      "operating_income": 1234000,
      "net_income": null,
      "opex": -1437000,
      "cogs": 16441000,
      "rd": null,
      "sga": null,
      "fcf": -39000,
      "ocf": -39000,
      "capex": null,
      "gross_margin": -0.012501539598472718,
      "op_margin": 0.07599458061337604,
      "fcf_margin": -0.0024017736174405716,
      "incr_op_margin_yoy": 0.021264028352037802,
      "rev_growth_yoy": -0.3426709306561956,
      "rev_growth_yoy_accel": -0.10611507901144437,
      "fcf_margin_change": -0.0007995763182874474
    },
    {
      "date": "2024-03-31T00:00:00",
      "quarter_label": "2024-03 (Q1)",
      "revenue": 18143000,
      "gross_profit": -11000,
      "operating_income": 1367000,
      "net_income": 1476000,
      "opex": -1378000,
      "cogs": 18154000,
      "rd": null,
      "sga": null,
      "fcf": -311000,
      "ocf": -311000,
      "capex": null,
      "gross_margin": -0.0006062944386264675,
      "op_margin": 0.07534586341839827,
      "fcf_margin": -0.0171415973102574,
      "incr_op_margin_yoy": 0.00106544901065449,
      "rev_growth_yoy": -0.42003644151775726,
      "rev_growth_yoy_accel": -0.07736551086156168,
      "op_leverage_ratio": Infinity,
      "fcf_margin_change": -0.014739823692816829
    },
    {
      "date": "2024-06-30T00:00:00",
      "quarter_label": "2024-06 (Q2)",
      "revenue": 15801000,
      "gross_profit": -13000,
      "operating_income": 1388000,
      "net_income": 1496000,
      "opex": -1401000,
      "cogs": 15814000,
      "rd": null,
      "sga": null,
      "fcf": -44000,
      "ocf": -44000,
      "capex": null,
      "gross_margin": -0.0008227327384342764,
      "op_margin": 0.08784254161129043,
      "fcf_margin": -0.0027846338839313967,
      "incr_op_margin_yoy": 0.0015233347181830771,
      "rev_growth_yoy": -0.3136565024758926,
      "rev_growth_yoy_accel": 0.10637993904186466,
      "fcf_margin_change": 0.014356963426326004
    },
    {
      "date": "2024-09-30T00:00:00",
      "quarter_label": "2024-09 (Q3)",
      "revenue": 13446000,
      "gross_profit": -18000,
      "operating_income": 1435000,
      "net_income": 1561000,
      "opex": -1453000,
      "cogs": 13464000,
      "rd": null,
      "sga": null,
      "fcf": 379000,
      "ocf": 379000,
      "capex": null,
      "gross_margin": -0.0013386880856760374,
      "op_margin": 0.10672318905250631,
      "fcf_margin": 0.028186821359512122,
      "incr_op_margin_yoy": -0.059305210918114144,
      "rev_growth_yoy": -0.2306019684138247,
      "rev_growth_yoy_accel": 0.08305453406206792,
      "fcf_margin_change": 0.030971455243443517
    },
    {
      "date": "2024-12-31T00:00:00",
      "quarter_label": "2024-12 (Q4)",
      "revenue": 14608000,
      "gross_profit": 7000,
      "operating_income": 1407000,
      "net_income": null,
      "opex": -1400000,
      "cogs": 14601000,
      "rd": null,
      "sga": null,
      "fcf": -420000,
      "ocf": -420000,
      "capex": null,
      "gross_margin": 0.0004791894852135816,
      "op_margin": 0.0963170865279299,
      "fcf_margin": -0.028751369112814895,
      "incr_op_margin_yoy": -0.10613496932515337,
      "rev_growth_yoy": -0.10038182042123414,
      "rev_growth_yoy_accel": 0.13022014799259055,
      "op_leverage_ratio": Infinity,
      "fcf_margin_change": -0.05693819047232702
    },
    {
      "date": "2025-03-31T00:00:00",
      "quarter_label": "2025-03 (Q1)",
      "revenue": 20088000,
      "gross_profit": -17000,
      "operating_income": 1513000,
      "net_income": 1595000,
      "opex": -1530000,
      "cogs": 20105000,
      "rd": null,
      "sga": null,
      "fcf": -150000,
      "ocf": -150000,
      "capex": null,
      "gross_margin": -0.0008462763839107926,
      "op_margin": 0.07531859816806054,
      "fcf_margin": -0.007467144563918757,
      "incr_op_margin_yoy": 0.07506426735218509,
      "rev_growth_yoy": 0.10720388028440721,
      "rev_growth_yoy_accel": 0.20758570070564136,
      "op_leverage_ratio": 4.0399359676468105,
      "fcf_margin_change": 0.021284224548896138
    },
    {
      "date": "2025-06-30T00:00:00",
      "quarter_label": "2025-06 (Q2)",
      "revenue": 16222000,
      "gross_profit": -17000,
      "operating_income": 1407000,
      "net_income": 1491000,
      "opex": -1424000,
      "cogs": 16239000,
      "rd": null,
      "sga": null,
      "fcf": -85000,
      "ocf": -85000,
      "capex": null,
      "gross_margin": -0.001047959561089878,
      "op_margin": 0.08673406485020342,
      "fcf_margin": -0.0052397978054493895,
      "rev_growth_yoy": 0.02664388329852541,
      "rev_growth_yoy_accel": -0.0805599969858818,
      "fcf_margin_change": 0.002227346758469368
    },
    {
      "date": "2025-09-30T00:00:00",
      "quarter_label": "2025-09 (Q3)",
      "revenue": 12321000,
      "gross_profit": -17000,
      "operating_income": 1339000,
      "net_income": 1406000,
      "opex": -1356000,
      "cogs": 12338000,
      "rd": null,
      "sga": null,
      "fcf": -77000,
      "ocf": -77000,
      "capex": null,
      "gross_margin": -0.0013797581365148932,
      "op_margin": 0.10867624381137894,
      "fcf_margin": -0.006249492735979223,
      "incr_op_margin_yoy": 0.08533333333333333,
      "rev_growth_yoy": -0.08366800535475234,
      "rev_growth_yoy_accel": -0.11031188865327775,
      "fcf_margin_change": -0.001009694930529833
    }
  ],
  "signals": [
    {
      "quarter": "2025-09 (Q3)",
      "signal": "YoY REVENUE GROWTH DECELERATION",
      "detail": "YoY growth: -8.4% vs prior quarter YoY: +2.7% (decel: -11.0%)",
      "severity": "WARNING"
    },
    {
      "quarter": "2025-06 (Q2)",
      "signal": "YoY REVENUE GROWTH DECELERATION",
      "detail": "YoY growth: +2.7% vs prior quarter YoY: +10.7% (decel: -8.1%)",
      "severity": "WARNING"
    },
    {
      "quarter": "2025-03 (Q1)",
      "signal": "OPERATING LEVERAGE",
      "detail": "Rev growth +37.5% vs OpEx growth +9.3% (leverage: 4.0x)",
      "severity": "MEDIUM"
    },
    {
      "quarter": "2025-03 (Q1)",
      "signal": "YoY REVENUE GROWTH ACCELERATION",
      "detail": "YoY growth: +10.7% vs prior quarter YoY: -10.0% (accel: +20.8%)",
      "severity": "HIGH"
    },
    {
      "quarter": "2024-12 (Q4)",
      "signal": "YoY REVENUE GROWTH ACCELERATION",
      "detail": "YoY growth: -10.0% vs prior quarter YoY: -23.1% (accel: +13.0%)",
      "severity": "MEDIUM"
    },
    {
      "quarter": "2024-09 (Q3)",
      "signal": "FCF TURNED POSITIVE",
      "detail": "FCF margin: -0.3% -> +2.8%",
      "severity": "HIGH"
    },
    {
      "quarter": "2024-09 (Q3)",
      "signal": "YoY REVENUE GROWTH ACCELERATION",
      "detail": "YoY growth: -23.1% vs prior quarter YoY: -31.4% (accel: +8.3%)",
      "severity": "MEDIUM"
    },
    {
      "quarter": "2024-06 (Q2)",
      "signal": "YoY REVENUE GROWTH ACCELERATION",
      "detail": "YoY growth: -31.4% vs prior quarter YoY: -42.0% (accel: +10.6%)",
      "severity": "MEDIUM"
    },
    {
      "quarter": "2024-03 (Q1)",
      "signal": "YoY REVENUE GROWTH DECELERATION",
      "detail": "YoY growth: -42.0% vs prior quarter YoY: -34.3% (decel: -7.7%)",
      "severity": "WARNING"
    },
    {
      "quarter": "2023-12 (Q4)",
      "signal": "YoY REVENUE GROWTH DECELERATION",
      "detail": "YoY growth: -34.3% vs prior quarter YoY: -23.7% (decel: -10.6%)",
      "severity": "WARNING"
    },
    {
      "quarter": "2023-06 (Q2)",
      "signal": "YoY REVENUE GROWTH DECELERATION",
      "detail": "YoY growth: -22.0% vs prior quarter YoY: +3.2% (decel: -25.2%)",
      "severity": "WARNING"
    },
    {
      "quarter": "2023-03 (Q1)",
      "signal": "YoY REVENUE GROWTH DECELERATION",
      "detail": "YoY growth: +3.2% vs prior quarter YoY: +22.4% (decel: -19.2%)",
      "severity": "WARNING"
    },
    {
      "quarter": "2022-12 (Q4)",
      "signal": "YoY REVENUE GROWTH ACCELERATION",
      "detail": "YoY growth: +22.4% vs prior quarter YoY: +17.1% (accel: +5.4%)",
      "severity": "MEDIUM"
    },
    {
      "quarter": "2022-06 (Q2)",
      "signal": "YoY REVENUE GROWTH DECELERATION",
      "detail": "YoY growth: +12.1% vs prior quarter YoY: +28.9% (decel: -16.9%)",
      "severity": "WARNING"
    },
    {
      "quarter": "2022-03 (Q1)",
      "signal": "OPERATING LEVERAGE",
      "detail": "Rev growth +50.2% vs OpEx growth +19.3% (leverage: 2.6x)",
      "severity": "MEDIUM"
    },
    {
      "quarter": "2022-03 (Q1)",
      "signal": "YoY REVENUE GROWTH DECELERATION",
      "detail": "YoY growth: +28.9% vs prior quarter YoY: +40.1% (decel: -11.2%)",
      "severity": "WARNING"
    },
    {
      "quarter": "2021-03 (Q1)",
      "signal": "OPERATING LEVERAGE",
      "detail": "Rev growth +63.2% vs OpEx growth +36.2% (leverage: 1.7x)",
      "severity": "MEDIUM"
    }
  ],
  "data_quality": {
    "n_quarters": 20,
    "coverage": {
      "revenue": [
        20,
        20
      ],
      "gross_profit": [
        20,
        20
      ],
      "op_income": [
        20,
        20
      ],
      "fcf": [
        20,
        20
      ]
    },
    "gaps": [],
    "warnings": []
  },
  "market_cap": null,
  "source": "SEC EDGAR",
  "last_updated": "2026-02-03T00:59:27.069755",
  "sector": "Consumer Defensive",
  "industry": "Farm Products"
}