{
  "ticker": "GH",
  "name": "GUARDANT HEALTH, INC.",
  "quarters": [
    {
      "date": "2020-12-31T00:00:00",
      "quarter_label": "2020-12 (Q4)",
      "revenue": 78316000,
      "gross_profit": null,
      "operating_income": -91166000,
      "net_income": null,
      "opex": 169482000,
      "cogs": null,
      "rd": 40282000,
      "sga": null,
      "fcf": -66505000,
      "ocf": -59223000,
      "capex": -7282000,
      "gross_margin": null,
      "op_margin": -1.1640788600030645,
      "fcf_margin": -0.8491879054088565
    },
    {
      "date": "2021-03-31T00:00:00",
      "quarter_label": "2021-03 (Q1)",
      "revenue": 78665000,
      "gross_profit": null,
      "operating_income": -107863000,
      "net_income": null,
      "opex": 186528000,
      "cogs": null,
      "rd": 55508000,
      "sga": null,
      "fcf": -25877000,
      "ocf": -16291000,
      "capex": -9586000,
      "gross_margin": null,
      "op_margin": -1.371168880696625,
      "fcf_margin": -0.32895188457382574,
      "fcf_margin_change": 0.5202360208350307
    },
    {
      "date": "2021-06-30T00:00:00",
      "quarter_label": "2021-06 (Q2)",
      "revenue": 92101000,
      "gross_profit": null,
      "operating_income": -97642000,
      "net_income": null,
      "opex": 189743000,
      "cogs": null,
      "rd": 63724000,
      "sga": null,
      "fcf": -81268000,
      "ocf": -62593000,
      "capex": -18675000,
      "gross_margin": null,
      "op_margin": -1.0601622132224406,
      "fcf_margin": -0.8823791272624618,
      "op_leverage_ratio": 9.909494581971959,
      "fcf_margin_change": -0.5534272426886361
    },
    {
      "date": "2021-09-30T00:00:00",
      "quarter_label": "2021-09 (Q3)",
      "revenue": 94779000,
      "gross_profit": null,
      "operating_income": -107288000,
      "net_income": null,
      "opex": 202067000,
      "cogs": null,
      "rd": 70968000,
      "sga": null,
      "fcf": -75294000,
      "ocf": -53145000,
      "capex": -22149000,
      "gross_margin": null,
      "op_margin": -1.1319807130271473,
      "fcf_margin": -0.7944164846643244,
      "op_leverage_ratio": 0.4476723796664797,
      "fcf_margin_change": 0.08796264259813746
    },
    {
      "date": "2021-12-31T00:00:00",
      "quarter_label": "2021-12 (Q4)",
      "revenue": 108108000,
      "gross_profit": null,
      "operating_income": -98208000,
      "net_income": null,
      "opex": 206316000,
      "cogs": null,
      "rd": 73021000,
      "sga": null,
      "fcf": -101613000,
      "ocf": -76988000,
      "capex": -24625000,
      "gross_margin": null,
      "op_margin": -0.9084249084249084,
      "fcf_margin": -0.9399211899211899,
      "incr_op_margin_yoy": -0.23637218045112782,
      "rev_growth_yoy": 0.3804075795495173,
      "op_leverage_ratio": 6.687966797820391,
      "fcf_margin_change": -0.14550470525686554
    },
    {
      "date": "2022-03-31T00:00:00",
      "quarter_label": "2022-03 (Q1)",
      "revenue": 96099000,
      "gross_profit": null,
      "operating_income": -123338000,
      "net_income": -123228000,
      "opex": 219437000,
      "cogs": null,
      "rd": 81757000,
      "sga": null,
      "fcf": -51319000,
      "ocf": -28619000,
      "capex": -22700000,
      "gross_margin": null,
      "op_margin": -1.2834472783275581,
      "fcf_margin": -0.5340222062664544,
      "incr_op_margin_yoy": -0.8876333601009522,
      "rev_growth_yoy": 0.2216233394775313,
      "rev_growth_yoy_accel": -0.15878424007198602,
      "fcf_margin_change": 0.40589898365473553
    },
    {
      "date": "2022-06-30T00:00:00",
      "quarter_label": "2022-06 (Q2)",
      "revenue": 109144000,
      "gross_profit": null,
      "operating_income": -130321000,
      "net_income": -229432000,
      "opex": 239465000,
      "cogs": null,
      "rd": 85455000,
      "sga": null,
      "fcf": -134969000,
      "ocf": -111935000,
      "capex": -23034000,
      "gross_margin": null,
      "op_margin": -1.1940280730044712,
      "fcf_margin": -1.236614014512937,
      "incr_op_margin_yoy": -1.917444111952121,
      "rev_growth_yoy": 0.18504685073994853,
      "rev_growth_yoy_accel": -0.03657648873758276,
      "op_leverage_ratio": 1.487296272507639,
      "fcf_margin_change": -0.7025918082464826
    },
    {
      "date": "2022-09-30T00:00:00",
      "quarter_label": "2022-09 (Q3)",
      "revenue": 117404000,
      "gross_profit": null,
      "operating_income": -144600000,
      "net_income": -161994000,
      "opex": 262004000,
      "cogs": null,
      "rd": 100017000,
      "sga": null,
      "fcf": -99886000,
      "ocf": -78160000,
      "capex": -21726000,
      "gross_margin": null,
      "op_margin": -1.2316445776975231,
      "fcf_margin": -0.8507887295151784,
      "incr_op_margin_yoy": -1.6491491712707183,
      "rev_growth_yoy": 0.23871321706285148,
      "rev_growth_yoy_accel": 0.05366636632290295,
      "op_leverage_ratio": 0.8040583824933197,
      "fcf_margin_change": 0.3858252849977586
    },
    {
      "date": "2022-12-31T00:00:00",
      "quarter_label": "2022-12 (Q4)",
      "revenue": 126891000,
      "gross_profit": null,
      "operating_income": -146119000,
      "net_income": -139934000,
      "opex": 273010000,
      "cogs": null,
      "rd": 106578000,
      "sga": null,
      "fcf": -100750000,
      "ocf": -90749000,
      "capex": -10001000,
      "gross_margin": null,
      "op_margin": -1.151531629508791,
      "fcf_margin": -0.79398854134651,
      "incr_op_margin_yoy": -2.5507639887131983,
      "rev_growth_yoy": 0.17374292374292374,
      "rev_growth_yoy_accel": -0.06497029331992774,
      "op_leverage_ratio": 1.9236427501922952,
      "fcf_margin_change": 0.056800188168668386
    },
    {
      "date": "2023-03-31T00:00:00",
      "quarter_label": "2023-03 (Q1)",
      "revenue": 128714000,
      "gross_profit": null,
      "operating_income": -134055000,
      "net_income": -133533000,
      "opex": 262769000,
      "cogs": null,
      "rd": 93128000,
      "sga": null,
      "fcf": -81965000,
      "ocf": -74441000,
      "capex": -7524000,
      "gross_margin": null,
      "op_margin": -1.0414950976583743,
      "fcf_margin": -0.6367994157589695,
      "incr_op_margin_yoy": -0.32859113904645104,
      "rev_growth_yoy": 0.339389587820893,
      "rev_growth_yoy_accel": 0.16564666407796927,
      "op_leverage_ratio": Infinity,
      "fcf_margin_change": 0.1571891255875405
    },
    {
      "date": "2023-06-30T00:00:00",
      "quarter_label": "2023-06 (Q2)",
      "revenue": 137150000,
      "gross_profit": null,
      "operating_income": -119616000,
      "net_income": -72771000,
      "opex": 256766000,
      "cogs": null,
      "rd": 90359000,
      "sga": null,
      "fcf": -100528000,
      "ocf": -94015000,
      "capex": -6513000,
      "gross_margin": null,
      "op_margin": -0.8721545752825374,
      "fcf_margin": -0.7329784907036092,
      "incr_op_margin_yoy": 0.38223952010283513,
      "rev_growth_yoy": 0.25659678956241294,
      "rev_growth_yoy_accel": -0.08279279825848007,
      "op_leverage_ratio": Infinity,
      "fcf_margin_change": -0.09617907494463973
    },
    {
      "date": "2023-09-30T00:00:00",
      "quarter_label": "2023-09 (Q3)",
      "revenue": 143030000,
      "gross_profit": null,
      "operating_income": -113543000,
      "net_income": -86102000,
      "opex": 256573000,
      "cogs": null,
      "rd": 93851000,
      "sga": null,
      "fcf": -80163000,
      "ocf": -77791000,
      "capex": -2372000,
      "gross_margin": null,
      "op_margin": -0.7938404530518073,
      "fcf_margin": -0.560462839963644,
      "incr_op_margin_yoy": 1.2119331928510106,
      "rev_growth_yoy": 0.21827194984838677,
      "rev_growth_yoy_accel": -0.03832483971402617,
      "op_leverage_ratio": Infinity,
      "fcf_margin_change": 0.17251565073996522
    },
    {
      "date": "2023-12-31T00:00:00",
      "quarter_label": "2023-12 (Q4)",
      "revenue": 155054000,
      "gross_profit": null,
      "operating_income": -197511000,
      "net_income": -187043000,
      "opex": 352565000,
      "cogs": null,
      "rd": 89856000,
      "sga": null,
      "fcf": -82805000,
      "ocf": -78728000,
      "capex": -4077000,
      "gross_margin": null,
      "op_margin": -1.2738207334219047,
      "fcf_margin": -0.5340397538921924,
      "incr_op_margin_yoy": -1.824805595994745,
      "rev_growth_yoy": 0.22194639493738721,
      "rev_growth_yoy_accel": 0.0036744450890004443,
      "op_leverage_ratio": 0.22469724151486511,
      "fcf_margin_change": 0.026423086071451607
    },
    {
      "date": "2024-03-31T00:00:00",
      "quarter_label": "2024-03 (Q1)",
      "revenue": 168491000,
      "gross_profit": 103195000,
      "operating_income": -99683000,
      "net_income": -114985000,
      "opex": 268174000,
      "cogs": 65296000,
      "rd": 83802000,
      "sga": null,
      "fcf": -37218000,
      "ocf": -30284000,
      "capex": -6934000,
      "gross_margin": 0.6124659477360809,
      "op_margin": -0.5916221044447478,
      "fcf_margin": -0.2208901365651578,
      "incr_op_margin_yoy": 0.8641174548105689,
      "rev_growth_yoy": 0.3090339823173858,
      "rev_growth_yoy_accel": 0.08708758737999861,
      "op_leverage_ratio": Infinity,
      "fcf_margin_change": 0.3131496173270346
    },
    {
      "date": "2024-06-30T00:00:00",
      "quarter_label": "2024-06 (Q2)",
      "revenue": 177235000,
      "gross_profit": 104814000,
      "operating_income": -100618000,
      "net_income": -102628000,
      "opex": 277853000,
      "cogs": 72421000,
      "rd": 83102000,
      "sga": null,
      "fcf": -99079000,
      "ocf": -94002000,
      "capex": -5077000,
      "gross_margin": 0.5913843202527718,
      "op_margin": -0.5677095381837673,
      "fcf_margin": -0.5590261517194685,
      "incr_op_margin_yoy": 0.4739428713982787,
      "rev_growth_yoy": 0.2922712358731316,
      "rev_growth_yoy_accel": -0.01676274644425424,
      "op_leverage_ratio": 1.4378699949648597,
      "fcf_margin_change": -0.3381360151543107
    },
    {
      "date": "2024-09-30T00:00:00",
      "quarter_label": "2024-09 (Q3)",
      "revenue": 191476000,
      "gross_profit": 116987000,
      "operating_income": -117328000,
      "net_income": -107754000,
      "opex": 308804000,
      "cogs": 74489000,
      "rd": 87306000,
      "sga": null,
      "fcf": -55258000,
      "ocf": -51059000,
      "capex": -4199000,
      "gross_margin": 0.6109747435709958,
      "op_margin": -0.6127556456161608,
      "fcf_margin": -0.28858969270300194,
      "incr_op_margin_yoy": -0.07812822524047393,
      "rev_growth_yoy": 0.33871215828847095,
      "rev_growth_yoy_accel": 0.04644092241533937,
      "op_leverage_ratio": 0.7213256932982789,
      "fcf_margin_change": 0.2704364590164665
    },
    {
      "date": "2024-12-31T00:00:00",
      "quarter_label": "2024-12 (Q4)",
      "revenue": 201814000,
      "gross_profit": null,
      "operating_income": -125965000,
      "net_income": -111006000,
      "opex": 327779000,
      "cogs": null,
      "rd": 93543000,
      "sga": null,
      "fcf": -83388000,
      "ocf": -64513000,
      "capex": -18875000,
      "gross_margin": null,
      "op_margin": -0.6241638340253897,
      "fcf_margin": -0.4131923454269773,
      "incr_op_margin_yoy": 1.5300684345594526,
      "rev_growth_yoy": 0.30157235543746047,
      "rev_growth_yoy_accel": -0.037139802851010484,
      "op_leverage_ratio": 0.8786649730898481,
      "fcf_margin_change": -0.12460265272397536
    },
    {
      "date": "2025-03-31T00:00:00",
      "quarter_label": "2025-03 (Q1)",
      "revenue": 203471000,
      "gross_profit": 128748000,
      "operating_income": -111041000,
      "net_income": -95159000,
      "opex": 314512000,
      "cogs": 74723000,
      "rd": 88521000,
      "sga": null,
      "fcf": -67148000,
      "ocf": -62689000,
      "capex": -4459000,
      "gross_margin": 0.6327584766379484,
      "op_margin": -0.5457337900732783,
      "fcf_margin": -0.3300126307925945,
      "incr_op_margin_yoy": -0.3246998284734134,
      "rev_growth_yoy": 0.2076075279985281,
      "rev_growth_yoy_accel": -0.09396482743893236,
      "fcf_margin_change": 0.08317971463438278
    },
    {
      "date": "2025-06-30T00:00:00",
      "quarter_label": "2025-06 (Q2)",
      "revenue": 232088000,
      "gross_profit": 150883000,
      "operating_income": -106413000,
      "net_income": -99899000,
      "opex": 338501000,
      "cogs": 81205000,
      "rd": 87449000,
      "sga": null,
      "fcf": -65934000,
      "ocf": -60285000,
      "capex": -5649000,
      "gross_margin": 0.6501111647306195,
      "op_margin": -0.4585028092792389,
      "fcf_margin": -0.28409051738995555,
      "incr_op_margin_yoy": -0.10564599930723935,
      "rev_growth_yoy": 0.3094930459559342,
      "rev_growth_yoy_accel": 0.10188551795740608,
      "op_leverage_ratio": 1.8439394668609366,
      "fcf_margin_change": 0.045922113402638964
    },
    {
      "date": "2025-09-30T00:00:00",
      "quarter_label": "2025-09 (Q3)",
      "revenue": 265196000,
      "gross_profit": 171609000,
      "operating_income": -98989000,
      "net_income": -92725000,
      "opex": 364185000,
      "cogs": 93587000,
      "rd": 89957000,
      "sga": null,
      "fcf": -45763000,
      "ocf": -35413000,
      "capex": -10350000,
      "gross_margin": 0.647102520400006,
      "op_margin": -0.37326731926575063,
      "fcf_margin": -0.17256293458423205,
      "incr_op_margin_yoy": 0.24876559956592512,
      "rev_growth_yoy": 0.38500908730075833,
      "rev_growth_yoy_accel": 0.07551604134482415,
      "op_leverage_ratio": 1.8800853064015357,
      "fcf_margin_change": 0.1115275828057235
    }
  ],
  "signals": [
    {
      "quarter": "2025-09 (Q3)",
      "signal": "FCF MARGIN EXPANSION",
      "detail": "FCF margin: -28.4% -> -17.3% (+11.2%)",
      "severity": "MEDIUM"
    },
    {
      "quarter": "2025-09 (Q3)",
      "signal": "OPERATING LEVERAGE",
      "detail": "Rev growth +14.3% vs OpEx growth +7.6% (leverage: 1.9x)",
      "severity": "MEDIUM"
    },
    {
      "quarter": "2025-09 (Q3)",
      "signal": "YoY REVENUE GROWTH ACCELERATION",
      "detail": "YoY growth: +38.5% vs prior quarter YoY: +30.9% (accel: +7.6%)",
      "severity": "MEDIUM"
    },
    {
      "quarter": "2025-06 (Q2)",
      "signal": "OPERATING LEVERAGE",
      "detail": "Rev growth +14.1% vs OpEx growth +7.6% (leverage: 1.8x)",
      "severity": "MEDIUM"
    },
    {
      "quarter": "2025-06 (Q2)",
      "signal": "YoY REVENUE GROWTH ACCELERATION",
      "detail": "YoY growth: +30.9% vs prior quarter YoY: +20.8% (accel: +10.2%)",
      "severity": "MEDIUM"
    },
    {
      "quarter": "2025-03 (Q1)",
      "signal": "FCF MARGIN EXPANSION",
      "detail": "FCF margin: -41.3% -> -33.0% (+8.3%)",
      "severity": "MEDIUM"
    },
    {
      "quarter": "2025-03 (Q1)",
      "signal": "YoY REVENUE GROWTH DECELERATION",
      "detail": "YoY growth: +20.8% vs prior quarter YoY: +30.2% (decel: -9.4%)",
      "severity": "WARNING"
    },
    {
      "quarter": "2024-09 (Q3)",
      "signal": "FCF MARGIN EXPANSION",
      "detail": "FCF margin: -55.9% -> -28.9% (+27.0%)",
      "severity": "MEDIUM"
    },
    {
      "quarter": "2024-03 (Q1)",
      "signal": "FCF MARGIN EXPANSION",
      "detail": "FCF margin: -53.4% -> -22.1% (+31.3%)",
      "severity": "MEDIUM"
    },
    {
      "quarter": "2024-03 (Q1)",
      "signal": "YoY REVENUE GROWTH ACCELERATION",
      "detail": "YoY growth: +30.9% vs prior quarter YoY: +22.2% (accel: +8.7%)",
      "severity": "MEDIUM"
    },
    {
      "quarter": "2023-09 (Q3)",
      "signal": "FCF MARGIN EXPANSION",
      "detail": "FCF margin: -73.3% -> -56.0% (+17.3%)",
      "severity": "MEDIUM"
    },
    {
      "quarter": "2023-06 (Q2)",
      "signal": "YoY REVENUE GROWTH DECELERATION",
      "detail": "YoY growth: +25.7% vs prior quarter YoY: +33.9% (decel: -8.3%)",
      "severity": "WARNING"
    },
    {
      "quarter": "2023-03 (Q1)",
      "signal": "FCF MARGIN EXPANSION",
      "detail": "FCF margin: -79.4% -> -63.7% (+15.7%)",
      "severity": "MEDIUM"
    },
    {
      "quarter": "2023-03 (Q1)",
      "signal": "YoY REVENUE GROWTH ACCELERATION",
      "detail": "YoY growth: +33.9% vs prior quarter YoY: +17.4% (accel: +16.6%)",
      "severity": "HIGH"
    },
    {
      "quarter": "2022-12 (Q4)",
      "signal": "FCF MARGIN EXPANSION",
      "detail": "FCF margin: -85.1% -> -79.4% (+5.7%)",
      "severity": "MEDIUM"
    },
    {
      "quarter": "2022-12 (Q4)",
      "signal": "OPERATING LEVERAGE",
      "detail": "Rev growth +8.1% vs OpEx growth +4.2% (leverage: 1.9x)",
      "severity": "MEDIUM"
    },
    {
      "quarter": "2022-12 (Q4)",
      "signal": "YoY REVENUE GROWTH DECELERATION",
      "detail": "YoY growth: +17.4% vs prior quarter YoY: +23.9% (decel: -6.5%)",
      "severity": "WARNING"
    },
    {
      "quarter": "2022-09 (Q3)",
      "signal": "FCF MARGIN EXPANSION",
      "detail": "FCF margin: -123.7% -> -85.1% (+38.6%)",
      "severity": "MEDIUM"
    },
    {
      "quarter": "2022-09 (Q3)",
      "signal": "YoY REVENUE GROWTH ACCELERATION",
      "detail": "YoY growth: +23.9% vs prior quarter YoY: +18.5% (accel: +5.4%)",
      "severity": "MEDIUM"
    },
    {
      "quarter": "2022-03 (Q1)",
      "signal": "FCF MARGIN EXPANSION",
      "detail": "FCF margin: -94.0% -> -53.4% (+40.6%)",
      "severity": "MEDIUM"
    },
    {
      "quarter": "2022-03 (Q1)",
      "signal": "YoY REVENUE GROWTH DECELERATION",
      "detail": "YoY growth: +22.2% vs prior quarter YoY: +38.0% (decel: -15.9%)",
      "severity": "WARNING"
    },
    {
      "quarter": "2021-12 (Q4)",
      "signal": "OPERATING LEVERAGE",
      "detail": "Rev growth +14.1% vs OpEx growth +2.1% (leverage: 6.7x)",
      "severity": "MEDIUM"
    },
    {
      "quarter": "2021-09 (Q3)",
      "signal": "FCF MARGIN EXPANSION",
      "detail": "FCF margin: -88.2% -> -79.4% (+8.8%)",
      "severity": "MEDIUM"
    },
    {
      "quarter": "2021-06 (Q2)",
      "signal": "OPERATING LEVERAGE",
      "detail": "Rev growth +17.1% vs OpEx growth +1.7% (leverage: 9.9x)",
      "severity": "MEDIUM"
    },
    {
      "quarter": "2021-03 (Q1)",
      "signal": "FCF MARGIN EXPANSION",
      "detail": "FCF margin: -84.9% -> -32.9% (+52.0%)",
      "severity": "MEDIUM"
    }
  ],
  "data_quality": {
    "n_quarters": 20,
    "coverage": {
      "revenue": [
        20,
        20
      ],
      "gross_profit": [
        6,
        20
      ],
      "op_income": [
        20,
        20
      ],
      "fcf": [
        20,
        20
      ]
    },
    "gaps": [],
    "warnings": [
      "gross_profit: 6/20Q"
    ]
  },
  "market_cap": null,
  "source": "SEC EDGAR",
  "last_updated": "2026-02-02T20:26:39.348326"
}