{
  "ticker": "GHC",
  "name": "GRAHAM HOLDINGS CO",
  "quarters": [
    {
      "date": "2020-12-31T00:00:00",
      "quarter_label": "2020-12 (Q4)",
      "revenue": 787011000,
      "gross_profit": null,
      "operating_income": 46201000,
      "net_income": 237141000,
      "opex": 740810000,
      "cogs": null,
      "rd": null,
      "sga": null,
      "fcf": -43697000,
      "ocf": -30227000,
      "capex": -13470000,
      "gross_margin": null,
      "op_margin": 0.05870438913814419,
      "fcf_margin": -0.05552273094022828
    },
    {
      "date": "2021-03-31T00:00:00",
      "quarter_label": "2021-03 (Q1)",
      "revenue": 712455000,
      "gross_profit": null,
      "operating_income": 33844000,
      "net_income": 112450000,
      "opex": 678611000,
      "cogs": null,
      "rd": null,
      "sga": null,
      "fcf": 10886000,
      "ocf": 23999000,
      "capex": -13113000,
      "gross_margin": null,
      "op_margin": 0.0475033510888407,
      "fcf_margin": 0.015279561516165933,
      "fcf_margin_change": 0.07080229245639422
    },
    {
      "date": "2021-06-30T00:00:00",
      "quarter_label": "2021-06 (Q2)",
      "revenue": 801152000,
      "gross_profit": null,
      "operating_income": 37591000,
      "net_income": 115358000,
      "opex": 763561000,
      "cogs": null,
      "rd": null,
      "sga": null,
      "fcf": 34457000,
      "ocf": 48846000,
      "capex": -14389000,
      "gross_margin": null,
      "op_margin": 0.0469211834957661,
      "fcf_margin": 0.04300931658411887,
      "op_leverage_ratio": 0.9945096558972701,
      "fcf_margin_change": 0.027729755067952937
    },
    {
      "date": "2021-09-30T00:00:00",
      "quarter_label": "2021-09 (Q3)",
      "revenue": 809436000,
      "gross_profit": null,
      "operating_income": -16607000,
      "net_income": 39586000,
      "opex": 826043000,
      "cogs": null,
      "rd": null,
      "sga": null,
      "fcf": 10993000,
      "ocf": 124426000,
      "capex": -113433000,
      "gross_margin": null,
      "op_margin": -0.020516754876234812,
      "fcf_margin": 0.013581061381010975,
      "op_leverage_ratio": 0.12636127070069897,
      "fcf_margin_change": -0.029428255203107895
    },
    {
      "date": "2021-12-31T00:00:00",
      "quarter_label": "2021-12 (Q4)",
      "revenue": 862931000,
      "gross_profit": null,
      "operating_income": 22547000,
      "net_income": 84681000,
      "opex": 840384000,
      "cogs": null,
      "rd": null,
      "sga": null,
      "fcf": -16447000,
      "ocf": 5155000,
      "capex": -21602000,
      "gross_margin": null,
      "op_margin": 0.026128392652483224,
      "fcf_margin": -0.019059461301077375,
      "incr_op_margin_yoy": -0.31156480505795575,
      "rev_growth_yoy": 0.09646625015406392,
      "op_leverage_ratio": 3.8067459592848603,
      "fcf_margin_change": -0.03264052268208835
    },
    {
      "date": "2022-03-31T00:00:00",
      "quarter_label": "2022-03 (Q1)",
      "revenue": 914721000,
      "gross_profit": 299220000,
      "operating_income": 39971000,
      "net_income": 95624000,
      "opex": 874750000,
      "cogs": 615501000,
      "rd": null,
      "sga": null,
      "fcf": 30685000,
      "ocf": 44892000,
      "capex": -14207000,
      "gross_margin": 0.32711613705162557,
      "op_margin": 0.0436974771542361,
      "fcf_margin": 0.03354574782911948,
      "incr_op_margin_yoy": 0.030291793974271505,
      "rev_growth_yoy": 0.28390003579173423,
      "rev_growth_yoy_accel": 0.18743378563767032,
      "op_leverage_ratio": 1.4676369244173864,
      "fcf_margin_change": 0.05260520913019685
    },
    {
      "date": "2022-06-30T00:00:00",
      "quarter_label": "2022-06 (Q2)",
      "revenue": 933302000,
      "gross_profit": 301474000,
      "operating_income": 39328000,
      "net_income": -67485000,
      "opex": 893974000,
      "cogs": 631828000,
      "rd": null,
      "sga": null,
      "fcf": 36569000,
      "ocf": 54516000,
      "capex": -17947000,
      "gross_margin": 0.32301870134211647,
      "op_margin": 0.04213855750871636,
      "fcf_margin": 0.0391823868372724,
      "incr_op_margin_yoy": 0.013144154370034052,
      "rev_growth_yoy": 0.16494997204026202,
      "rev_growth_yoy_accel": -0.11895006375147221,
      "op_leverage_ratio": 0.9243163325529099,
      "fcf_margin_change": 0.005636639008152915
    },
    {
      "date": "2022-09-30T00:00:00",
      "quarter_label": "2022-09 (Q3)",
      "revenue": 1012438000,
      "gross_profit": 317681000,
      "operating_income": 59532000,
      "net_income": 32780000,
      "opex": 952906000,
      "cogs": 694757000,
      "rd": null,
      "sga": null,
      "fcf": 79314000,
      "ocf": 104257000,
      "capex": -24943000,
      "gross_margin": 0.31377822641979064,
      "op_margin": 0.058800637668677,
      "fcf_margin": 0.0783396119070995,
      "incr_op_margin_yoy": 0.37506527029290354,
      "rev_growth_yoy": 0.2507943802845438,
      "rev_growth_yoy_accel": 0.0858444082442818,
      "op_leverage_ratio": 1.2862506467282668,
      "fcf_margin_change": 0.0391572250698271
    },
    {
      "date": "2022-12-31T00:00:00",
      "quarter_label": "2022-12 (Q4)",
      "revenue": 1064032000,
      "gross_profit": 348400000,
      "operating_income": -54933000,
      "net_income": 6160000,
      "opex": 1118965000,
      "cogs": 715632000,
      "rd": null,
      "sga": null,
      "fcf": 6352000,
      "ocf": 31939000,
      "capex": -25587000,
      "gross_margin": 0.32743376139063485,
      "op_margin": -0.05162720670055036,
      "fcf_margin": 0.005969745270818923,
      "incr_op_margin_yoy": -0.3852790388909056,
      "rev_growth_yoy": 0.23304412519656845,
      "rev_growth_yoy_accel": -0.01775025508797537,
      "op_leverage_ratio": 0.29242763054168863,
      "fcf_margin_change": -0.07236986663628057
    },
    {
      "date": "2023-03-31T00:00:00",
      "quarter_label": "2023-03 (Q1)",
      "revenue": 1031546000,
      "gross_profit": 304332000,
      "operating_income": 27656000,
      "net_income": 52272000,
      "opex": 1003890000,
      "cogs": 727214000,
      "rd": null,
      "sga": null,
      "fcf": 257000,
      "ocf": 22811000,
      "capex": -22554000,
      "gross_margin": 0.2950251370273357,
      "op_margin": 0.026810244041467854,
      "fcf_margin": 0.0002491406103072476,
      "incr_op_margin_yoy": -0.10541408089022042,
      "rev_growth_yoy": 0.1277165387041513,
      "rev_growth_yoy_accel": -0.10532758649241714,
      "fcf_margin_change": -0.0057206046605116755
    },
    {
      "date": "2023-06-30T00:00:00",
      "quarter_label": "2023-06 (Q2)",
      "revenue": 1104999000,
      "gross_profit": 337145000,
      "operating_income": 58055000,
      "net_income": 122788000,
      "opex": 1046944000,
      "cogs": 767854000,
      "rd": null,
      "sga": null,
      "fcf": 21073000,
      "ocf": 39428000,
      "capex": -18355000,
      "gross_margin": 0.3051088734016954,
      "op_margin": 0.052538509084623604,
      "fcf_margin": 0.019070605493760627,
      "incr_op_margin_yoy": 0.10907004781679354,
      "rev_growth_yoy": 0.18396724747187942,
      "rev_growth_yoy_accel": 0.056250708767728114,
      "op_leverage_ratio": 1.6603267325782056,
      "fcf_margin_change": 0.01882146488345338
    },
    {
      "date": "2023-09-30T00:00:00",
      "quarter_label": "2023-09 (Q3)",
      "revenue": 1111519000,
      "gross_profit": 329932000,
      "operating_income": -57112000,
      "net_income": -23031000,
      "opex": 1168631000,
      "cogs": 781587000,
      "rd": null,
      "sga": null,
      "fcf": 120040000,
      "ocf": 140287000,
      "capex": -20247000,
      "gross_margin": 0.29682983376802374,
      "op_margin": -0.05138193769067376,
      "fcf_margin": 0.107996354538249,
      "incr_op_margin_yoy": -1.1772590103047003,
      "rev_growth_yoy": 0.09786377042347284,
      "rev_growth_yoy_accel": -0.08610347704840658,
      "fcf_margin_change": 0.08892574904448838
    },
    {
      "date": "2023-12-31T00:00:00",
      "quarter_label": "2023-12 (Q4)",
      "revenue": 1166813000,
      "gross_profit": 340534000,
      "operating_income": 40794000,
      "net_income": 53259000,
      "opex": 1126019000,
      "cogs": 826279000,
      "rd": null,
      "sga": null,
      "fcf": 25058000,
      "ocf": 57349000,
      "capex": -32291000,
      "gross_margin": 0.29184967942592344,
      "op_margin": 0.03496190049305244,
      "fcf_margin": 0.021475592061452862,
      "incr_op_margin_yoy": 0.9313686381724249,
      "rev_growth_yoy": 0.09659577907431355,
      "rev_growth_yoy_accel": -0.0012679913491592948,
      "op_leverage_ratio": Infinity,
      "fcf_margin_change": -0.08652076247679615
    },
    {
      "date": "2024-03-31T00:00:00",
      "quarter_label": "2024-03 (Q1)",
      "revenue": 1152662000,
      "gross_profit": null,
      "operating_income": 35442000,
      "net_income": 124380000,
      "opex": 1117220000,
      "cogs": null,
      "rd": null,
      "sga": null,
      "fcf": -20191000,
      "ocf": 1067000,
      "capex": -21258000,
      "gross_margin": null,
      "op_margin": 0.03074795560190238,
      "fcf_margin": -0.01751684361937845,
      "incr_op_margin_yoy": 0.0642854783843588,
      "rev_growth_yoy": 0.11741211734619687,
      "rev_growth_yoy_accel": 0.020816338271883325,
      "fcf_margin_change": -0.038992435680831314
    },
    {
      "date": "2024-06-30T00:00:00",
      "quarter_label": "2024-06 (Q2)",
      "revenue": 1185280000,
      "gross_profit": null,
      "operating_income": 25911000,
      "net_income": -21040000,
      "opex": 1159369000,
      "cogs": null,
      "rd": null,
      "sga": null,
      "fcf": 33739000,
      "ocf": 52041000,
      "capex": -18302000,
      "gross_margin": null,
      "op_margin": 0.021860657397408206,
      "fcf_margin": 0.028465004049676026,
      "incr_op_margin_yoy": -0.4003936174188164,
      "rev_growth_yoy": 0.07265255443670085,
      "rev_growth_yoy_accel": -0.04475956290949602,
      "op_leverage_ratio": 0.7500786064717349,
      "fcf_margin_change": 0.04598184766905447
    },
    {
      "date": "2024-09-30T00:00:00",
      "quarter_label": "2024-09 (Q3)",
      "revenue": 1207162000,
      "gross_profit": null,
      "operating_income": 81648000,
      "net_income": 72503000,
      "opex": 1125514000,
      "cogs": null,
      "rd": null,
      "sga": null,
      "fcf": 219448000,
      "ocf": 237568000,
      "capex": -18120000,
      "gross_margin": null,
      "op_margin": 0.06763632387368058,
      "fcf_margin": 0.18178835980589184,
      "incr_op_margin_yoy": 1.4508118733205775,
      "rev_growth_yoy": 0.0860471121051462,
      "rev_growth_yoy_accel": 0.013394557668445356,
      "op_leverage_ratio": Infinity,
      "fcf_margin_change": 0.1533233557562158
    },
    {
      "date": "2024-12-31T00:00:00",
      "quarter_label": "2024-12 (Q4)",
      "revenue": 1245800000,
      "gross_profit": null,
      "operating_income": 72503000,
      "net_income": 548791000,
      "opex": 1173297000,
      "cogs": null,
      "rd": null,
      "sga": null,
      "fcf": 91080000,
      "ocf": 116312000,
      "capex": -25232000,
      "gross_margin": null,
      "op_margin": 0.05819794509552095,
      "fcf_margin": 0.07310964841868679,
      "incr_op_margin_yoy": 0.4014458075379493,
      "rev_growth_yoy": 0.06769465201364742,
      "rev_growth_yoy_accel": -0.018352460091498782,
      "op_leverage_ratio": 0.7539222677138048,
      "fcf_margin_change": -0.10867871138720504
    },
    {
      "date": "2025-03-31T00:00:00",
      "quarter_label": "2025-03 (Q1)",
      "revenue": 1165915000,
      "gross_profit": null,
      "operating_income": 47473000,
      "net_income": 23894000,
      "opex": 1118442000,
      "cogs": null,
      "rd": null,
      "sga": null,
      "fcf": 30532000,
      "ocf": 46014000,
      "capex": -15482000,
      "gross_margin": null,
      "op_margin": 0.04071737648113284,
      "fcf_margin": 0.02618715772590626,
      "incr_op_margin_yoy": 0.9077944616313287,
      "rev_growth_yoy": 0.011497733073528927,
      "rev_growth_yoy_accel": -0.056196918940118495,
      "fcf_margin_change": -0.04692249069278053
    },
    {
      "date": "2025-06-30T00:00:00",
      "quarter_label": "2025-06 (Q2)",
      "revenue": 1215772000,
      "gross_profit": null,
      "operating_income": 72751000,
      "net_income": 36749000,
      "opex": 1143021000,
      "cogs": null,
      "rd": null,
      "sga": null,
      "fcf": 77993000,
      "ocf": 94796000,
      "capex": -16803000,
      "gross_margin": null,
      "op_margin": 0.05983934487716447,
      "fcf_margin": 0.06415100857726613,
      "incr_op_margin_yoy": 1.536140627049718,
      "rev_growth_yoy": 0.02572556695464363,
      "rev_growth_yoy_accel": 0.014227833881114703,
      "op_leverage_ratio": 1.9458462004467294,
      "fcf_margin_change": 0.03796385085135987
    },
    {
      "date": "2025-09-30T00:00:00",
      "quarter_label": "2025-09 (Q3)",
      "revenue": 1278859000,
      "gross_profit": null,
      "operating_income": 67136000,
      "net_income": 122925000,
      "opex": 1211723000,
      "cogs": null,
      "rd": null,
      "sga": null,
      "fcf": 161753000,
      "ocf": 178086000,
      "capex": -16333000,
      "gross_margin": null,
      "op_margin": 0.052496795972034445,
      "fcf_margin": 0.12648227834342957,
      "incr_op_margin_yoy": -0.20240735316679917,
      "rev_growth_yoy": 0.05939302264319122,
      "rev_growth_yoy_accel": 0.03366745568854759,
      "op_leverage_ratio": 0.8633215226592286,
      "fcf_margin_change": 0.06233126976616343
    }
  ],
  "signals": [
    {
      "quarter": "2025-09 (Q3)",
      "signal": "FCF MARGIN EXPANSION",
      "detail": "FCF margin: +6.4% -> +12.6% (+6.2%)",
      "severity": "MEDIUM"
    },
    {
      "quarter": "2025-06 (Q2)",
      "signal": "OPERATING LEVERAGE",
      "detail": "Rev growth +4.3% vs OpEx growth +2.2% (leverage: 1.9x)",
      "severity": "MEDIUM"
    },
    {
      "quarter": "2025-06 (Q2)",
      "signal": "INCREMENTAL MARGIN (YoY)",
      "detail": "YoY Incr OPM: +153.6% vs year-ago OPM: +2.2%",
      "severity": "HIGH"
    },
    {
      "quarter": "2025-03 (Q1)",
      "signal": "YoY REVENUE GROWTH DECELERATION",
      "detail": "YoY growth: +1.1% vs prior quarter YoY: +6.8% (decel: -5.6%)",
      "severity": "WARNING"
    },
    {
      "quarter": "2025-03 (Q1)",
      "signal": "INCREMENTAL MARGIN (YoY)",
      "detail": "YoY Incr OPM: +90.8% vs year-ago OPM: +3.1%",
      "severity": "HIGH"
    },
    {
      "quarter": "2024-12 (Q4)",
      "signal": "INCREMENTAL MARGIN (YoY)",
      "detail": "YoY Incr OPM: +40.1% vs year-ago OPM: +3.5%",
      "severity": "HIGH"
    },
    {
      "quarter": "2024-09 (Q3)",
      "signal": "FCF MARGIN EXPANSION",
      "detail": "FCF margin: +2.8% -> +18.2% (+15.3%)",
      "severity": "MEDIUM"
    },
    {
      "quarter": "2024-09 (Q3)",
      "signal": "OP MARGIN TURNED POSITIVE (YoY)",
      "detail": "Op margin: -5.1% (year-ago) -> +6.8%",
      "severity": "HIGH"
    },
    {
      "quarter": "2024-06 (Q2)",
      "signal": "FCF TURNED POSITIVE",
      "detail": "FCF margin: -1.8% -> +2.8%",
      "severity": "HIGH"
    },
    {
      "quarter": "2023-12 (Q4)",
      "signal": "OP MARGIN TURNED POSITIVE (YoY)",
      "detail": "Op margin: -5.2% (year-ago) -> +3.5%",
      "severity": "HIGH"
    },
    {
      "quarter": "2023-12 (Q4)",
      "signal": "OP MARGIN TURNED POSITIVE (QoQ)",
      "detail": "Op margin: -5.1% -> +3.5%",
      "severity": "HIGH"
    },
    {
      "quarter": "2023-09 (Q3)",
      "signal": "FCF MARGIN EXPANSION",
      "detail": "FCF margin: +1.9% -> +10.8% (+8.9%)",
      "severity": "MEDIUM"
    },
    {
      "quarter": "2023-09 (Q3)",
      "signal": "YoY REVENUE GROWTH DECELERATION",
      "detail": "YoY growth: +9.8% vs prior quarter YoY: +18.4% (decel: -8.6%)",
      "severity": "WARNING"
    },
    {
      "quarter": "2023-06 (Q2)",
      "signal": "OPERATING LEVERAGE",
      "detail": "Rev growth +7.1% vs OpEx growth +4.3% (leverage: 1.7x)",
      "severity": "MEDIUM"
    },
    {
      "quarter": "2023-06 (Q2)",
      "signal": "YoY REVENUE GROWTH ACCELERATION",
      "detail": "YoY growth: +18.4% vs prior quarter YoY: +12.8% (accel: +5.6%)",
      "severity": "MEDIUM"
    },
    {
      "quarter": "2023-03 (Q1)",
      "signal": "YoY REVENUE GROWTH DECELERATION",
      "detail": "YoY growth: +12.8% vs prior quarter YoY: +23.3% (decel: -10.5%)",
      "severity": "WARNING"
    },
    {
      "quarter": "2023-03 (Q1)",
      "signal": "OP MARGIN TURNED POSITIVE (QoQ)",
      "detail": "Op margin: -5.2% -> +2.7%",
      "severity": "HIGH"
    },
    {
      "quarter": "2022-09 (Q3)",
      "signal": "YoY REVENUE GROWTH ACCELERATION",
      "detail": "YoY growth: +25.1% vs prior quarter YoY: +16.5% (accel: +8.6%)",
      "severity": "MEDIUM"
    },
    {
      "quarter": "2022-09 (Q3)",
      "signal": "OP MARGIN TURNED POSITIVE (YoY)",
      "detail": "Op margin: -2.1% (year-ago) -> +5.9%",
      "severity": "HIGH"
    },
    {
      "quarter": "2022-06 (Q2)",
      "signal": "YoY REVENUE GROWTH DECELERATION",
      "detail": "YoY growth: +16.5% vs prior quarter YoY: +28.4% (decel: -11.9%)",
      "severity": "WARNING"
    },
    {
      "quarter": "2022-03 (Q1)",
      "signal": "FCF TURNED POSITIVE",
      "detail": "FCF margin: -1.9% -> +3.4%",
      "severity": "HIGH"
    },
    {
      "quarter": "2022-03 (Q1)",
      "signal": "YoY REVENUE GROWTH ACCELERATION",
      "detail": "YoY growth: +28.4% vs prior quarter YoY: +9.6% (accel: +18.7%)",
      "severity": "HIGH"
    },
    {
      "quarter": "2021-12 (Q4)",
      "signal": "OPERATING LEVERAGE",
      "detail": "Rev growth +6.6% vs OpEx growth +1.7% (leverage: 3.8x)",
      "severity": "MEDIUM"
    },
    {
      "quarter": "2021-12 (Q4)",
      "signal": "OP MARGIN TURNED POSITIVE (QoQ)",
      "detail": "Op margin: -2.1% -> +2.6%",
      "severity": "HIGH"
    },
    {
      "quarter": "2021-03 (Q1)",
      "signal": "FCF TURNED POSITIVE",
      "detail": "FCF margin: -5.6% -> +1.5%",
      "severity": "HIGH"
    }
  ],
  "data_quality": {
    "n_quarters": 20,
    "coverage": {
      "revenue": [
        20,
        20
      ],
      "gross_profit": [
        8,
        20
      ],
      "op_income": [
        20,
        20
      ],
      "fcf": [
        20,
        20
      ]
    },
    "gaps": [],
    "warnings": [
      "gross_profit: 8/20Q"
    ]
  },
  "market_cap": null,
  "source": "SEC EDGAR",
  "last_updated": "2026-02-02T21:03:33.734993",
  "sector": "Consumer Defensive",
  "industry": "Education & Training Services"
}