{
  "ticker": "GHI",
  "name": "Greystone Housing Impact Investors LP",
  "quarters": [
    {
      "date": "2020-12-31T00:00:00",
      "quarter_label": "2020-12 (Q4)",
      "revenue": 13474067,
      "gross_profit": null,
      "operating_income": 798740,
      "net_income": 798740,
      "opex": 12636536,
      "cogs": null,
      "rd": null,
      "sga": null,
      "fcf": 3199877,
      "ocf": 3199877,
      "capex": null,
      "gross_margin": null,
      "op_margin": 0.05927980022661309,
      "fcf_margin": 0.2374841241326765
    },
    {
      "date": "2021-03-31T00:00:00",
      "quarter_label": "2021-03 (Q1)",
      "revenue": 14387488,
      "gross_profit": null,
      "operating_income": 6992854,
      "net_income": 6992854,
      "opex": 10203483,
      "cogs": null,
      "rd": null,
      "sga": null,
      "fcf": 7457354,
      "ocf": 7457354,
      "capex": null,
      "gross_margin": null,
      "op_margin": 0.4860371734106746,
      "fcf_margin": 0.5183221699298723,
      "op_leverage_ratio": Infinity,
      "fcf_margin_change": 0.28083804579719585
    },
    {
      "date": "2021-06-30T00:00:00",
      "quarter_label": "2021-06 (Q2)",
      "revenue": 16406496,
      "gross_profit": null,
      "operating_income": 10264680,
      "net_income": 10264680,
      "opex": 11497613,
      "cogs": null,
      "rd": null,
      "sga": null,
      "fcf": 8105829,
      "ocf": 8105829,
      "capex": null,
      "gross_margin": null,
      "op_margin": 0.6256473045798445,
      "fcf_margin": 0.49406216903353406,
      "op_leverage_ratio": 1.1064291409696663,
      "fcf_margin_change": -0.024260000896338285
    },
    {
      "date": "2021-09-30T00:00:00",
      "quarter_label": "2021-09 (Q3)",
      "revenue": 17681901,
      "gross_profit": null,
      "operating_income": 12988384,
      "net_income": 12988384,
      "opex": 11729308,
      "cogs": null,
      "rd": null,
      "sga": null,
      "fcf": 7735980,
      "ocf": 7735980,
      "capex": null,
      "gross_margin": null,
      "op_margin": 0.7345581224552722,
      "fcf_margin": 0.43750838781418355,
      "op_leverage_ratio": 3.8576542723109957,
      "fcf_margin_change": -0.05655378121935051
    },
    {
      "date": "2021-12-31T00:00:00",
      "quarter_label": "2021-12 (Q4)",
      "revenue": 19976409,
      "gross_profit": null,
      "operating_income": 7853570,
      "net_income": 7853570,
      "opex": 12364559,
      "cogs": null,
      "rd": null,
      "sga": null,
      "fcf": 10640988,
      "ocf": 10640988,
      "capex": null,
      "gross_margin": null,
      "op_margin": 0.3931422309184799,
      "fcf_margin": 0.5326777200046314,
      "incr_op_margin_yoy": 1.0849675393881157,
      "rev_growth_yoy": 0.48258198508290034,
      "op_leverage_ratio": 2.3960046401712938,
      "fcf_margin_change": 0.09516933219044788
    },
    {
      "date": "2022-03-31T00:00:00",
      "quarter_label": "2022-03 (Q1)",
      "revenue": 19206371,
      "gross_profit": null,
      "operating_income": 26264018,
      "net_income": 26264018,
      "opex": 9367193,
      "cogs": null,
      "rd": null,
      "sga": null,
      "fcf": 9307289,
      "ocf": 9307289,
      "capex": null,
      "gross_margin": null,
      "op_margin": 1.3674638483240795,
      "fcf_margin": 0.484593836076581,
      "incr_op_margin_yoy": 3.9990935658740834,
      "rev_growth_yoy": 0.3349356746639858,
      "rev_growth_yoy_accel": -0.14764631041891452,
      "fcf_margin_change": -0.04808388392805041
    },
    {
      "date": "2022-06-30T00:00:00",
      "quarter_label": "2022-06 (Q2)",
      "revenue": 17232967,
      "gross_profit": null,
      "operating_income": 17606681,
      "net_income": 17606681,
      "opex": 12248736,
      "cogs": null,
      "rd": null,
      "sga": null,
      "fcf": 5009445,
      "ocf": 5009445,
      "capex": null,
      "gross_margin": null,
      "op_margin": 1.0216859928995397,
      "fcf_margin": 0.29068964154576515,
      "rev_growth_yoy": 0.05037461990665161,
      "rev_growth_yoy_accel": -0.28456105475733423,
      "fcf_margin_change": -0.19390419453081587
    },
    {
      "date": "2022-09-30T00:00:00",
      "quarter_label": "2022-09 (Q3)",
      "revenue": 22604404,
      "gross_profit": null,
      "operating_income": 18516593,
      "net_income": 18516593,
      "opex": 14750115,
      "cogs": null,
      "rd": null,
      "sga": null,
      "fcf": 5404785,
      "ocf": 5404785,
      "capex": null,
      "gross_margin": null,
      "op_margin": 0.8191586471379648,
      "fcf_margin": 0.23910318537927389,
      "incr_op_margin_yoy": 1.1230483759989582,
      "rev_growth_yoy": 0.2783921819265926,
      "rev_growth_yoy_accel": 0.228017562019941,
      "op_leverage_ratio": 1.5263080854079625,
      "fcf_margin_change": -0.05158645616649127
    },
    {
      "date": "2022-12-31T00:00:00",
      "quarter_label": "2022-12 (Q4)",
      "revenue": 22029835,
      "gross_profit": null,
      "operating_income": 3174874,
      "net_income": 3174874,
      "opex": 19001846,
      "cogs": null,
      "rd": null,
      "sga": null,
      "fcf": 1406219,
      "ocf": 1406219,
      "capex": null,
      "gross_margin": null,
      "op_margin": 0.1441170122245582,
      "fcf_margin": 0.06383247990736199,
      "incr_op_margin_yoy": -2.2784828866489466,
      "rev_growth_yoy": 0.10279254895111528,
      "rev_growth_yoy_accel": -0.17559963297547732,
      "fcf_margin_change": -0.1752707054719119
    },
    {
      "date": "2023-03-31T00:00:00",
      "quarter_label": "2023-03 (Q1)",
      "revenue": 24937970,
      "gross_profit": null,
      "operating_income": 16791222,
      "net_income": 16791222,
      "opex": 23506319,
      "cogs": null,
      "rd": null,
      "sga": null,
      "fcf": 199404,
      "ocf": 199404,
      "capex": null,
      "gross_margin": null,
      "op_margin": 0.6733195203940016,
      "fcf_margin": 0.007995999674392101,
      "incr_op_margin_yoy": -1.6527318118381973,
      "rev_growth_yoy": 0.2984217580718398,
      "rev_growth_yoy_accel": 0.1956292091207245,
      "op_leverage_ratio": 0.5568716706026627,
      "fcf_margin_change": -0.05583648023296989
    },
    {
      "date": "2023-06-30T00:00:00",
      "quarter_label": "2023-06 (Q2)",
      "revenue": 28303941,
      "gross_profit": null,
      "operating_income": 21287172,
      "net_income": 21287172,
      "opex": 14344002,
      "cogs": null,
      "rd": null,
      "sga": null,
      "fcf": 12825979,
      "ocf": 12825979,
      "capex": null,
      "gross_margin": null,
      "op_margin": 0.7520921556471588,
      "fcf_margin": 0.4531517006765948,
      "incr_op_margin_yoy": 0.33244509471343714,
      "rev_growth_yoy": 0.6424299425629957,
      "rev_growth_yoy_accel": 0.3440081844911559,
      "op_leverage_ratio": Infinity,
      "fcf_margin_change": 0.4451557010022027
    },
    {
      "date": "2023-09-30T00:00:00",
      "quarter_label": "2023-09 (Q3)",
      "revenue": 26474136,
      "gross_profit": null,
      "operating_income": 9729378,
      "net_income": 9729378,
      "opex": 16770971,
      "cogs": null,
      "rd": null,
      "sga": null,
      "fcf": 7170869,
      "ocf": 7170869,
      "capex": null,
      "gross_margin": null,
      "op_margin": 0.36750502452657946,
      "fcf_margin": 0.27086319266472003,
      "incr_op_margin_yoy": -2.2707554424957594,
      "rev_growth_yoy": 0.1711937195955266,
      "rev_growth_yoy_accel": -0.4712362229674691,
      "fcf_margin_change": -0.1822885080118748
    },
    {
      "date": "2023-12-31T00:00:00",
      "quarter_label": "2023-12 (Q4)",
      "revenue": 25184617,
      "gross_profit": null,
      "operating_income": 6203924,
      "net_income": 6203924,
      "opex": 29327692,
      "cogs": null,
      "rd": null,
      "sga": null,
      "fcf": 4740507,
      "ocf": 4740507,
      "capex": null,
      "gross_margin": null,
      "op_margin": 0.24633783392457387,
      "fcf_margin": 0.18823025976531627,
      "incr_op_margin_yoy": 0.9601455821670087,
      "rev_growth_yoy": 0.14320497634231033,
      "rev_growth_yoy_accel": -0.027988743253216264,
      "fcf_margin_change": -0.08263293289940377
    },
    {
      "date": "2024-03-31T00:00:00",
      "quarter_label": "2024-03 (Q1)",
      "revenue": 22370654,
      "gross_profit": null,
      "operating_income": 10648381,
      "net_income": 10648381,
      "opex": 11666626,
      "cogs": null,
      "rd": null,
      "sga": null,
      "fcf": 3372848,
      "ocf": 3372848,
      "capex": null,
      "gross_margin": null,
      "op_margin": 0.4759977513397686,
      "fcf_margin": 0.15077109502475877,
      "incr_op_margin_yoy": 2.392709350933037,
      "rev_growth_yoy": -0.10294807476310221,
      "rev_growth_yoy_accel": -0.24615305110541252,
      "fcf_margin_change": -0.03745916474055749
    },
    {
      "date": "2024-06-30T00:00:00",
      "quarter_label": "2024-06 (Q2)",
      "revenue": 21969171,
      "gross_profit": null,
      "operating_income": 5178136,
      "net_income": 5178136,
      "opex": 17860416,
      "cogs": null,
      "rd": null,
      "sga": null,
      "fcf": 5058454,
      "ocf": 5058454,
      "capex": null,
      "gross_margin": null,
      "op_margin": 0.23570010903005853,
      "fcf_margin": 0.23025238412500862,
      "incr_op_margin_yoy": 2.5429551507000254,
      "rev_growth_yoy": -0.22381229525598573,
      "rev_growth_yoy_accel": -0.12086422049288352,
      "fcf_margin_change": 0.07948128910024985
    },
    {
      "date": "2024-09-30T00:00:00",
      "quarter_label": "2024-09 (Q3)",
      "revenue": 24345550,
      "gross_profit": null,
      "operating_income": -4635707,
      "net_income": -4635707,
      "opex": 28279128,
      "cogs": null,
      "rd": null,
      "sga": null,
      "fcf": 4917225,
      "ocf": 4917225,
      "capex": null,
      "gross_margin": null,
      "op_margin": -0.19041290913534506,
      "fcf_margin": 0.20197633653788885,
      "incr_op_margin_yoy": 6.748651452184689,
      "rev_growth_yoy": -0.08040247281346594,
      "rev_growth_yoy_accel": 0.1434098224425198,
      "op_leverage_ratio": 0.1854298186506067,
      "fcf_margin_change": -0.028276047587119768
    },
    {
      "date": "2024-12-31T00:00:00",
      "quarter_label": "2024-12 (Q4)",
      "revenue": 22586024,
      "gross_profit": null,
      "operating_income": 10132523,
      "net_income": 10132523,
      "opex": 12370592,
      "cogs": null,
      "rd": null,
      "sga": null,
      "fcf": 4645650,
      "ocf": 4645650,
      "capex": null,
      "gross_margin": null,
      "op_margin": 0.4486191549251874,
      "fcf_margin": 0.20568693276868916,
      "incr_op_margin_yoy": -1.5118177413700413,
      "rev_growth_yoy": -0.1031817557519338,
      "rev_growth_yoy_accel": -0.02277928293846787,
      "fcf_margin_change": 0.003710596230800306
    },
    {
      "date": "2025-03-31T00:00:00",
      "quarter_label": "2025-03 (Q1)",
      "revenue": 25125157,
      "gross_profit": null,
      "operating_income": null,
      "net_income": 3327020,
      "opex": 21572756,
      "cogs": null,
      "rd": null,
      "sga": null,
      "fcf": 10343077,
      "ocf": 10343077,
      "capex": null,
      "gross_margin": null,
      "op_margin": null,
      "fcf_margin": 0.4116621838422741,
      "rev_growth_yoy": 0.12313019547841561,
      "rev_growth_yoy_accel": 0.22631195123034942,
      "op_leverage_ratio": 0.15112843292075995,
      "fcf_margin_change": 0.20597525107358494
    },
    {
      "date": "2025-06-30T00:00:00",
      "quarter_label": "2025-06 (Q2)",
      "revenue": 23591142,
      "gross_profit": null,
      "operating_income": null,
      "net_income": -7071722,
      "opex": 29335149,
      "cogs": null,
      "rd": null,
      "sga": null,
      "fcf": 10185329,
      "ocf": 10185329,
      "capex": null,
      "gross_margin": null,
      "op_margin": null,
      "fcf_margin": 0.43174378756229775,
      "rev_growth_yoy": 0.0738294130443065,
      "rev_growth_yoy_accel": -0.04930078243410911,
      "fcf_margin_change": 0.020081603720023655
    },
    {
      "date": "2025-09-30T00:00:00",
      "quarter_label": "2025-09 (Q3)",
      "revenue": 21677410,
      "gross_profit": null,
      "operating_income": null,
      "net_income": 1968155,
      "opex": 18392312,
      "cogs": null,
      "rd": null,
      "sga": null,
      "fcf": 8372602,
      "ocf": 8372602,
      "capex": null,
      "gross_margin": null,
      "op_margin": null,
      "fcf_margin": 0.38623627084600975,
      "rev_growth_yoy": -0.10959456656349928,
      "rev_growth_yoy_accel": -0.18342397960780576,
      "fcf_margin_change": -0.045507516716288
    }
  ],
  "signals": [
    {
      "quarter": "2025-09 (Q3)",
      "signal": "YoY REVENUE GROWTH DECELERATION",
      "detail": "YoY growth: -11.0% vs prior quarter YoY: +7.4% (decel: -18.3%)",
      "severity": "WARNING"
    },
    {
      "quarter": "2025-03 (Q1)",
      "signal": "FCF MARGIN EXPANSION",
      "detail": "FCF margin: +20.6% -> +41.2% (+20.6%)",
      "severity": "MEDIUM"
    },
    {
      "quarter": "2025-03 (Q1)",
      "signal": "YoY REVENUE GROWTH ACCELERATION",
      "detail": "YoY growth: +12.3% vs prior quarter YoY: -10.3% (accel: +22.6%)",
      "severity": "HIGH"
    },
    {
      "quarter": "2024-12 (Q4)",
      "signal": "OP MARGIN TURNED POSITIVE (QoQ)",
      "detail": "Op margin: -19.0% -> +44.9%",
      "severity": "HIGH"
    },
    {
      "quarter": "2024-09 (Q3)",
      "signal": "YoY REVENUE GROWTH ACCELERATION",
      "detail": "YoY growth: -8.0% vs prior quarter YoY: -22.4% (accel: +14.3%)",
      "severity": "MEDIUM"
    },
    {
      "quarter": "2024-06 (Q2)",
      "signal": "FCF MARGIN EXPANSION",
      "detail": "FCF margin: +15.1% -> +23.0% (+7.9%)",
      "severity": "MEDIUM"
    },
    {
      "quarter": "2024-06 (Q2)",
      "signal": "YoY REVENUE GROWTH DECELERATION",
      "detail": "YoY growth: -22.4% vs prior quarter YoY: -10.3% (decel: -12.1%)",
      "severity": "WARNING"
    },
    {
      "quarter": "2024-06 (Q2)",
      "signal": "INCREMENTAL MARGIN (YoY)",
      "detail": "YoY Incr OPM: +254.3% vs year-ago OPM: +75.2%",
      "severity": "HIGH"
    },
    {
      "quarter": "2024-03 (Q1)",
      "signal": "YoY REVENUE GROWTH DECELERATION",
      "detail": "YoY growth: -10.3% vs prior quarter YoY: +14.3% (decel: -24.6%)",
      "severity": "WARNING"
    },
    {
      "quarter": "2024-03 (Q1)",
      "signal": "INCREMENTAL MARGIN (YoY)",
      "detail": "YoY Incr OPM: +239.3% vs year-ago OPM: +67.3%",
      "severity": "HIGH"
    },
    {
      "quarter": "2023-12 (Q4)",
      "signal": "INCREMENTAL MARGIN (YoY)",
      "detail": "YoY Incr OPM: +96.0% vs year-ago OPM: +14.4%",
      "severity": "HIGH"
    },
    {
      "quarter": "2023-09 (Q3)",
      "signal": "YoY REVENUE GROWTH DECELERATION",
      "detail": "YoY growth: +17.1% vs prior quarter YoY: +64.2% (decel: -47.1%)",
      "severity": "WARNING"
    },
    {
      "quarter": "2023-06 (Q2)",
      "signal": "FCF MARGIN EXPANSION",
      "detail": "FCF margin: +0.8% -> +45.3% (+44.5%)",
      "severity": "MEDIUM"
    },
    {
      "quarter": "2023-06 (Q2)",
      "signal": "YoY REVENUE GROWTH ACCELERATION",
      "detail": "YoY growth: +64.2% vs prior quarter YoY: +29.8% (accel: +34.4%)",
      "severity": "HIGH"
    },
    {
      "quarter": "2023-03 (Q1)",
      "signal": "YoY REVENUE GROWTH ACCELERATION",
      "detail": "YoY growth: +29.8% vs prior quarter YoY: +10.3% (accel: +19.6%)",
      "severity": "HIGH"
    },
    {
      "quarter": "2022-12 (Q4)",
      "signal": "YoY REVENUE GROWTH DECELERATION",
      "detail": "YoY growth: +10.3% vs prior quarter YoY: +27.8% (decel: -17.6%)",
      "severity": "WARNING"
    },
    {
      "quarter": "2022-09 (Q3)",
      "signal": "OPERATING LEVERAGE",
      "detail": "Rev growth +31.2% vs OpEx growth +20.4% (leverage: 1.5x)",
      "severity": "MEDIUM"
    },
    {
      "quarter": "2022-09 (Q3)",
      "signal": "YoY REVENUE GROWTH ACCELERATION",
      "detail": "YoY growth: +27.8% vs prior quarter YoY: +5.0% (accel: +22.8%)",
      "severity": "HIGH"
    },
    {
      "quarter": "2022-09 (Q3)",
      "signal": "INCREMENTAL MARGIN (YoY)",
      "detail": "YoY Incr OPM: +112.3% vs year-ago OPM: +73.5%",
      "severity": "HIGH"
    },
    {
      "quarter": "2022-06 (Q2)",
      "signal": "YoY REVENUE GROWTH DECELERATION",
      "detail": "YoY growth: +5.0% vs prior quarter YoY: +33.5% (decel: -28.5%)",
      "severity": "WARNING"
    },
    {
      "quarter": "2022-03 (Q1)",
      "signal": "YoY REVENUE GROWTH DECELERATION",
      "detail": "YoY growth: +33.5% vs prior quarter YoY: +48.3% (decel: -14.8%)",
      "severity": "WARNING"
    },
    {
      "quarter": "2022-03 (Q1)",
      "signal": "INCREMENTAL MARGIN (YoY)",
      "detail": "YoY Incr OPM: +399.9% vs year-ago OPM: +48.6%",
      "severity": "HIGH"
    },
    {
      "quarter": "2021-12 (Q4)",
      "signal": "FCF MARGIN EXPANSION",
      "detail": "FCF margin: +43.8% -> +53.3% (+9.5%)",
      "severity": "MEDIUM"
    },
    {
      "quarter": "2021-12 (Q4)",
      "signal": "OPERATING LEVERAGE",
      "detail": "Rev growth +13.0% vs OpEx growth +5.4% (leverage: 2.4x)",
      "severity": "MEDIUM"
    },
    {
      "quarter": "2021-12 (Q4)",
      "signal": "INCREMENTAL MARGIN (YoY)",
      "detail": "YoY Incr OPM: +108.5% vs year-ago OPM: +5.9%",
      "severity": "HIGH"
    },
    {
      "quarter": "2021-09 (Q3)",
      "signal": "OPERATING LEVERAGE",
      "detail": "Rev growth +7.8% vs OpEx growth +2.0% (leverage: 3.9x)",
      "severity": "MEDIUM"
    },
    {
      "quarter": "2021-03 (Q1)",
      "signal": "FCF MARGIN EXPANSION",
      "detail": "FCF margin: +23.7% -> +51.8% (+28.1%)",
      "severity": "MEDIUM"
    }
  ],
  "data_quality": {
    "n_quarters": 20,
    "coverage": {
      "revenue": [
        20,
        20
      ],
      "gross_profit": [
        0,
        20
      ],
      "op_income": [
        17,
        20
      ],
      "fcf": [
        20,
        20
      ]
    },
    "gaps": [],
    "warnings": [
      "gross_profit: no data"
    ]
  },
  "market_cap": null,
  "source": "SEC EDGAR",
  "last_updated": "2026-02-02T23:03:25.259292",
  "sector": "Financial Services",
  "industry": "Mortgage Finance"
}