{
  "ticker": "GIFT",
  "name": "GIFTIFY, INC.",
  "quarters": [
    {
      "date": "2021-03-31T00:00:00",
      "quarter_label": "2021-03 (Q1)",
      "revenue": 810485,
      "gross_profit": null,
      "operating_income": -1751501,
      "net_income": -1132420,
      "opex": 2561986,
      "cogs": null,
      "rd": null,
      "sga": 2256876,
      "fcf": -248159,
      "ocf": -248159,
      "capex": null,
      "gross_margin": null,
      "op_margin": -2.1610529497769853,
      "fcf_margin": -0.30618580232823556
    },
    {
      "date": "2021-06-30T00:00:00",
      "quarter_label": "2021-06 (Q2)",
      "revenue": 788776,
      "gross_profit": null,
      "operating_income": -2260957,
      "net_income": -2306595,
      "opex": 3049733,
      "cogs": null,
      "rd": null,
      "sga": 2808490,
      "fcf": -510953,
      "ocf": -510953,
      "capex": null,
      "gross_margin": null,
      "op_margin": -2.866412010507419,
      "fcf_margin": -0.647779597756524,
      "fcf_margin_change": -0.3415937954282885
    },
    {
      "date": "2021-09-30T00:00:00",
      "quarter_label": "2021-09 (Q3)",
      "revenue": 847386,
      "gross_profit": null,
      "operating_income": -684358,
      "net_income": -712721,
      "opex": 1531744,
      "cogs": null,
      "rd": null,
      "sga": 1298982,
      "fcf": -535599,
      "ocf": -535599,
      "capex": null,
      "gross_margin": null,
      "op_margin": -0.8076106992563011,
      "fcf_margin": -0.6320602417316311,
      "op_leverage_ratio": Infinity,
      "fcf_margin_change": 0.01571935602489294
    },
    {
      "date": "2021-12-31T00:00:00",
      "quarter_label": "2021-12 (Q4)",
      "revenue": 876862,
      "gross_profit": null,
      "operating_income": -810879,
      "net_income": -839487,
      "opex": 1687741,
      "cogs": null,
      "rd": null,
      "sga": 878803,
      "fcf": 34520,
      "ocf": 34520,
      "capex": null,
      "gross_margin": null,
      "op_margin": -0.9247509870424309,
      "fcf_margin": 0.03936765420328398,
      "op_leverage_ratio": 0.34155229248818075,
      "fcf_margin_change": 0.6714278959349151
    },
    {
      "date": "2022-03-31T00:00:00",
      "quarter_label": "2022-03 (Q1)",
      "revenue": 759780,
      "gross_profit": null,
      "operating_income": -795860,
      "net_income": 272081,
      "opex": 1555640,
      "cogs": null,
      "rd": null,
      "sga": 1436595,
      "fcf": -431356,
      "ocf": -431356,
      "capex": null,
      "gross_margin": null,
      "op_margin": -1.0474874305720077,
      "fcf_margin": -0.5677380294295717,
      "rev_growth_yoy": -0.06256130588474802,
      "fcf_margin_change": -0.6071056836328558
    },
    {
      "date": "2022-06-30T00:00:00",
      "quarter_label": "2022-06 (Q2)",
      "revenue": 1811154,
      "gross_profit": null,
      "operating_income": -193078,
      "net_income": -193590,
      "opex": 2004232,
      "cogs": null,
      "rd": null,
      "sga": 1475455,
      "fcf": 395446,
      "ocf": 395446,
      "capex": null,
      "gross_margin": null,
      "op_margin": -0.10660496015247738,
      "fcf_margin": 0.21833924669023175,
      "incr_op_margin_yoy": 2.022616879471194,
      "rev_growth_yoy": 1.2961575910017546,
      "rev_growth_yoy_accel": 1.3587188968865027,
      "op_leverage_ratio": 4.798737047986174,
      "fcf_margin_change": 0.7860772761198035
    },
    {
      "date": "2022-09-30T00:00:00",
      "quarter_label": "2022-09 (Q3)",
      "revenue": 824747,
      "gross_profit": null,
      "operating_income": -566911,
      "net_income": -596342,
      "opex": 1391658,
      "cogs": null,
      "rd": null,
      "sga": 1315716,
      "fcf": -681334,
      "ocf": -681334,
      "capex": null,
      "gross_margin": null,
      "op_margin": -0.6873756436822444,
      "fcf_margin": -0.826112735178182,
      "rev_growth_yoy": -0.026716278059821616,
      "rev_growth_yoy_accel": -1.3228738690615762,
      "fcf_margin_change": -1.0444519818684137
    },
    {
      "date": "2022-12-31T00:00:00",
      "quarter_label": "2022-12 (Q4)",
      "revenue": 93612421,
      "gross_profit": null,
      "operating_income": -730997,
      "net_income": -760673,
      "opex": 1779911,
      "cogs": null,
      "rd": null,
      "sga": 1234924,
      "fcf": 614833,
      "ocf": 614833,
      "capex": null,
      "gross_margin": null,
      "op_margin": -0.007808760762634266,
      "fcf_margin": 0.0065678570581995735,
      "incr_op_margin_yoy": 0.0008613955731910777,
      "rev_growth_yoy": 105.75844203534878,
      "rev_growth_yoy_accel": 105.7851583134086,
      "op_leverage_ratio": 403.26194811509055,
      "fcf_margin_change": 0.8326805922363816
    },
    {
      "date": "2023-03-31T00:00:00",
      "quarter_label": "2023-03 (Q1)",
      "revenue": 24161728,
      "gross_profit": 2913650,
      "operating_income": -399185,
      "net_income": -424916,
      "opex": 1210896,
      "cogs": 21248078,
      "rd": null,
      "sga": 1116019,
      "fcf": 803484,
      "ocf": 803484,
      "capex": null,
      "gross_margin": 0.12058947108418736,
      "op_margin": -0.016521376285669635,
      "fcf_margin": 0.03325440961838491,
      "incr_op_margin_yoy": 0.016950511983019532,
      "rev_growth_yoy": 30.80095290742057,
      "rev_growth_yoy_accel": -74.95748912792821,
      "fcf_margin_change": 0.026686552560185338
    },
    {
      "date": "2023-06-30T00:00:00",
      "quarter_label": "2023-06 (Q2)",
      "revenue": 21091657,
      "gross_profit": 2617538,
      "operating_income": -1833516,
      "net_income": -1840686,
      "opex": 2555004,
      "cogs": 18474119,
      "rd": null,
      "sga": 2453615,
      "fcf": -1241209,
      "ocf": -1241209,
      "capex": null,
      "gross_margin": 0.12410300433010076,
      "op_margin": -0.08693086560245124,
      "fcf_margin": -0.05884833989098154,
      "incr_op_margin_yoy": -0.08508273876464738,
      "rev_growth_yoy": 10.645424408967983,
      "rev_growth_yoy_accel": -20.155528498452586,
      "fcf_margin_change": -0.09210274950936645
    },
    {
      "date": "2023-09-30T00:00:00",
      "quarter_label": "2023-09 (Q3)",
      "revenue": 20207519,
      "gross_profit": 2577534,
      "operating_income": -190054,
      "net_income": -191970,
      "opex": 762970,
      "cogs": 17629985,
      "rd": null,
      "sga": 703553,
      "fcf": 217458,
      "ocf": 217458,
      "capex": null,
      "gross_margin": 0.127553214226843,
      "op_margin": -0.009405113017585186,
      "fcf_margin": 0.010761241892188744,
      "incr_op_margin_yoy": 0.019442884640029818,
      "rev_growth_yoy": 23.501476210280245,
      "rev_growth_yoy_accel": 12.856051801312262,
      "fcf_margin_change": 0.06960958178317028
    },
    {
      "date": "2023-12-29T00:00:00",
      "quarter_label": "2023-12 (Q4)",
      "revenue": 21201040,
      "gross_profit": 2332577,
      "operating_income": -657651,
      "net_income": 2333027,
      "opex": 8992835,
      "cogs": 18868463,
      "rd": null,
      "sga": 6879241,
      "fcf": -321524,
      "ocf": -321524,
      "capex": null,
      "gross_margin": 0.11002181968431737,
      "op_margin": -0.03101975186122945,
      "fcf_margin": -0.015165482448030851,
      "incr_op_margin_yoy": -0.001012907073267944,
      "rev_growth_yoy": -0.7735232165398223,
      "rev_growth_yoy_accel": -24.274999426820067,
      "op_leverage_ratio": 0.004558047072372975,
      "fcf_margin_change": -0.025926724340219594
    },
    {
      "date": "2024-03-31T00:00:00",
      "quarter_label": "2024-03 (Q1)",
      "revenue": 21521894,
      "gross_profit": 3257276,
      "operating_income": -2943419,
      "net_income": -3190720,
      "opex": 6200695,
      "cogs": 18264618,
      "rd": null,
      "sga": 5214041,
      "fcf": -6636,
      "ocf": -6636,
      "capex": null,
      "gross_margin": 0.1513470886902426,
      "op_margin": -0.1367639390845434,
      "fcf_margin": -0.00030833717515753957,
      "incr_op_margin_yoy": 0.963785601670408,
      "rev_growth_yoy": -0.10925683792152614,
      "rev_growth_yoy_accel": 0.6642663786182961,
      "op_leverage_ratio": Infinity,
      "fcf_margin_change": 0.014857145272873311
    },
    {
      "date": "2024-06-30T00:00:00",
      "quarter_label": "2024-06 (Q2)",
      "revenue": 20020502,
      "gross_profit": 3260495,
      "operating_income": -7482429,
      "net_income": -7744646,
      "opex": 10742924,
      "cogs": 16760007,
      "rd": null,
      "sga": 9832270,
      "fcf": -3067564,
      "ocf": -3067564,
      "capex": null,
      "gross_margin": 0.1628578044646433,
      "op_margin": -0.37373833083705893,
      "fcf_margin": -0.15322113301654475,
      "incr_op_margin_yoy": 5.273665342550798,
      "rev_growth_yoy": -0.05078572062877753,
      "rev_growth_yoy_accel": 0.05847111729274861,
      "fcf_margin_change": -0.1529127958413872
    },
    {
      "date": "2024-09-30T00:00:00",
      "quarter_label": "2024-09 (Q3)",
      "revenue": 23210850,
      "gross_profit": 2990613,
      "operating_income": -3780199,
      "net_income": -4061152,
      "opex": 6770812,
      "cogs": 20220237,
      "rd": null,
      "sga": 5908603,
      "fcf": 215832,
      "ocf": 215832,
      "capex": null,
      "gross_margin": 0.12884547528418822,
      "op_margin": -0.16286344532837013,
      "fcf_margin": 0.009298754677230691,
      "incr_op_margin_yoy": -1.195387721166931,
      "rev_growth_yoy": 0.148624430341993,
      "rev_growth_yoy_accel": 0.19941015097077053,
      "op_leverage_ratio": Infinity,
      "fcf_margin_change": 0.16251988769377543
    },
    {
      "date": "2024-12-31T00:00:00",
      "quarter_label": "2024-12 (Q4)",
      "revenue": 24180790,
      "gross_profit": 3636397,
      "operating_income": -4169679,
      "net_income": -3835562,
      "opex": 7806076,
      "cogs": 20544393,
      "rd": null,
      "sga": 6660951,
      "fcf": 306498,
      "ocf": 306498,
      "capex": null,
      "gross_margin": 0.15038371368346526,
      "op_margin": -0.1724376664285989,
      "fcf_margin": 0.012675268260466263,
      "incr_op_margin_yoy": -1.178631764409766,
      "rev_growth_yoy": 0.1405473505073336,
      "rev_growth_yoy_accel": -0.008077079834659384,
      "op_leverage_ratio": 0.2733024141271645,
      "fcf_margin_change": 0.003376513583235572
    },
    {
      "date": "2025-03-31T00:00:00",
      "quarter_label": "2025-03 (Q1)",
      "revenue": 22277013,
      "gross_profit": 3581636,
      "operating_income": -3167665,
      "net_income": -3217332,
      "opex": 6749301,
      "cogs": 18695377,
      "rd": null,
      "sga": 6043841,
      "fcf": -1448924,
      "ocf": -1448924,
      "capex": null,
      "gross_margin": 0.16077721012238042,
      "op_margin": -0.14219433278599783,
      "fcf_margin": -0.06504121535503884,
      "rev_growth_yoy": 0.03508608489568808,
      "rev_growth_yoy_accel": -0.10546126561164552,
      "fcf_margin_change": -0.07771648361550511
    },
    {
      "date": "2025-06-30T00:00:00",
      "quarter_label": "2025-06 (Q2)",
      "revenue": 20900731,
      "gross_profit": 3855625,
      "operating_income": -2577524,
      "net_income": -2589809,
      "opex": 6433149,
      "cogs": 17045106,
      "rd": null,
      "sga": 5714543,
      "fcf": 1738875,
      "ocf": 1738875,
      "capex": null,
      "gross_margin": 0.1844732129225528,
      "op_margin": -0.12332219385054044,
      "fcf_margin": 0.0831968508661252,
      "rev_growth_yoy": 0.0439663800637966,
      "rev_growth_yoy_accel": 0.008880295168108517,
      "fcf_margin_change": 0.14823806622116403
    },
    {
      "date": "2025-09-30T00:00:00",
      "quarter_label": "2025-09 (Q3)",
      "revenue": 18783908,
      "gross_profit": 3747541,
      "operating_income": -2487668,
      "net_income": -2437462,
      "opex": 6235209,
      "cogs": 15036367,
      "rd": null,
      "sga": 5489115,
      "fcf": -786018,
      "ocf": -786018,
      "capex": null,
      "gross_margin": 0.19950805764167925,
      "op_margin": -0.13243612564541948,
      "fcf_margin": -0.04184528586915992,
      "incr_op_margin_yoy": -0.2919692645623096,
      "rev_growth_yoy": -0.19072726763561007,
      "rev_growth_yoy_accel": -0.23469364769940668,
      "fcf_margin_change": -0.12504213673528514
    }
  ],
  "signals": [
    {
      "quarter": "2025-09 (Q3)",
      "signal": "YoY REVENUE GROWTH DECELERATION",
      "detail": "YoY growth: -19.1% vs prior quarter YoY: +4.4% (decel: -23.5%)",
      "severity": "WARNING"
    },
    {
      "quarter": "2025-06 (Q2)",
      "signal": "FCF TURNED POSITIVE",
      "detail": "FCF margin: -6.5% -> +8.3%",
      "severity": "HIGH"
    },
    {
      "quarter": "2025-03 (Q1)",
      "signal": "YoY REVENUE GROWTH DECELERATION",
      "detail": "YoY growth: +3.5% vs prior quarter YoY: +14.1% (decel: -10.5%)",
      "severity": "WARNING"
    },
    {
      "quarter": "2024-12 (Q4)",
      "signal": "GROSS MARGIN INFLECTION",
      "detail": "GM: +16.3% -> +12.9% -> +15.0% (reversal +2.2%)",
      "severity": "MEDIUM"
    },
    {
      "quarter": "2024-09 (Q3)",
      "signal": "FCF TURNED POSITIVE",
      "detail": "FCF margin: -15.3% -> +0.9%",
      "severity": "HIGH"
    },
    {
      "quarter": "2024-09 (Q3)",
      "signal": "YoY REVENUE GROWTH ACCELERATION",
      "detail": "YoY growth: +14.9% vs prior quarter YoY: -5.1% (accel: +19.9%)",
      "severity": "HIGH"
    },
    {
      "quarter": "2024-06 (Q2)",
      "signal": "YoY REVENUE GROWTH ACCELERATION",
      "detail": "YoY growth: -5.1% vs prior quarter YoY: -10.9% (accel: +5.8%)",
      "severity": "MEDIUM"
    },
    {
      "quarter": "2024-03 (Q1)",
      "signal": "GROSS MARGIN INFLECTION",
      "detail": "GM: +12.8% -> +11.0% -> +15.1% (reversal +4.1%)",
      "severity": "MEDIUM"
    },
    {
      "quarter": "2024-03 (Q1)",
      "signal": "YoY REVENUE GROWTH ACCELERATION",
      "detail": "YoY growth: -10.9% vs prior quarter YoY: -77.4% (accel: +66.4%)",
      "severity": "HIGH"
    },
    {
      "quarter": "2023-12 (Q4)",
      "signal": "YoY REVENUE GROWTH DECELERATION",
      "detail": "YoY growth: -77.4% vs prior quarter YoY: +2350.1% (decel: -2427.5%)",
      "severity": "WARNING"
    },
    {
      "quarter": "2023-09 (Q3)",
      "signal": "FCF TURNED POSITIVE",
      "detail": "FCF margin: -5.9% -> +1.1%",
      "severity": "HIGH"
    },
    {
      "quarter": "2023-09 (Q3)",
      "signal": "YoY REVENUE GROWTH ACCELERATION",
      "detail": "YoY growth: +2350.1% vs prior quarter YoY: +1064.5% (accel: +1285.6%)",
      "severity": "HIGH"
    },
    {
      "quarter": "2023-06 (Q2)",
      "signal": "YoY REVENUE GROWTH DECELERATION",
      "detail": "YoY growth: +1064.5% vs prior quarter YoY: +3080.1% (decel: -2015.6%)",
      "severity": "WARNING"
    },
    {
      "quarter": "2023-03 (Q1)",
      "signal": "YoY REVENUE GROWTH DECELERATION",
      "detail": "YoY growth: +3080.1% vs prior quarter YoY: +10575.8% (decel: -7495.7%)",
      "severity": "WARNING"
    },
    {
      "quarter": "2022-12 (Q4)",
      "signal": "FCF TURNED POSITIVE",
      "detail": "FCF margin: -82.6% -> +0.7%",
      "severity": "HIGH"
    },
    {
      "quarter": "2022-12 (Q4)",
      "signal": "OPERATING LEVERAGE",
      "detail": "Rev growth +11250.4% vs OpEx growth +27.9% (leverage: 403.3x)",
      "severity": "MEDIUM"
    },
    {
      "quarter": "2022-12 (Q4)",
      "signal": "YoY REVENUE GROWTH ACCELERATION",
      "detail": "YoY growth: +10575.8% vs prior quarter YoY: -2.7% (accel: +10578.5%)",
      "severity": "HIGH"
    },
    {
      "quarter": "2022-09 (Q3)",
      "signal": "YoY REVENUE GROWTH DECELERATION",
      "detail": "YoY growth: -2.7% vs prior quarter YoY: +129.6% (decel: -132.3%)",
      "severity": "WARNING"
    },
    {
      "quarter": "2022-06 (Q2)",
      "signal": "FCF TURNED POSITIVE",
      "detail": "FCF margin: -56.8% -> +21.8%",
      "severity": "HIGH"
    },
    {
      "quarter": "2022-06 (Q2)",
      "signal": "OPERATING LEVERAGE",
      "detail": "Rev growth +138.4% vs OpEx growth +28.8% (leverage: 4.8x)",
      "severity": "MEDIUM"
    },
    {
      "quarter": "2022-06 (Q2)",
      "signal": "YoY REVENUE GROWTH ACCELERATION",
      "detail": "YoY growth: +129.6% vs prior quarter YoY: -6.3% (accel: +135.9%)",
      "severity": "HIGH"
    },
    {
      "quarter": "2021-12 (Q4)",
      "signal": "FCF TURNED POSITIVE",
      "detail": "FCF margin: -63.2% -> +3.9%",
      "severity": "HIGH"
    }
  ],
  "data_quality": {
    "n_quarters": 19,
    "coverage": {
      "revenue": [
        19,
        19
      ],
      "gross_profit": [
        11,
        19
      ],
      "op_income": [
        19,
        19
      ],
      "fcf": [
        19,
        19
      ]
    },
    "gaps": [],
    "warnings": [
      "gross_profit: 11/19Q"
    ]
  },
  "market_cap": null,
  "source": "SEC EDGAR",
  "last_updated": "2026-02-02T23:49:27.280670"
}