{
  "ticker": "GL",
  "name": "GLOBE LIFE INC.",
  "quarters": [
    {
      "date": "2020-12-31T00:00:00",
      "quarter_label": "2020-12 (Q4)",
      "revenue": 1228941000,
      "gross_profit": 224969000,
      "operating_income": 224969000,
      "net_income": 204240000,
      "opex": 0,
      "cogs": null,
      "rd": null,
      "sga": null,
      "fcf": 384852000,
      "ocf": 397818000,
      "capex": -12966000,
      "gross_margin": 0.18305923555321207,
      "op_margin": 0.18305923555321207,
      "fcf_margin": 0.3131574257836625
    },
    {
      "date": "2021-03-31T00:00:00",
      "quarter_label": "2021-03 (Q1)",
      "revenue": 1266560000,
      "gross_profit": 190642000,
      "operating_income": 195470000,
      "net_income": 178517000,
      "opex": -4828000,
      "cogs": null,
      "rd": null,
      "sga": null,
      "fcf": 356301000,
      "ocf": 371830000,
      "capex": -15529000,
      "gross_margin": 0.150519517433047,
      "op_margin": 0.15433141738251643,
      "fcf_margin": 0.28131395275391613,
      "fcf_margin_change": -0.03184347302974638
    },
    {
      "date": "2021-06-30T00:00:00",
      "quarter_label": "2021-06 (Q2)",
      "revenue": 1271111000,
      "gross_profit": 236584000,
      "operating_income": 236845000,
      "net_income": 199618000,
      "opex": -261000,
      "cogs": null,
      "rd": null,
      "sga": null,
      "fcf": 322011000,
      "ocf": 330209000,
      "capex": -8198000,
      "gross_margin": 0.1861237924933385,
      "op_margin": 0.1863291246791193,
      "fcf_margin": 0.2533303543120939,
      "fcf_margin_change": -0.027983598441822244
    },
    {
      "date": "2021-09-30T00:00:00",
      "quarter_label": "2021-09 (Q3)",
      "revenue": 1277838000,
      "gross_profit": 220320000,
      "operating_income": 222717000,
      "net_income": 188871000,
      "opex": -2397000,
      "cogs": null,
      "rd": null,
      "sga": null,
      "fcf": 350980000,
      "ocf": 357983000,
      "capex": -7003000,
      "gross_margin": 0.17241622177459115,
      "op_margin": 0.17429204640963877,
      "fcf_margin": 0.27466705482228576,
      "fcf_margin_change": 0.021336700510191875
    },
    {
      "date": "2021-12-31T00:00:00",
      "quarter_label": "2021-12 (Q4)",
      "revenue": 1297360000,
      "gross_profit": 205525000,
      "operating_income": 209937000,
      "net_income": 177953000,
      "opex": -4412000,
      "cogs": null,
      "rd": null,
      "sga": null,
      "fcf": 370144000,
      "ocf": 377658000,
      "capex": -7514000,
      "gross_margin": 0.15841786396990812,
      "op_margin": 0.16181861626688043,
      "fcf_margin": 0.28530554356539434,
      "incr_op_margin_yoy": -0.21970505269004223,
      "rev_growth_yoy": 0.05567313646464721,
      "op_leverage_ratio": 0.01817362209697267,
      "fcf_margin_change": 0.010638488743108576
    },
    {
      "date": "2022-03-31T00:00:00",
      "quarter_label": "2022-03 (Q1)",
      "revenue": 1308356000,
      "gross_profit": 208859000,
      "operating_income": 208971000,
      "net_income": 164361000,
      "opex": -112000,
      "cogs": null,
      "rd": null,
      "sga": null,
      "fcf": 390152000,
      "ocf": 397133000,
      "capex": -6981000,
      "gross_margin": 0.15963468658377383,
      "op_margin": 0.15972029019624628,
      "fcf_margin": 0.2982001840477668,
      "incr_op_margin_yoy": 0.32302134175519187,
      "rev_growth_yoy": 0.03299962102071753,
      "rev_growth_yoy_accel": -0.022673515443929676,
      "fcf_margin_change": 0.012894640482372488
    },
    {
      "date": "2022-06-30T00:00:00",
      "quarter_label": "2022-06 (Q2)",
      "revenue": 1292608000,
      "gross_profit": 247442000,
      "operating_income": 252059000,
      "net_income": 177004000,
      "opex": -4617000,
      "cogs": null,
      "rd": null,
      "sga": null,
      "fcf": 289611000,
      "ocf": 296257000,
      "capex": -6646000,
      "gross_margin": 0.19142849185522604,
      "op_margin": 0.1950003403970887,
      "fcf_margin": 0.22405168465613706,
      "incr_op_margin_yoy": 0.7077266595338885,
      "rev_growth_yoy": 0.016911977002795193,
      "rev_growth_yoy_accel": -0.01608764401792234,
      "fcf_margin_change": -0.07414849939162976
    },
    {
      "date": "2022-09-30T00:00:00",
      "quarter_label": "2022-09 (Q3)",
      "revenue": 1291273000,
      "gross_profit": 259138000,
      "operating_income": 260554000,
      "net_income": 186779000,
      "opex": -1416000,
      "cogs": null,
      "rd": null,
      "sga": null,
      "fcf": 350858000,
      "ocf": 356997000,
      "capex": -6139000,
      "gross_margin": 0.20068413108614522,
      "op_margin": 0.20178072336368838,
      "fcf_margin": 0.27171481166259964,
      "incr_op_margin_yoy": 2.816300707108299,
      "rev_growth_yoy": 0.010513852303656646,
      "rev_growth_yoy_accel": -0.006398124699138547,
      "fcf_margin_change": 0.04766312700646258
    },
    {
      "date": "2022-12-31T00:00:00",
      "quarter_label": "2022-12 (Q4)",
      "revenue": 1335113000,
      "gross_profit": 267420000,
      "operating_income": 269082000,
      "net_income": 242343000,
      "opex": -1662000,
      "cogs": null,
      "rd": null,
      "sga": null,
      "fcf": 363644000,
      "ocf": 371807000,
      "capex": -8163000,
      "gross_margin": 0.20029765270804795,
      "op_margin": 0.2015424911599243,
      "fcf_margin": 0.2723694548701121,
      "incr_op_margin_yoy": 1.566630466452997,
      "rev_growth_yoy": 0.029099864339890237,
      "rev_growth_yoy_accel": 0.01858601203623359,
      "op_leverage_ratio": 0.19542522539631102,
      "fcf_margin_change": 0.000654643207512462
    },
    {
      "date": "2023-03-31T00:00:00",
      "quarter_label": "2023-03 (Q1)",
      "revenue": 1321318000,
      "gross_profit": 305161000,
      "operating_income": 305161000,
      "net_income": 223610000,
      "opex": 0,
      "cogs": null,
      "rd": null,
      "sga": null,
      "fcf": 469120000,
      "ocf": 477330000,
      "capex": -8210000,
      "gross_margin": 0.23095197371109755,
      "op_margin": 0.23095197371109755,
      "fcf_margin": 0.3550394378945871,
      "incr_op_margin_yoy": 7.4209226971146425,
      "rev_growth_yoy": 0.009907089507748655,
      "rev_growth_yoy_accel": -0.01919277483214158,
      "fcf_margin_change": 0.08266998302447498
    },
    {
      "date": "2023-06-30T00:00:00",
      "quarter_label": "2023-06 (Q2)",
      "revenue": 1326406000,
      "gross_profit": 310349000,
      "operating_income": 310349000,
      "net_income": 215260000,
      "opex": 0,
      "cogs": null,
      "rd": null,
      "sga": null,
      "fcf": 309392000,
      "ocf": 326811000,
      "capex": -17419000,
      "gross_margin": 0.2339773794750627,
      "op_margin": 0.2339773794750627,
      "fcf_margin": 0.23325588092936853,
      "incr_op_margin_yoy": 1.7246582638025918,
      "rev_growth_yoy": 0.026147138188839927,
      "rev_growth_yoy_accel": 0.016240048681091274,
      "fcf_margin_change": -0.12178355696521856
    },
    {
      "date": "2023-09-30T00:00:00",
      "quarter_label": "2023-09 (Q3)",
      "revenue": 1384118000,
      "gross_profit": 321008000,
      "operating_income": 322145000,
      "net_income": 257083000,
      "opex": -1137000,
      "cogs": null,
      "rd": null,
      "sga": null,
      "fcf": 276067000,
      "ocf": 286887000,
      "capex": -10820000,
      "gross_margin": 0.2319224227992122,
      "op_margin": 0.2327438845531956,
      "fcf_margin": 0.19945337030513294,
      "incr_op_margin_yoy": 0.6633744412730895,
      "rev_growth_yoy": 0.07190191384780754,
      "rev_growth_yoy_accel": 0.045754775658967614,
      "fcf_margin_change": -0.03380251062423559
    },
    {
      "date": "2023-12-31T00:00:00",
      "quarter_label": "2023-12 (Q4)",
      "revenue": 1415691000,
      "gross_profit": 323424000,
      "operating_income": 327357000,
      "net_income": 274802000,
      "opex": -3933000,
      "cogs": null,
      "rd": null,
      "sga": null,
      "fcf": 378293000,
      "ocf": 391397000,
      "capex": -13104000,
      "gross_margin": 0.22845663354503207,
      "op_margin": 0.23123478216644733,
      "fcf_margin": 0.2672143850600166,
      "incr_op_margin_yoy": 0.7232122911961081,
      "rev_growth_yoy": 0.06035294390811864,
      "rev_growth_yoy_accel": -0.011548969939688902,
      "op_leverage_ratio": 0.009276113003761797,
      "fcf_margin_change": 0.06776101475488366
    },
    {
      "date": "2024-03-31T00:00:00",
      "quarter_label": "2024-03 (Q1)",
      "revenue": 1416139000,
      "gross_profit": 326722000,
      "operating_income": 327432000,
      "net_income": 254217000,
      "opex": -710000,
      "cogs": null,
      "rd": null,
      "sga": null,
      "fcf": 341700000,
      "ocf": 350806000,
      "capex": -9106000,
      "gross_margin": 0.2307132280093974,
      "op_margin": 0.23121459122303673,
      "fcf_margin": 0.24128987338107347,
      "incr_op_margin_yoy": 0.23487413125784373,
      "rev_growth_yoy": 0.07176243720285351,
      "rev_growth_yoy_accel": 0.011409493294734868,
      "fcf_margin_change": -0.025924511678943135
    },
    {
      "date": "2024-06-30T00:00:00",
      "quarter_label": "2024-06 (Q2)",
      "revenue": 1440246000,
      "gross_profit": 334912000,
      "operating_income": 338604000,
      "net_income": 258355000,
      "opex": -3692000,
      "cogs": null,
      "rd": null,
      "sga": null,
      "fcf": 356485000,
      "ocf": 374117000,
      "capex": -17632000,
      "gross_margin": 0.23253805252713772,
      "op_margin": 0.23510150349315326,
      "fcf_margin": 0.24751674366740126,
      "incr_op_margin_yoy": 0.24819922698524244,
      "rev_growth_yoy": 0.0858259085076515,
      "rev_growth_yoy_accel": 0.014063471304797986,
      "op_leverage_ratio": 0.0040531063015437786,
      "fcf_margin_change": 0.00622687028632779
    },
    {
      "date": "2024-09-30T00:00:00",
      "quarter_label": "2024-09 (Q3)",
      "revenue": 1455407000,
      "gross_profit": 379150000,
      "operating_income": 383116000,
      "net_income": 302994000,
      "opex": -3966000,
      "cogs": null,
      "rd": null,
      "sga": null,
      "fcf": 311281000,
      "ocf": 340590000,
      "capex": -29309000,
      "gross_margin": 0.26051132088824636,
      "op_margin": 0.26323633183020284,
      "fcf_margin": 0.21387900429227014,
      "incr_op_margin_yoy": 0.8552651881776993,
      "rev_growth_yoy": 0.05150500174118103,
      "rev_growth_yoy_accel": -0.03432090676647047,
      "op_leverage_ratio": 0.1418411682327059,
      "fcf_margin_change": -0.03363773937513112
    },
    {
      "date": "2024-12-31T00:00:00",
      "quarter_label": "2024-12 (Q4)",
      "revenue": 1466277000,
      "gross_profit": null,
      "operating_income": null,
      "net_income": 255196000,
      "opex": null,
      "cogs": null,
      "rd": null,
      "sga": null,
      "fcf": 321929000,
      "ocf": 336927000,
      "capex": -14998000,
      "gross_margin": null,
      "op_margin": null,
      "fcf_margin": 0.21955537732638514,
      "rev_growth_yoy": 0.03573237380191016,
      "rev_growth_yoy_accel": -0.015772627939270867,
      "fcf_margin_change": 0.005676373034115001
    },
    {
      "date": "2025-03-31T00:00:00",
      "quarter_label": "2025-03 (Q1)",
      "revenue": 1480422000,
      "gross_profit": null,
      "operating_income": null,
      "net_income": 254563000,
      "opex": null,
      "cogs": null,
      "rd": null,
      "sga": null,
      "fcf": 420141000,
      "ocf": 431887000,
      "capex": -11746000,
      "gross_margin": null,
      "op_margin": null,
      "fcf_margin": 0.283798133234983,
      "rev_growth_yoy": 0.04539314290475723,
      "rev_growth_yoy_accel": 0.00966076910284707,
      "fcf_margin_change": 0.06424275590859785
    },
    {
      "date": "2025-06-30T00:00:00",
      "quarter_label": "2025-06 (Q2)",
      "revenue": 1481287000,
      "gross_profit": null,
      "operating_income": null,
      "net_income": 252749000,
      "opex": null,
      "cogs": null,
      "rd": null,
      "sga": null,
      "fcf": 294985000,
      "ocf": 307926000,
      "capex": -12941000,
      "gross_margin": null,
      "op_margin": null,
      "fcf_margin": 0.19914101723703778,
      "rev_growth_yoy": 0.028495826407433176,
      "rev_growth_yoy_accel": -0.016897316497324056,
      "fcf_margin_change": -0.0846571159979452
    },
    {
      "date": "2025-09-30T00:00:00",
      "quarter_label": "2025-09 (Q3)",
      "revenue": 1512988000,
      "gross_profit": null,
      "operating_income": null,
      "net_income": 387843000,
      "opex": null,
      "cogs": null,
      "rd": null,
      "sga": null,
      "fcf": 208685000,
      "ocf": 305977000,
      "capex": -97292000,
      "gross_margin": null,
      "op_margin": null,
      "fcf_margin": 0.13792905165143413,
      "rev_growth_yoy": 0.039563503542308094,
      "rev_growth_yoy_accel": 0.011067677134874918,
      "fcf_margin_change": -0.061211965585603656
    }
  ],
  "signals": [
    {
      "quarter": "2025-03 (Q1)",
      "signal": "FCF MARGIN EXPANSION",
      "detail": "FCF margin: +22.0% -> +28.4% (+6.4%)",
      "severity": "MEDIUM"
    },
    {
      "quarter": "2024-09 (Q3)",
      "signal": "INCREMENTAL MARGIN (YoY)",
      "detail": "YoY Incr OPM: +85.5% vs year-ago OPM: +23.3%",
      "severity": "HIGH"
    },
    {
      "quarter": "2023-12 (Q4)",
      "signal": "FCF MARGIN EXPANSION",
      "detail": "FCF margin: +19.9% -> +26.7% (+6.8%)",
      "severity": "MEDIUM"
    },
    {
      "quarter": "2023-12 (Q4)",
      "signal": "INCREMENTAL MARGIN (YoY)",
      "detail": "YoY Incr OPM: +72.3% vs year-ago OPM: +20.2%",
      "severity": "HIGH"
    },
    {
      "quarter": "2023-09 (Q3)",
      "signal": "INCREMENTAL MARGIN (YoY)",
      "detail": "YoY Incr OPM: +66.3% vs year-ago OPM: +20.2%",
      "severity": "HIGH"
    },
    {
      "quarter": "2023-06 (Q2)",
      "signal": "INCREMENTAL MARGIN (YoY)",
      "detail": "YoY Incr OPM: +172.5% vs year-ago OPM: +19.5%",
      "severity": "HIGH"
    },
    {
      "quarter": "2023-03 (Q1)",
      "signal": "FCF MARGIN EXPANSION",
      "detail": "FCF margin: +27.2% -> +35.5% (+8.3%)",
      "severity": "MEDIUM"
    },
    {
      "quarter": "2023-03 (Q1)",
      "signal": "GROSS MARGIN INFLECTION",
      "detail": "GM: +20.1% -> +20.0% -> +23.1% (reversal +3.1%)",
      "severity": "MEDIUM"
    },
    {
      "quarter": "2023-03 (Q1)",
      "signal": "INCREMENTAL MARGIN (YoY)",
      "detail": "YoY Incr OPM: +742.1% vs year-ago OPM: +16.0%",
      "severity": "HIGH"
    },
    {
      "quarter": "2022-12 (Q4)",
      "signal": "INCREMENTAL MARGIN (YoY)",
      "detail": "YoY Incr OPM: +156.7% vs year-ago OPM: +16.2%",
      "severity": "HIGH"
    },
    {
      "quarter": "2022-09 (Q3)",
      "signal": "INCREMENTAL MARGIN (YoY)",
      "detail": "YoY Incr OPM: +281.6% vs year-ago OPM: +17.4%",
      "severity": "HIGH"
    },
    {
      "quarter": "2022-06 (Q2)",
      "signal": "INCREMENTAL MARGIN (YoY)",
      "detail": "YoY Incr OPM: +70.8% vs year-ago OPM: +18.6%",
      "severity": "HIGH"
    },
    {
      "quarter": "2022-03 (Q1)",
      "signal": "INCREMENTAL MARGIN (YoY)",
      "detail": "YoY Incr OPM: +32.3% vs year-ago OPM: +15.4%",
      "severity": "MEDIUM"
    },
    {
      "quarter": "2021-06 (Q2)",
      "signal": "GROSS MARGIN INFLECTION",
      "detail": "GM: +18.3% -> +15.1% -> +18.6% (reversal +3.6%)",
      "severity": "MEDIUM"
    }
  ],
  "data_quality": {
    "n_quarters": 20,
    "coverage": {
      "revenue": [
        20,
        20
      ],
      "gross_profit": [
        16,
        20
      ],
      "op_income": [
        16,
        20
      ],
      "fcf": [
        20,
        20
      ]
    },
    "gaps": [],
    "warnings": []
  },
  "market_cap": null,
  "source": "SEC EDGAR",
  "last_updated": "2026-02-02T20:35:03.495701"
}