{
  "ticker": "GLNG",
  "name": "GOLAR LNG LIMITED",
  "quarters": [
    {
      "date": "2014-06-30T00:00:00",
      "quarter_label": "2014-06 (Q2)",
      "revenue": 21084000,
      "gross_profit": null,
      "operating_income": -11064000,
      "net_income": -24230000,
      "opex": null,
      "cogs": null,
      "rd": null,
      "sga": null,
      "fcf": null,
      "ocf": null,
      "capex": null,
      "gross_margin": null,
      "op_margin": -0.5247581104154809,
      "fcf_margin": null
    },
    {
      "date": "2015-06-30T00:00:00",
      "quarter_label": "2015-06 (Q2)",
      "revenue": 20144000,
      "gross_profit": null,
      "operating_income": -44319000,
      "net_income": -2563000,
      "opex": null,
      "cogs": null,
      "rd": null,
      "sga": null,
      "fcf": null,
      "ocf": null,
      "capex": null,
      "gross_margin": null,
      "op_margin": -2.2001092136616363,
      "fcf_margin": null,
      "rev_growth_yoy": -0.044583570479984826
    },
    {
      "date": "2015-12-31T00:00:00",
      "quarter_label": "2015-12 (Q4)",
      "revenue": 22994000,
      "gross_profit": null,
      "operating_income": -34197000,
      "net_income": -94122000,
      "opex": null,
      "cogs": null,
      "rd": null,
      "sga": null,
      "fcf": -253085000,
      "ocf": -253085000,
      "capex": null,
      "gross_margin": null,
      "op_margin": -1.4872140558406541,
      "fcf_margin": -11.00656693050361
    },
    {
      "date": "2016-12-31T00:00:00",
      "quarter_label": "2016-12 (Q4)",
      "revenue": 23063000,
      "gross_profit": null,
      "operating_income": -32707000,
      "net_income": 8624000,
      "opex": null,
      "cogs": null,
      "rd": null,
      "sga": null,
      "fcf": -68325000,
      "ocf": -68325000,
      "capex": null,
      "gross_margin": null,
      "op_margin": -1.4181589559033951,
      "fcf_margin": -2.9625373975631963,
      "rev_growth_yoy": 0.003000782812907715,
      "fcf_margin_change": 8.044029532940414
    },
    {
      "date": "2017-12-31T00:00:00",
      "quarter_label": "2017-12 (Q4)",
      "revenue": 57587000,
      "gross_profit": null,
      "operating_income": 2799000,
      "net_income": 3823000,
      "opex": null,
      "cogs": null,
      "rd": 5920000,
      "sga": null,
      "fcf": 19401000,
      "ocf": 19401000,
      "capex": null,
      "gross_margin": null,
      "op_margin": 0.04860471981523608,
      "fcf_margin": 0.3368989528886728,
      "incr_op_margin_yoy": 1.0284439809987256,
      "rev_growth_yoy": 1.4969431557039414,
      "rev_growth_yoy_accel": 1.4939423728910337,
      "fcf_margin_change": 3.2994363504518693
    },
    {
      "date": "2018-12-31T00:00:00",
      "quarter_label": "2018-12 (Q4)",
      "revenue": 181939000,
      "gross_profit": null,
      "operating_income": -102818000,
      "net_income": -312957000,
      "opex": null,
      "cogs": null,
      "rd": 4726000,
      "sga": null,
      "fcf": 55404000,
      "ocf": 55404000,
      "capex": null,
      "gross_margin": null,
      "op_margin": -0.5651234754505631,
      "fcf_margin": 0.30451964669477133,
      "incr_op_margin_yoy": -0.8493389732372619,
      "rev_growth_yoy": 2.159376248111553,
      "rev_growth_yoy_accel": 0.6624330924076116,
      "fcf_margin_change": -0.03237930619390145
    },
    {
      "date": "2019-12-31T00:00:00",
      "quarter_label": "2019-12 (Q4)",
      "revenue": 139048000,
      "gross_profit": null,
      "operating_income": 68896000,
      "net_income": 24768000,
      "opex": null,
      "cogs": null,
      "rd": 3033000,
      "sga": null,
      "fcf": -109741000,
      "ocf": -109741000,
      "capex": null,
      "gross_margin": null,
      "op_margin": 0.49548357401760545,
      "fcf_margin": -0.789231056901214,
      "incr_op_margin_yoy": -4.003497237182626,
      "rev_growth_yoy": -0.23574384821286254,
      "rev_growth_yoy_accel": -2.3951200963244155,
      "fcf_margin_change": -1.0937507035959853
    },
    {
      "date": "2020-12-31T00:00:00",
      "quarter_label": "2020-12 (Q4)",
      "revenue": 118684000,
      "gross_profit": null,
      "operating_income": 45505000,
      "net_income": 8126000,
      "opex": null,
      "cogs": null,
      "rd": 2787000,
      "sga": null,
      "fcf": -262926000,
      "ocf": -262926000,
      "capex": null,
      "gross_margin": null,
      "op_margin": 0.3834130969633649,
      "fcf_margin": -2.215344949614101,
      "incr_op_margin_yoy": 1.1486446670595167,
      "rev_growth_yoy": -0.1464530234163742,
      "rev_growth_yoy_accel": 0.08929082479648834,
      "fcf_margin_change": -1.4261138927128871
    },
    {
      "date": "2021-12-31T00:00:00",
      "quarter_label": "2021-12 (Q4)",
      "revenue": 115048000,
      "gross_profit": null,
      "operating_income": 101668000,
      "net_income": 8009000,
      "opex": -55706000,
      "cogs": null,
      "rd": 592000,
      "sga": null,
      "fcf": null,
      "ocf": null,
      "capex": null,
      "gross_margin": null,
      "op_margin": 0.883700716222794,
      "fcf_margin": null,
      "incr_op_margin_yoy": -15.446369636963697,
      "rev_growth_yoy": -0.030635974520575645,
      "rev_growth_yoy_accel": 0.11581704889579855
    },
    {
      "date": "2022-12-31T00:00:00",
      "quarter_label": "2022-12 (Q4)",
      "revenue": 58949000,
      "gross_profit": null,
      "operating_income": 1746000,
      "net_income": 71438000,
      "opex": 45816000,
      "cogs": null,
      "rd": 6686000,
      "sga": null,
      "fcf": null,
      "ocf": null,
      "capex": null,
      "gross_margin": null,
      "op_margin": 0.029618823050433424,
      "fcf_margin": null,
      "incr_op_margin_yoy": 1.7811725699210326,
      "rev_growth_yoy": -0.4876138655170016,
      "rev_growth_yoy_accel": -0.45697789099642594
    },
    {
      "date": "2023-12-31T00:00:00",
      "quarter_label": "2023-12 (Q4)",
      "revenue": 79679000,
      "gross_profit": null,
      "operating_income": -25454000,
      "net_income": -32847000,
      "opex": 44787000,
      "cogs": null,
      "rd": 677000,
      "sga": null,
      "fcf": null,
      "ocf": null,
      "capex": null,
      "gross_margin": null,
      "op_margin": -0.31945682049222507,
      "fcf_margin": null,
      "incr_op_margin_yoy": -1.3121080559575495,
      "rev_growth_yoy": 0.3516599094132216,
      "rev_growth_yoy_accel": 0.8392737749302233,
      "op_leverage_ratio": Infinity
    },
    {
      "date": "2024-12-31T00:00:00",
      "quarter_label": "2024-12 (Q4)",
      "revenue": 65917000,
      "gross_profit": null,
      "operating_income": 8324000,
      "net_income": 4494000,
      "opex": 77295000,
      "cogs": null,
      "rd": 4860000,
      "sga": null,
      "fcf": null,
      "ocf": null,
      "capex": null,
      "gross_margin": null,
      "op_margin": 0.12628001881153572,
      "fcf_margin": null,
      "incr_op_margin_yoy": -2.454439761662549,
      "rev_growth_yoy": -0.1727180310997879,
      "rev_growth_yoy_accel": -0.5243779405130096
    }
  ],
  "signals": [
    {
      "quarter": "2024-12 (Q4)",
      "signal": "YoY REVENUE GROWTH DECELERATION",
      "detail": "YoY growth: -17.3% vs prior quarter YoY: +35.2% (decel: -52.4%)",
      "severity": "WARNING"
    },
    {
      "quarter": "2024-12 (Q4)",
      "signal": "OP MARGIN TURNED POSITIVE (YoY)",
      "detail": "Op margin: -31.9% (year-ago) -> +12.6%",
      "severity": "HIGH"
    },
    {
      "quarter": "2024-12 (Q4)",
      "signal": "OP MARGIN TURNED POSITIVE (QoQ)",
      "detail": "Op margin: -31.9% -> +12.6%",
      "severity": "HIGH"
    },
    {
      "quarter": "2023-12 (Q4)",
      "signal": "YoY REVENUE GROWTH ACCELERATION",
      "detail": "YoY growth: +35.2% vs prior quarter YoY: -48.8% (accel: +83.9%)",
      "severity": "HIGH"
    },
    {
      "quarter": "2022-12 (Q4)",
      "signal": "YoY REVENUE GROWTH DECELERATION",
      "detail": "YoY growth: -48.8% vs prior quarter YoY: -3.1% (decel: -45.7%)",
      "severity": "WARNING"
    },
    {
      "quarter": "2022-12 (Q4)",
      "signal": "INCREMENTAL MARGIN (YoY)",
      "detail": "YoY Incr OPM: +178.1% vs year-ago OPM: +88.4%",
      "severity": "HIGH"
    },
    {
      "quarter": "2021-12 (Q4)",
      "signal": "YoY REVENUE GROWTH ACCELERATION",
      "detail": "YoY growth: -3.1% vs prior quarter YoY: -14.6% (accel: +11.6%)",
      "severity": "MEDIUM"
    },
    {
      "quarter": "2020-12 (Q4)",
      "signal": "YoY REVENUE GROWTH ACCELERATION",
      "detail": "YoY growth: -14.6% vs prior quarter YoY: -23.6% (accel: +8.9%)",
      "severity": "MEDIUM"
    },
    {
      "quarter": "2020-12 (Q4)",
      "signal": "INCREMENTAL MARGIN (YoY)",
      "detail": "YoY Incr OPM: +114.9% vs year-ago OPM: +49.5%",
      "severity": "HIGH"
    },
    {
      "quarter": "2019-12 (Q4)",
      "signal": "YoY REVENUE GROWTH DECELERATION",
      "detail": "YoY growth: -23.6% vs prior quarter YoY: +215.9% (decel: -239.5%)",
      "severity": "WARNING"
    },
    {
      "quarter": "2019-12 (Q4)",
      "signal": "OP MARGIN TURNED POSITIVE (YoY)",
      "detail": "Op margin: -56.5% (year-ago) -> +49.5%",
      "severity": "HIGH"
    },
    {
      "quarter": "2019-12 (Q4)",
      "signal": "OP MARGIN TURNED POSITIVE (QoQ)",
      "detail": "Op margin: -56.5% -> +49.5%",
      "severity": "HIGH"
    },
    {
      "quarter": "2018-12 (Q4)",
      "signal": "YoY REVENUE GROWTH ACCELERATION",
      "detail": "YoY growth: +215.9% vs prior quarter YoY: +149.7% (accel: +66.2%)",
      "severity": "HIGH"
    },
    {
      "quarter": "2017-12 (Q4)",
      "signal": "FCF TURNED POSITIVE",
      "detail": "FCF margin: -296.3% -> +33.7%",
      "severity": "HIGH"
    },
    {
      "quarter": "2017-12 (Q4)",
      "signal": "YoY REVENUE GROWTH ACCELERATION",
      "detail": "YoY growth: +149.7% vs prior quarter YoY: +0.3% (accel: +149.4%)",
      "severity": "HIGH"
    },
    {
      "quarter": "2017-12 (Q4)",
      "signal": "OP MARGIN TURNED POSITIVE (YoY)",
      "detail": "Op margin: -141.8% (year-ago) -> +4.9%",
      "severity": "HIGH"
    },
    {
      "quarter": "2017-12 (Q4)",
      "signal": "OP MARGIN TURNED POSITIVE (QoQ)",
      "detail": "Op margin: -141.8% -> +4.9%",
      "severity": "HIGH"
    },
    {
      "quarter": "2016-12 (Q4)",
      "signal": "FCF MARGIN EXPANSION",
      "detail": "FCF margin: -1100.7% -> -296.3% (+804.4%)",
      "severity": "MEDIUM"
    }
  ],
  "data_quality": {
    "n_quarters": 12,
    "coverage": {
      "revenue": [
        12,
        12
      ],
      "gross_profit": [
        0,
        12
      ],
      "op_income": [
        12,
        12
      ],
      "fcf": [
        6,
        12
      ]
    },
    "gaps": [
      [
        "2014-06 (Q2)",
        "2015-06 (Q2)",
        365
      ],
      [
        "2015-06 (Q2)",
        "2015-12 (Q4)",
        184
      ],
      [
        "2015-12 (Q4)",
        "2016-12 (Q4)",
        366
      ],
      [
        "2016-12 (Q4)",
        "2017-12 (Q4)",
        365
      ],
      [
        "2017-12 (Q4)",
        "2018-12 (Q4)",
        365
      ],
      [
        "2018-12 (Q4)",
        "2019-12 (Q4)",
        365
      ],
      [
        "2019-12 (Q4)",
        "2020-12 (Q4)",
        366
      ],
      [
        "2020-12 (Q4)",
        "2021-12 (Q4)",
        365
      ],
      [
        "2021-12 (Q4)",
        "2022-12 (Q4)",
        365
      ],
      [
        "2022-12 (Q4)",
        "2023-12 (Q4)",
        365
      ],
      [
        "2023-12 (Q4)",
        "2024-12 (Q4)",
        366
      ]
    ],
    "warnings": [
      "gross_profit: no data",
      "fcf: 6/12Q",
      "gap: 3Q missing between 2014-06 (Q2) and 2015-06 (Q2)",
      "gap: 1Q missing between 2015-06 (Q2) and 2015-12 (Q4)",
      "gap: 3Q missing between 2015-12 (Q4) and 2016-12 (Q4)",
      "gap: 3Q missing between 2016-12 (Q4) and 2017-12 (Q4)",
      "gap: 3Q missing between 2017-12 (Q4) and 2018-12 (Q4)",
      "gap: 3Q missing between 2018-12 (Q4) and 2019-12 (Q4)",
      "gap: 3Q missing between 2019-12 (Q4) and 2020-12 (Q4)",
      "gap: 3Q missing between 2020-12 (Q4) and 2021-12 (Q4)",
      "gap: 3Q missing between 2021-12 (Q4) and 2022-12 (Q4)",
      "gap: 3Q missing between 2022-12 (Q4) and 2023-12 (Q4)",
      "gap: 3Q missing between 2023-12 (Q4) and 2024-12 (Q4)"
    ]
  },
  "market_cap": null,
  "source": "SEC EDGAR",
  "last_updated": "2026-02-02T21:12:13.649046",
  "sector": "Energy",
  "industry": "Oil & Gas Midstream"
}