{
  "ticker": "GLPI",
  "name": "Gaming and Leisure Properties,\u00a0Inc.",
  "quarters": [
    {
      "date": "2020-12-31T00:00:00",
      "quarter_label": "2020-12 (Q4)",
      "revenue": 300161000,
      "gross_profit": 282999000,
      "operating_income": 241507000,
      "net_income": 169341000,
      "opex": 58654000,
      "cogs": 17162000,
      "rd": null,
      "sga": null,
      "fcf": 117546000,
      "ocf": 117546000,
      "capex": null,
      "gross_margin": 0.9428240177771263,
      "op_margin": 0.8045915358757467,
      "fcf_margin": 0.39160983605465066
    },
    {
      "date": "2021-03-31T00:00:00",
      "quarter_label": "2021-03 (Q1)",
      "revenue": 301543000,
      "gross_profit": 281617000,
      "operating_income": 200101000,
      "net_income": 127184000,
      "opex": 101442000,
      "cogs": 19926000,
      "rd": null,
      "sga": null,
      "fcf": 204602000,
      "ocf": 205208000,
      "capex": -606000,
      "gross_margin": 0.9339198721243737,
      "op_margin": 0.6635902673913836,
      "fcf_margin": 0.6785168284456943,
      "fcf_margin_change": 0.2869069923910436
    },
    {
      "date": "2021-06-30T00:00:00",
      "quarter_label": "2021-06 (Q2)",
      "revenue": 317761000,
      "gross_profit": 295379000,
      "operating_income": 212124000,
      "net_income": 138216000,
      "opex": 105637000,
      "cogs": 22382000,
      "rd": null,
      "sga": null,
      "fcf": 197363000,
      "ocf": 197363000,
      "capex": null,
      "gross_margin": 0.9295634140124182,
      "op_margin": 0.6675583221351896,
      "fcf_margin": 0.621105170238009,
      "op_leverage_ratio": 1.3005704513579357,
      "fcf_margin_change": -0.057411658207685234
    },
    {
      "date": "2021-09-30T00:00:00",
      "quarter_label": "2021-09 (Q3)",
      "revenue": 298712000,
      "gross_profit": 292946000,
      "operating_income": 225099000,
      "net_income": 149059000,
      "opex": 73613000,
      "cogs": 5766000,
      "rd": null,
      "sga": null,
      "fcf": 213413000,
      "ocf": 213413000,
      "capex": null,
      "gross_margin": 0.9806971263290394,
      "op_margin": 0.7535653070516083,
      "fcf_margin": 0.7144440129623182,
      "fcf_margin_change": 0.09333884272430915
    },
    {
      "date": "2021-12-31T00:00:00",
      "quarter_label": "2021-12 (Q4)",
      "revenue": 298335000,
      "gross_profit": 293370000,
      "operating_income": 204444000,
      "net_income": 119588000,
      "opex": 93891000,
      "cogs": 4965000,
      "rd": null,
      "sga": null,
      "fcf": 187794000,
      "ocf": 187794000,
      "capex": null,
      "gross_margin": 0.9833576348735482,
      "op_margin": 0.6852833224395395,
      "fcf_margin": 0.6294735783598975,
      "incr_op_margin_yoy": 20.2973713033954,
      "rev_growth_yoy": -0.006083401907642898,
      "fcf_margin_change": -0.08497043460242071
    },
    {
      "date": "2022-03-31T00:00:00",
      "quarter_label": "2022-03 (Q1)",
      "revenue": 314966000,
      "gross_profit": 314966000,
      "operating_income": 199796000,
      "net_income": 119268000,
      "opex": 115170000,
      "cogs": 0,
      "rd": null,
      "sga": null,
      "fcf": 233182000,
      "ocf": 233182000,
      "capex": null,
      "gross_margin": 1.0,
      "op_margin": 0.6343414844776897,
      "fcf_margin": 0.7403402271991263,
      "incr_op_margin_yoy": -0.02272219325039112,
      "rev_growth_yoy": 0.04451438103355077,
      "rev_growth_yoy_accel": 0.05059778294119367,
      "op_leverage_ratio": 0.24597269911687672,
      "fcf_margin_change": 0.11086664883922881
    },
    {
      "date": "2022-06-30T00:00:00",
      "quarter_label": "2022-06 (Q2)",
      "revenue": 326513000,
      "gross_profit": 326513000,
      "operating_income": 237097000,
      "net_income": 151314000,
      "opex": 89416000,
      "cogs": 0,
      "rd": null,
      "sga": null,
      "fcf": 225280000,
      "ocf": 225280000,
      "capex": null,
      "gross_margin": 1.0,
      "op_margin": 0.7261487291470784,
      "fcf_margin": 0.6899572145672607,
      "incr_op_margin_yoy": 2.853404936014625,
      "rev_growth_yoy": 0.027542712919458336,
      "rev_growth_yoy_accel": -0.016971668114092436,
      "op_leverage_ratio": Infinity,
      "fcf_margin_change": -0.05038301263186562
    },
    {
      "date": "2022-09-30T00:00:00",
      "quarter_label": "2022-09 (Q3)",
      "revenue": 333818000,
      "gross_profit": 333818000,
      "operating_income": 317566000,
      "net_income": 219954000,
      "opex": 16252000,
      "cogs": 0,
      "rd": null,
      "sga": null,
      "fcf": 241004000,
      "ocf": 241004000,
      "capex": null,
      "gross_margin": 1.0,
      "op_margin": 0.951314788297815,
      "fcf_margin": 0.7219622668639798,
      "incr_op_margin_yoy": 2.6339372187090526,
      "rev_growth_yoy": 0.1175245721631538,
      "rev_growth_yoy_accel": 0.08998185924369546,
      "op_leverage_ratio": Infinity,
      "fcf_margin_change": 0.03200505229671913
    },
    {
      "date": "2022-12-31T00:00:00",
      "quarter_label": "2022-12 (Q4)",
      "revenue": 336388000,
      "gross_profit": 336388000,
      "operating_income": 275456000,
      "net_income": 194117000,
      "opex": 60932000,
      "cogs": 0,
      "rd": null,
      "sga": null,
      "fcf": 220660000,
      "ocf": 220660000,
      "capex": null,
      "gross_margin": 1.0,
      "op_margin": 0.8188639309368942,
      "fcf_margin": 0.6559687028074723,
      "incr_op_margin_yoy": 1.866134076156939,
      "rev_growth_yoy": 0.12755124273048754,
      "rev_growth_yoy_accel": 0.010026670567333737,
      "fcf_margin_change": -0.06599356405650747
    },
    {
      "date": "2023-03-31T00:00:00",
      "quarter_label": "2023-03 (Q1)",
      "revenue": 355214000,
      "gross_profit": null,
      "operating_income": 266849000,
      "net_income": 183351000,
      "opex": 88365000,
      "cogs": null,
      "rd": null,
      "sga": null,
      "fcf": 241183000,
      "ocf": 241183000,
      "capex": null,
      "gross_margin": null,
      "op_margin": 0.7512344671099676,
      "fcf_margin": 0.6789794321169774,
      "incr_op_margin_yoy": 1.6659958258795469,
      "rev_growth_yoy": 0.12778522126197747,
      "rev_growth_yoy_accel": 0.0002339785314899312,
      "op_leverage_ratio": 0.1243053124405653,
      "fcf_margin_change": 0.023010729309505096
    },
    {
      "date": "2023-06-30T00:00:00",
      "quarter_label": "2023-06 (Q2)",
      "revenue": 356589000,
      "gross_profit": null,
      "operating_income": 238275000,
      "net_income": 155630000,
      "opex": 118314000,
      "cogs": null,
      "rd": null,
      "sga": null,
      "fcf": 251933000,
      "ocf": 251933000,
      "capex": null,
      "gross_margin": null,
      "op_margin": 0.6682062542591051,
      "fcf_margin": 0.7065080526881087,
      "incr_op_margin_yoy": 0.039167442479053065,
      "rev_growth_yoy": 0.09211271832974491,
      "rev_growth_yoy_accel": -0.035672502932232564,
      "fcf_margin_change": 0.027528620571131257
    },
    {
      "date": "2023-09-30T00:00:00",
      "quarter_label": "2023-09 (Q3)",
      "revenue": 359560000,
      "gross_profit": null,
      "operating_income": 268304000,
      "net_income": 184010000,
      "opex": 91256000,
      "cogs": null,
      "rd": null,
      "sga": null,
      "fcf": 253260000,
      "ocf": 253260000,
      "capex": null,
      "gross_margin": null,
      "op_margin": 0.7462009122260541,
      "fcf_margin": 0.7043608855267549,
      "incr_op_margin_yoy": -1.9136819205966902,
      "rev_growth_yoy": 0.07711387642367996,
      "rev_growth_yoy_accel": -0.014998841906064944,
      "fcf_margin_change": -0.002147167161353769
    },
    {
      "date": "2023-12-31T00:00:00",
      "quarter_label": "2023-12 (Q4)",
      "revenue": 369029000,
      "gross_profit": null,
      "operating_income": 295276000,
      "net_income": 211292000,
      "opex": 73753000,
      "cogs": null,
      "rd": null,
      "sga": null,
      "fcf": 262996000,
      "ocf": 262996000,
      "capex": null,
      "gross_margin": null,
      "op_margin": 0.8001430781862672,
      "fcf_margin": 0.7126702779456358,
      "incr_op_margin_yoy": 0.6072117888545081,
      "rev_growth_yoy": 0.09703378241792217,
      "rev_growth_yoy_accel": 0.019919905994242204,
      "op_leverage_ratio": Infinity,
      "fcf_margin_change": 0.008309392418880845
    },
    {
      "date": "2024-03-31T00:00:00",
      "quarter_label": "2024-03 (Q1)",
      "revenue": 375964000,
      "gross_profit": null,
      "operating_income": 257606000,
      "net_income": 174464000,
      "opex": 118358000,
      "cogs": null,
      "rd": null,
      "sga": null,
      "fcf": 257872000,
      "ocf": 257872000,
      "capex": null,
      "gross_margin": null,
      "op_margin": 0.6851879435265078,
      "fcf_margin": 0.6858954580757732,
      "incr_op_margin_yoy": -0.44544578313253014,
      "rev_growth_yoy": 0.058415490380446716,
      "rev_growth_yoy_accel": -0.03861829203747545,
      "op_leverage_ratio": 0.031072923501361666,
      "fcf_margin_change": -0.02677481986986252
    },
    {
      "date": "2024-06-30T00:00:00",
      "quarter_label": "2024-06 (Q2)",
      "revenue": 380626000,
      "gross_profit": null,
      "operating_income": 293429000,
      "net_income": 208250000,
      "opex": 87197000,
      "cogs": null,
      "rd": null,
      "sga": null,
      "fcf": 252085000,
      "ocf": 252085000,
      "capex": null,
      "gross_margin": null,
      "op_margin": 0.7709116035163126,
      "fcf_margin": 0.6622905424222202,
      "incr_op_margin_yoy": 2.29454590839123,
      "rev_growth_yoy": 0.06740813653814336,
      "rev_growth_yoy_accel": 0.00899264615769664,
      "op_leverage_ratio": Infinity,
      "fcf_margin_change": -0.02360491565355305
    },
    {
      "date": "2024-09-30T00:00:00",
      "quarter_label": "2024-09 (Q3)",
      "revenue": 385341000,
      "gross_profit": null,
      "operating_income": 271444000,
      "net_income": 184694000,
      "opex": 113897000,
      "cogs": null,
      "rd": null,
      "sga": null,
      "fcf": 270400000,
      "ocf": 270400000,
      "capex": null,
      "gross_margin": null,
      "op_margin": 0.7044254309819096,
      "fcf_margin": 0.701716142325888,
      "incr_op_margin_yoy": 0.12179512043753152,
      "rev_growth_yoy": 0.07170152408499277,
      "rev_growth_yoy_accel": 0.004293387546849409,
      "op_leverage_ratio": 0.040455123199272885,
      "fcf_margin_change": 0.039425599903667785
    },
    {
      "date": "2024-12-31T00:00:00",
      "quarter_label": "2024-12 (Q4)",
      "revenue": 389615000,
      "gross_profit": null,
      "operating_income": 308206000,
      "net_income": 217212000,
      "opex": 81409000,
      "cogs": null,
      "rd": null,
      "sga": null,
      "fcf": 292413000,
      "ocf": 292413000,
      "capex": null,
      "gross_margin": null,
      "op_margin": 0.7910527058763138,
      "fcf_margin": 0.7505178188724767,
      "incr_op_margin_yoy": 0.6280967647916059,
      "rev_growth_yoy": 0.05578423375940644,
      "rev_growth_yoy_accel": -0.015917290325586322,
      "op_leverage_ratio": Infinity,
      "fcf_margin_change": 0.048801676546588735
    },
    {
      "date": "2025-03-31T00:00:00",
      "quarter_label": "2025-03 (Q1)",
      "revenue": 395235000,
      "gross_profit": null,
      "operating_income": 258834000,
      "net_income": 165184000,
      "opex": 136401000,
      "cogs": null,
      "rd": null,
      "sga": null,
      "fcf": 252492000,
      "ocf": 252492000,
      "capex": null,
      "gross_margin": null,
      "op_margin": 0.6548863334471896,
      "fcf_margin": 0.6388401836881855,
      "incr_op_margin_yoy": 0.06372269212806808,
      "rev_growth_yoy": 0.05125756721388218,
      "rev_growth_yoy_accel": -0.004526666545524263,
      "op_leverage_ratio": 0.021353720413425887,
      "fcf_margin_change": -0.11167763518429119
    },
    {
      "date": "2025-06-30T00:00:00",
      "quarter_label": "2025-06 (Q2)",
      "revenue": 394876000,
      "gross_profit": null,
      "operating_income": 242064000,
      "net_income": 151439000,
      "opex": 152812000,
      "cogs": null,
      "rd": null,
      "sga": null,
      "fcf": 293375000,
      "ocf": 293375000,
      "capex": null,
      "gross_margin": null,
      "op_margin": 0.6130126925921049,
      "fcf_margin": 0.7429547503520092,
      "incr_op_margin_yoy": -3.604561403508772,
      "rev_growth_yoy": 0.03743832528518808,
      "rev_growth_yoy_accel": -0.013819241928694097,
      "fcf_margin_change": 0.10411456666382368
    },
    {
      "date": "2025-09-30T00:00:00",
      "quarter_label": "2025-09 (Q3)",
      "revenue": 397610000,
      "gross_profit": null,
      "operating_income": 337163000,
      "net_income": 241191000,
      "opex": 60447000,
      "cogs": null,
      "rd": null,
      "sga": null,
      "fcf": 240306000,
      "ocf": 240306000,
      "capex": null,
      "gross_margin": null,
      "op_margin": 0.8479741455194789,
      "fcf_margin": 0.6043761474812002,
      "incr_op_margin_yoy": 5.356508272882875,
      "rev_growth_yoy": 0.031839331916406505,
      "rev_growth_yoy_accel": -0.005598993368781578,
      "fcf_margin_change": -0.13857860287080903
    }
  ],
  "signals": [
    {
      "quarter": "2025-09 (Q3)",
      "signal": "INCREMENTAL MARGIN (YoY)",
      "detail": "YoY Incr OPM: +535.7% vs year-ago OPM: +70.4%",
      "severity": "HIGH"
    },
    {
      "quarter": "2025-06 (Q2)",
      "signal": "FCF MARGIN EXPANSION",
      "detail": "FCF margin: +63.9% -> +74.3% (+10.4%)",
      "severity": "MEDIUM"
    },
    {
      "quarter": "2024-06 (Q2)",
      "signal": "INCREMENTAL MARGIN (YoY)",
      "detail": "YoY Incr OPM: +229.5% vs year-ago OPM: +66.8%",
      "severity": "HIGH"
    },
    {
      "quarter": "2023-03 (Q1)",
      "signal": "INCREMENTAL MARGIN (YoY)",
      "detail": "YoY Incr OPM: +166.6% vs year-ago OPM: +63.4%",
      "severity": "HIGH"
    },
    {
      "quarter": "2022-12 (Q4)",
      "signal": "INCREMENTAL MARGIN (YoY)",
      "detail": "YoY Incr OPM: +186.6% vs year-ago OPM: +68.5%",
      "severity": "HIGH"
    },
    {
      "quarter": "2022-09 (Q3)",
      "signal": "YoY REVENUE GROWTH ACCELERATION",
      "detail": "YoY growth: +11.8% vs prior quarter YoY: +2.8% (accel: +9.0%)",
      "severity": "MEDIUM"
    },
    {
      "quarter": "2022-09 (Q3)",
      "signal": "INCREMENTAL MARGIN (YoY)",
      "detail": "YoY Incr OPM: +263.4% vs year-ago OPM: +75.4%",
      "severity": "HIGH"
    },
    {
      "quarter": "2022-06 (Q2)",
      "signal": "INCREMENTAL MARGIN (YoY)",
      "detail": "YoY Incr OPM: +285.3% vs year-ago OPM: +66.8%",
      "severity": "HIGH"
    },
    {
      "quarter": "2022-03 (Q1)",
      "signal": "FCF MARGIN EXPANSION",
      "detail": "FCF margin: +62.9% -> +74.0% (+11.1%)",
      "severity": "MEDIUM"
    },
    {
      "quarter": "2022-03 (Q1)",
      "signal": "YoY REVENUE GROWTH ACCELERATION",
      "detail": "YoY growth: +4.5% vs prior quarter YoY: -0.6% (accel: +5.1%)",
      "severity": "MEDIUM"
    },
    {
      "quarter": "2021-12 (Q4)",
      "signal": "INCREMENTAL MARGIN (YoY)",
      "detail": "YoY Incr OPM: +2029.7% vs year-ago OPM: +80.5%",
      "severity": "HIGH"
    },
    {
      "quarter": "2021-09 (Q3)",
      "signal": "FCF MARGIN EXPANSION",
      "detail": "FCF margin: +62.1% -> +71.4% (+9.3%)",
      "severity": "MEDIUM"
    },
    {
      "quarter": "2021-09 (Q3)",
      "signal": "GROSS MARGIN INFLECTION",
      "detail": "GM: +93.4% -> +93.0% -> +98.1% (reversal +5.1%)",
      "severity": "HIGH"
    },
    {
      "quarter": "2021-03 (Q1)",
      "signal": "FCF MARGIN EXPANSION",
      "detail": "FCF margin: +39.2% -> +67.9% (+28.7%)",
      "severity": "MEDIUM"
    }
  ],
  "data_quality": {
    "n_quarters": 20,
    "coverage": {
      "revenue": [
        20,
        20
      ],
      "gross_profit": [
        9,
        20
      ],
      "op_income": [
        20,
        20
      ],
      "fcf": [
        20,
        20
      ]
    },
    "gaps": [],
    "warnings": [
      "gross_profit: 9/20Q"
    ]
  },
  "market_cap": null,
  "source": "SEC EDGAR",
  "last_updated": "2026-02-02T20:31:05.298098",
  "sector": "Real Estate",
  "industry": "REIT - Specialty"
}