{
  "ticker": "GLRE",
  "name": "GREENLIGHT CAPITAL RE, LTD.",
  "quarters": [
    {
      "date": "2020-12-31T00:00:00",
      "quarter_label": "2020-12 (Q4)",
      "revenue": 169417000,
      "gross_profit": null,
      "operating_income": null,
      "net_income": 42016000,
      "opex": null,
      "cogs": null,
      "rd": null,
      "sga": null,
      "fcf": -46665000,
      "ocf": -46665000,
      "capex": null,
      "gross_margin": null,
      "op_margin": null,
      "fcf_margin": -0.2754446129963345
    },
    {
      "date": "2021-03-31T00:00:00",
      "quarter_label": "2021-03 (Q1)",
      "revenue": 150420000,
      "gross_profit": null,
      "operating_income": null,
      "net_income": 6499000,
      "opex": null,
      "cogs": null,
      "rd": null,
      "sga": null,
      "fcf": -18743000,
      "ocf": -18743000,
      "capex": null,
      "gross_margin": null,
      "op_margin": null,
      "fcf_margin": -0.12460444089881664,
      "fcf_margin_change": 0.15084017209751785
    },
    {
      "date": "2021-06-30T00:00:00",
      "quarter_label": "2021-06 (Q2)",
      "revenue": 134516000,
      "gross_profit": null,
      "operating_income": null,
      "net_income": 628000,
      "opex": null,
      "cogs": null,
      "rd": null,
      "sga": null,
      "fcf": -1092000,
      "ocf": -1092000,
      "capex": null,
      "gross_margin": null,
      "op_margin": null,
      "fcf_margin": -0.008117993398554818,
      "fcf_margin_change": 0.11648644750026182
    },
    {
      "date": "2021-09-30T00:00:00",
      "quarter_label": "2021-09 (Q3)",
      "revenue": 139233000,
      "gross_profit": null,
      "operating_income": null,
      "net_income": -13853000,
      "opex": null,
      "cogs": null,
      "rd": null,
      "sga": null,
      "fcf": 1056000,
      "ocf": 1056000,
      "capex": null,
      "gross_margin": null,
      "op_margin": null,
      "fcf_margin": 0.007584408868587188,
      "fcf_margin_change": 0.015702402267142007
    },
    {
      "date": "2021-12-31T00:00:00",
      "quarter_label": "2021-12 (Q4)",
      "revenue": 164382000,
      "gross_profit": null,
      "operating_income": null,
      "net_income": 24304000,
      "opex": null,
      "cogs": null,
      "rd": null,
      "sga": null,
      "fcf": -37517000,
      "ocf": -37517000,
      "capex": null,
      "gross_margin": null,
      "op_margin": null,
      "fcf_margin": -0.2282305848572228,
      "rev_growth_yoy": -0.029719567693915015,
      "fcf_margin_change": -0.23581499372581
    },
    {
      "date": "2022-03-31T00:00:00",
      "quarter_label": "2022-03 (Q1)",
      "revenue": 133029000,
      "gross_profit": null,
      "operating_income": null,
      "net_income": -5727000,
      "opex": null,
      "cogs": null,
      "rd": null,
      "sga": null,
      "fcf": -11618000,
      "ocf": -11618000,
      "capex": null,
      "gross_margin": null,
      "op_margin": null,
      "fcf_margin": -0.08733434063249366,
      "rev_growth_yoy": -0.11561627443159155,
      "rev_growth_yoy_accel": -0.08589670673767653,
      "fcf_margin_change": 0.14089624422472913
    },
    {
      "date": "2022-06-30T00:00:00",
      "quarter_label": "2022-06 (Q2)",
      "revenue": 121418000,
      "gross_profit": null,
      "operating_income": null,
      "net_income": 14788000,
      "opex": null,
      "cogs": null,
      "rd": null,
      "sga": null,
      "fcf": -2396000,
      "ocf": -2396000,
      "capex": null,
      "gross_margin": null,
      "op_margin": null,
      "fcf_margin": -0.019733482679668582,
      "rev_growth_yoy": -0.09737131642332511,
      "rev_growth_yoy_accel": 0.018244958008266435,
      "fcf_margin_change": 0.06760085795282508
    },
    {
      "date": "2022-09-30T00:00:00",
      "quarter_label": "2022-09 (Q3)",
      "revenue": 126723000,
      "gross_profit": null,
      "operating_income": null,
      "net_income": -18469000,
      "opex": null,
      "cogs": null,
      "rd": null,
      "sga": null,
      "fcf": -13410000,
      "ocf": -13410000,
      "capex": null,
      "gross_margin": null,
      "op_margin": null,
      "fcf_margin": -0.10582135839587131,
      "rev_growth_yoy": -0.08984938915343345,
      "rev_growth_yoy_accel": 0.007521927269891662,
      "fcf_margin_change": -0.08608787571620273
    },
    {
      "date": "2022-12-31T00:00:00",
      "quarter_label": "2022-12 (Q4)",
      "revenue": 145513000,
      "gross_profit": null,
      "operating_income": null,
      "net_income": 34750000,
      "opex": null,
      "cogs": null,
      "rd": null,
      "sga": null,
      "fcf": -4375000,
      "ocf": -4375000,
      "capex": null,
      "gross_margin": null,
      "op_margin": null,
      "fcf_margin": -0.030066042209287144,
      "rev_growth_yoy": -0.11478750714798457,
      "rev_growth_yoy_accel": -0.024938117994551118,
      "fcf_margin_change": 0.07575531618658417
    },
    {
      "date": "2023-03-31T00:00:00",
      "quarter_label": "2023-03 (Q1)",
      "revenue": 154986000,
      "gross_profit": null,
      "operating_income": null,
      "net_income": 5887000,
      "opex": null,
      "cogs": null,
      "rd": null,
      "sga": null,
      "fcf": -1259000,
      "ocf": -1259000,
      "capex": null,
      "gross_margin": null,
      "op_margin": null,
      "fcf_margin": -0.008123314363878028,
      "rev_growth_yoy": 0.16505423629434182,
      "rev_growth_yoy_accel": 0.2798417434423264,
      "fcf_margin_change": 0.021942727845409116
    },
    {
      "date": "2023-06-30T00:00:00",
      "quarter_label": "2023-06 (Q2)",
      "revenue": 189689000,
      "gross_profit": null,
      "operating_income": null,
      "net_income": 49860000,
      "opex": null,
      "cogs": null,
      "rd": null,
      "sga": null,
      "fcf": 1825000,
      "ocf": 1825000,
      "capex": null,
      "gross_margin": null,
      "op_margin": null,
      "fcf_margin": 0.009621011234178049,
      "rev_growth_yoy": 0.5622807162035283,
      "rev_growth_yoy_accel": 0.39722647990918647,
      "fcf_margin_change": 0.017744325598056075
    },
    {
      "date": "2023-09-30T00:00:00",
      "quarter_label": "2023-09 (Q3)",
      "revenue": 166922000,
      "gross_profit": null,
      "operating_income": null,
      "net_income": 13477000,
      "opex": null,
      "cogs": null,
      "rd": null,
      "sga": null,
      "fcf": -15196000,
      "ocf": -15196000,
      "capex": null,
      "gross_margin": null,
      "op_margin": null,
      "fcf_margin": -0.09103653203292555,
      "rev_growth_yoy": 0.3172194471406138,
      "rev_growth_yoy_accel": -0.24506126906291448,
      "fcf_margin_change": -0.1006575432671036
    },
    {
      "date": "2023-12-31T00:00:00",
      "quarter_label": "2023-12 (Q4)",
      "revenue": 155485000,
      "gross_profit": null,
      "operating_income": null,
      "net_income": 17606000,
      "opex": null,
      "cogs": null,
      "rd": null,
      "sga": null,
      "fcf": 22137000,
      "ocf": 22137000,
      "capex": null,
      "gross_margin": null,
      "op_margin": null,
      "fcf_margin": 0.14237386243045952,
      "rev_growth_yoy": 0.06852995952251689,
      "rev_growth_yoy_accel": -0.2486894876180969,
      "fcf_margin_change": 0.23341039446338507
    },
    {
      "date": "2024-03-31T00:00:00",
      "quarter_label": "2024-03 (Q1)",
      "revenue": 191313000,
      "gross_profit": null,
      "operating_income": null,
      "net_income": 27019000,
      "opex": null,
      "cogs": null,
      "rd": null,
      "sga": null,
      "fcf": 17960000,
      "ocf": 17960000,
      "capex": null,
      "gross_margin": null,
      "op_margin": null,
      "fcf_margin": 0.0938775723552503,
      "rev_growth_yoy": 0.23438891254693972,
      "rev_growth_yoy_accel": 0.16585895302442283,
      "fcf_margin_change": -0.048496290075209225
    },
    {
      "date": "2024-06-30T00:00:00",
      "quarter_label": "2024-06 (Q2)",
      "revenue": 174863000,
      "gross_profit": null,
      "operating_income": null,
      "net_income": 7978000,
      "opex": null,
      "cogs": null,
      "rd": null,
      "sga": null,
      "fcf": 22709000,
      "ocf": 22709000,
      "capex": null,
      "gross_margin": null,
      "op_margin": null,
      "fcf_margin": 0.1298673818932536,
      "rev_growth_yoy": -0.07815951373036918,
      "rev_growth_yoy_accel": -0.3125484262773089,
      "fcf_margin_change": 0.03598980953800329
    },
    {
      "date": "2024-09-30T00:00:00",
      "quarter_label": "2024-09 (Q3)",
      "revenue": 188008000,
      "gross_profit": null,
      "operating_income": null,
      "net_income": 35237000,
      "opex": null,
      "cogs": null,
      "rd": null,
      "sga": null,
      "fcf": 41301000,
      "ocf": 41301000,
      "capex": null,
      "gross_margin": null,
      "op_margin": null,
      "fcf_margin": 0.21967682226288243,
      "rev_growth_yoy": 0.12632247396987814,
      "rev_growth_yoy_accel": 0.20448198770024734,
      "fcf_margin_change": 0.08980944036962885
    },
    {
      "date": "2024-12-31T00:00:00",
      "quarter_label": "2024-12 (Q4)",
      "revenue": 141842000,
      "gross_profit": null,
      "operating_income": null,
      "net_income": -27418000,
      "opex": null,
      "cogs": null,
      "rd": null,
      "sga": null,
      "fcf": 29534000,
      "ocf": 29534000,
      "capex": null,
      "gross_margin": null,
      "op_margin": null,
      "fcf_margin": 0.2082175942245597,
      "rev_growth_yoy": -0.0877447985336206,
      "rev_growth_yoy_accel": -0.21406727250349875,
      "fcf_margin_change": -0.011459228038322722
    },
    {
      "date": "2025-03-31T00:00:00",
      "quarter_label": "2025-03 (Q1)",
      "revenue": 213302000,
      "gross_profit": null,
      "operating_income": null,
      "net_income": 29627000,
      "opex": null,
      "cogs": null,
      "rd": null,
      "sga": null,
      "fcf": 10379000,
      "ocf": 10379000,
      "capex": null,
      "gross_margin": null,
      "op_margin": null,
      "fcf_margin": 0.04865870924792079,
      "rev_growth_yoy": 0.1149373016993095,
      "rev_growth_yoy_accel": 0.2026821002329301,
      "fcf_margin_change": -0.15955888497663892
    },
    {
      "date": "2025-06-30T00:00:00",
      "quarter_label": "2025-06 (Q2)",
      "revenue": 160106000,
      "gross_profit": null,
      "operating_income": null,
      "net_income": 329000,
      "opex": null,
      "cogs": null,
      "rd": null,
      "sga": null,
      "fcf": 68440000,
      "ocf": 68440000,
      "capex": null,
      "gross_margin": null,
      "op_margin": null,
      "fcf_margin": 0.42746680324285163,
      "rev_growth_yoy": -0.08439178099426409,
      "rev_growth_yoy_accel": -0.19932908269357358,
      "fcf_margin_change": 0.3788080939949309
    },
    {
      "date": "2025-09-30T00:00:00",
      "quarter_label": "2025-09 (Q3)",
      "revenue": 146071000,
      "gross_profit": null,
      "operating_income": null,
      "net_income": -4405000,
      "opex": null,
      "cogs": null,
      "rd": null,
      "sga": null,
      "fcf": 31181000,
      "ocf": 31181000,
      "capex": null,
      "gross_margin": null,
      "op_margin": null,
      "fcf_margin": 0.21346468498196083,
      "rev_growth_yoy": -0.2230596570358708,
      "rev_growth_yoy_accel": -0.1386678760416067,
      "fcf_margin_change": -0.2140021182608908
    }
  ],
  "signals": [
    {
      "quarter": "2025-09 (Q3)",
      "signal": "YoY REVENUE GROWTH DECELERATION",
      "detail": "YoY growth: -22.3% vs prior quarter YoY: -8.4% (decel: -13.9%)",
      "severity": "WARNING"
    },
    {
      "quarter": "2025-06 (Q2)",
      "signal": "FCF MARGIN EXPANSION",
      "detail": "FCF margin: +4.9% -> +42.7% (+37.9%)",
      "severity": "MEDIUM"
    },
    {
      "quarter": "2025-06 (Q2)",
      "signal": "YoY REVENUE GROWTH DECELERATION",
      "detail": "YoY growth: -8.4% vs prior quarter YoY: +11.5% (decel: -19.9%)",
      "severity": "WARNING"
    },
    {
      "quarter": "2025-03 (Q1)",
      "signal": "YoY REVENUE GROWTH ACCELERATION",
      "detail": "YoY growth: +11.5% vs prior quarter YoY: -8.8% (accel: +20.3%)",
      "severity": "HIGH"
    },
    {
      "quarter": "2024-12 (Q4)",
      "signal": "YoY REVENUE GROWTH DECELERATION",
      "detail": "YoY growth: -8.8% vs prior quarter YoY: +12.6% (decel: -21.4%)",
      "severity": "WARNING"
    },
    {
      "quarter": "2024-09 (Q3)",
      "signal": "FCF MARGIN EXPANSION",
      "detail": "FCF margin: +13.0% -> +22.0% (+9.0%)",
      "severity": "MEDIUM"
    },
    {
      "quarter": "2024-09 (Q3)",
      "signal": "YoY REVENUE GROWTH ACCELERATION",
      "detail": "YoY growth: +12.6% vs prior quarter YoY: -7.8% (accel: +20.4%)",
      "severity": "HIGH"
    },
    {
      "quarter": "2024-06 (Q2)",
      "signal": "YoY REVENUE GROWTH DECELERATION",
      "detail": "YoY growth: -7.8% vs prior quarter YoY: +23.4% (decel: -31.3%)",
      "severity": "WARNING"
    },
    {
      "quarter": "2024-03 (Q1)",
      "signal": "YoY REVENUE GROWTH ACCELERATION",
      "detail": "YoY growth: +23.4% vs prior quarter YoY: +6.9% (accel: +16.6%)",
      "severity": "HIGH"
    },
    {
      "quarter": "2023-12 (Q4)",
      "signal": "FCF TURNED POSITIVE",
      "detail": "FCF margin: -9.1% -> +14.2%",
      "severity": "HIGH"
    },
    {
      "quarter": "2023-12 (Q4)",
      "signal": "YoY REVENUE GROWTH DECELERATION",
      "detail": "YoY growth: +6.9% vs prior quarter YoY: +31.7% (decel: -24.9%)",
      "severity": "WARNING"
    },
    {
      "quarter": "2023-09 (Q3)",
      "signal": "YoY REVENUE GROWTH DECELERATION",
      "detail": "YoY growth: +31.7% vs prior quarter YoY: +56.2% (decel: -24.5%)",
      "severity": "WARNING"
    },
    {
      "quarter": "2023-06 (Q2)",
      "signal": "FCF TURNED POSITIVE",
      "detail": "FCF margin: -0.8% -> +1.0%",
      "severity": "HIGH"
    },
    {
      "quarter": "2023-06 (Q2)",
      "signal": "YoY REVENUE GROWTH ACCELERATION",
      "detail": "YoY growth: +56.2% vs prior quarter YoY: +16.5% (accel: +39.7%)",
      "severity": "HIGH"
    },
    {
      "quarter": "2023-03 (Q1)",
      "signal": "YoY REVENUE GROWTH ACCELERATION",
      "detail": "YoY growth: +16.5% vs prior quarter YoY: -11.5% (accel: +28.0%)",
      "severity": "HIGH"
    },
    {
      "quarter": "2022-12 (Q4)",
      "signal": "FCF MARGIN EXPANSION",
      "detail": "FCF margin: -10.6% -> -3.0% (+7.6%)",
      "severity": "MEDIUM"
    },
    {
      "quarter": "2022-06 (Q2)",
      "signal": "FCF MARGIN EXPANSION",
      "detail": "FCF margin: -8.7% -> -2.0% (+6.8%)",
      "severity": "MEDIUM"
    },
    {
      "quarter": "2022-03 (Q1)",
      "signal": "FCF MARGIN EXPANSION",
      "detail": "FCF margin: -22.8% -> -8.7% (+14.1%)",
      "severity": "MEDIUM"
    },
    {
      "quarter": "2022-03 (Q1)",
      "signal": "YoY REVENUE GROWTH DECELERATION",
      "detail": "YoY growth: -11.6% vs prior quarter YoY: -3.0% (decel: -8.6%)",
      "severity": "WARNING"
    },
    {
      "quarter": "2021-09 (Q3)",
      "signal": "FCF TURNED POSITIVE",
      "detail": "FCF margin: -0.8% -> +0.8%",
      "severity": "HIGH"
    },
    {
      "quarter": "2021-06 (Q2)",
      "signal": "FCF MARGIN EXPANSION",
      "detail": "FCF margin: -12.5% -> -0.8% (+11.6%)",
      "severity": "MEDIUM"
    },
    {
      "quarter": "2021-03 (Q1)",
      "signal": "FCF MARGIN EXPANSION",
      "detail": "FCF margin: -27.5% -> -12.5% (+15.1%)",
      "severity": "MEDIUM"
    }
  ],
  "data_quality": {
    "n_quarters": 20,
    "coverage": {
      "revenue": [
        20,
        20
      ],
      "gross_profit": [
        0,
        20
      ],
      "op_income": [
        0,
        20
      ],
      "fcf": [
        20,
        20
      ]
    },
    "gaps": [],
    "warnings": [
      "gross_profit: no data",
      "op_income: no data"
    ]
  },
  "market_cap": null,
  "source": "SEC EDGAR",
  "last_updated": "2026-02-02T22:28:48.525647"
}