{
  "ticker": "GLTK",
  "name": "GlobalTech Corporation",
  "quarters": [
    {
      "date": "2022-03-31T00:00:00",
      "quarter_label": "2022-03 (Q1)",
      "revenue": 2954123,
      "gross_profit": -83461,
      "operating_income": -687504,
      "net_income": -1195116,
      "opex": 604043,
      "cogs": 3037584,
      "rd": null,
      "sga": null,
      "fcf": -5482318,
      "ocf": -5482318,
      "capex": null,
      "gross_margin": -0.028252378116957216,
      "op_margin": -0.23272693791016827,
      "fcf_margin": -1.8558191382010838
    },
    {
      "date": "2022-06-30T00:00:00",
      "quarter_label": "2022-06 (Q2)",
      "revenue": 2690757,
      "gross_profit": null,
      "operating_income": -1104235,
      "net_income": -1455011,
      "opex": null,
      "cogs": null,
      "rd": null,
      "sga": null,
      "fcf": -2111594,
      "ocf": -2111594,
      "capex": null,
      "gross_margin": null,
      "op_margin": -0.41038079618486545,
      "fcf_margin": -0.7847583412400302,
      "fcf_margin_change": 1.0710607969610537
    },
    {
      "date": "2022-09-30T00:00:00",
      "quarter_label": "2022-09 (Q3)",
      "revenue": 2729855,
      "gross_profit": null,
      "operating_income": -1479567,
      "net_income": -1851658,
      "opex": null,
      "cogs": null,
      "rd": null,
      "sga": null,
      "fcf": 2443330,
      "ocf": 2443330,
      "capex": null,
      "gross_margin": null,
      "op_margin": -0.5419947213313527,
      "fcf_margin": 0.895040212758553,
      "fcf_margin_change": 1.6797985539985834
    },
    {
      "date": "2022-12-31T00:00:00",
      "quarter_label": "2022-12 (Q4)",
      "revenue": 3245780,
      "gross_profit": null,
      "operating_income": -7786996,
      "net_income": -7921024,
      "opex": null,
      "cogs": null,
      "rd": null,
      "sga": null,
      "fcf": -2437640,
      "ocf": -2437640,
      "capex": null,
      "gross_margin": null,
      "op_margin": -2.3991139263905747,
      "fcf_margin": -0.7510182452291899,
      "fcf_margin_change": -1.6460584579877429
    },
    {
      "date": "2023-03-31T00:00:00",
      "quarter_label": "2023-03 (Q1)",
      "revenue": 2468372,
      "gross_profit": -17703,
      "operating_income": -3933584,
      "net_income": -4382235,
      "opex": 3915881,
      "cogs": 2486075,
      "rd": null,
      "sga": null,
      "fcf": -6010043,
      "ocf": -6010043,
      "capex": null,
      "gross_margin": -0.0071719335659292845,
      "op_margin": -1.593594482517222,
      "fcf_margin": -2.434820602405148,
      "rev_growth_yoy": -0.16443154195001358,
      "fcf_margin_change": -1.6838023571759582
    },
    {
      "date": "2023-06-30T00:00:00",
      "quarter_label": "2023-06 (Q2)",
      "revenue": 2817665,
      "gross_profit": null,
      "operating_income": -2061620,
      "net_income": 479107,
      "opex": null,
      "cogs": null,
      "rd": null,
      "sga": null,
      "fcf": 239171,
      "ocf": 239171,
      "capex": null,
      "gross_margin": null,
      "op_margin": -0.7316767607220872,
      "fcf_margin": 0.08488269542333812,
      "rev_growth_yoy": 0.04716442250266375,
      "rev_growth_yoy_accel": 0.21159596445267734,
      "fcf_margin_change": 2.519703297828486
    },
    {
      "date": "2023-09-30T00:00:00",
      "quarter_label": "2023-09 (Q3)",
      "revenue": 2197248,
      "gross_profit": null,
      "operating_income": -1571961,
      "net_income": -2303874,
      "opex": null,
      "cogs": null,
      "rd": null,
      "sga": null,
      "fcf": 922272,
      "ocf": 959082,
      "capex": -36810,
      "gross_margin": null,
      "op_margin": -0.7154226559769311,
      "fcf_margin": 0.4197396015379238,
      "rev_growth_yoy": -0.1951045018874629,
      "rev_growth_yoy_accel": -0.24226892439012665,
      "fcf_margin_change": 0.33485690611458563
    },
    {
      "date": "2023-12-31T00:00:00",
      "quarter_label": "2023-12 (Q4)",
      "revenue": 3130480,
      "gross_profit": null,
      "operating_income": -2912178,
      "net_income": -2117956,
      "opex": 90000,
      "cogs": null,
      "rd": null,
      "sga": null,
      "fcf": 1794880,
      "ocf": 1872983,
      "capex": -78103,
      "gross_margin": null,
      "op_margin": -0.9302656461628888,
      "fcf_margin": 0.5733561626332064,
      "rev_growth_yoy": -0.03552304838898508,
      "rev_growth_yoy_accel": 0.1595814534984778,
      "fcf_margin_change": 0.15361656109528266
    },
    {
      "date": "2024-03-31T00:00:00",
      "quarter_label": "2024-03 (Q1)",
      "revenue": 3702258,
      "gross_profit": -16736,
      "operating_income": -1148073,
      "net_income": -1421158,
      "opex": 3800000,
      "cogs": 3718994,
      "rd": null,
      "sga": null,
      "fcf": 1366261,
      "ocf": 1410055,
      "capex": -43794,
      "gross_margin": -0.004520484525929852,
      "op_margin": -0.31010075472860077,
      "fcf_margin": 0.36903451893412076,
      "incr_op_margin_yoy": 2.2575108235282677,
      "rev_growth_yoy": 0.49987846240355993,
      "rev_growth_yoy_accel": 0.535401510792545,
      "op_leverage_ratio": 0.004430830203971029,
      "fcf_margin_change": -0.20432164369908568
    },
    {
      "date": "2024-06-30T00:00:00",
      "quarter_label": "2024-06 (Q2)",
      "revenue": 4562706,
      "gross_profit": null,
      "operating_income": -921489,
      "net_income": -1231618,
      "opex": null,
      "cogs": null,
      "rd": null,
      "sga": null,
      "fcf": -219150,
      "ocf": -174850,
      "capex": -44300,
      "gross_margin": null,
      "op_margin": -0.20196107310004194,
      "fcf_margin": -0.048030708092960624,
      "incr_op_margin_yoy": 0.653354849542217,
      "rev_growth_yoy": 0.6193216723776602,
      "rev_growth_yoy_accel": 0.1194432099741003,
      "fcf_margin_change": -0.4170652270270814
    },
    {
      "date": "2024-09-30T00:00:00",
      "quarter_label": "2024-09 (Q3)",
      "revenue": 5017195,
      "gross_profit": null,
      "operating_income": -1099410,
      "net_income": -260844,
      "opex": null,
      "cogs": null,
      "rd": null,
      "sga": null,
      "fcf": -858548,
      "ocf": -844923,
      "capex": -13625,
      "gross_margin": null,
      "op_margin": -0.21912841737265543,
      "fcf_margin": -0.17112111448727824,
      "incr_op_margin_yoy": 0.16757442604417744,
      "rev_growth_yoy": 1.2833995070196902,
      "rev_growth_yoy_accel": 0.66407783464203,
      "fcf_margin_change": -0.12309040639431762
    },
    {
      "date": "2024-12-31T00:00:00",
      "quarter_label": "2024-12 (Q4)",
      "revenue": 4973089,
      "gross_profit": null,
      "operating_income": -888381,
      "net_income": -1221647,
      "opex": -10000,
      "cogs": null,
      "rd": null,
      "sga": null,
      "fcf": -185889,
      "ocf": -164556,
      "capex": -21333,
      "gross_margin": null,
      "op_margin": -0.17863766363320666,
      "fcf_margin": -0.03737898115235822,
      "incr_op_margin_yoy": 1.0983323103273674,
      "rev_growth_yoy": 0.5886027062942424,
      "rev_growth_yoy_accel": -0.6947968007254478,
      "fcf_margin_change": 0.13374213333492002
    },
    {
      "date": "2025-03-31T00:00:00",
      "quarter_label": "2025-03 (Q1)",
      "revenue": 4341720,
      "gross_profit": -14760,
      "operating_income": -943672,
      "net_income": -1125204,
      "opex": 3770000,
      "cogs": 4356480,
      "rd": null,
      "sga": null,
      "fcf": -989781,
      "ocf": -971833,
      "capex": -17948,
      "gross_margin": -0.003399574362234322,
      "op_margin": -0.2173498060676414,
      "fcf_margin": -0.22796979077416324,
      "rev_growth_yoy": 0.17272216036807808,
      "rev_growth_yoy_accel": -0.4158805459261643,
      "fcf_margin_change": -0.19059080962180502
    },
    {
      "date": "2025-06-30T00:00:00",
      "quarter_label": "2025-06 (Q2)",
      "revenue": 5628068,
      "gross_profit": null,
      "operating_income": -957947,
      "net_income": -1121670,
      "opex": null,
      "cogs": null,
      "rd": null,
      "sga": null,
      "fcf": 545971,
      "ocf": 563928,
      "capex": -17957,
      "gross_margin": null,
      "op_margin": -0.17020885319793577,
      "fcf_margin": 0.097008600464671,
      "incr_op_margin_yoy": -0.03422123184419944,
      "rev_growth_yoy": 0.23349345761046186,
      "rev_growth_yoy_accel": 0.06077129724238378,
      "fcf_margin_change": 0.3249783912388342
    },
    {
      "date": "2025-09-30T00:00:00",
      "quarter_label": "2025-09 (Q3)",
      "revenue": 5540550,
      "gross_profit": null,
      "operating_income": -516438,
      "net_income": -713086,
      "opex": null,
      "cogs": null,
      "rd": null,
      "sga": null,
      "fcf": 681364,
      "ocf": 690700,
      "capex": -9336,
      "gross_margin": null,
      "op_margin": -0.09321060183555784,
      "fcf_margin": 0.1229776827210295,
      "rev_growth_yoy": 0.10431227010311539,
      "rev_growth_yoy_accel": -0.12918118750734647,
      "fcf_margin_change": 0.02596908225635851
    }
  ],
  "signals": [
    {
      "quarter": "2025-09 (Q3)",
      "signal": "YoY REVENUE GROWTH DECELERATION",
      "detail": "YoY growth: +10.4% vs prior quarter YoY: +23.3% (decel: -12.9%)",
      "severity": "WARNING"
    },
    {
      "quarter": "2025-06 (Q2)",
      "signal": "FCF TURNED POSITIVE",
      "detail": "FCF margin: -22.8% -> +9.7%",
      "severity": "HIGH"
    },
    {
      "quarter": "2025-06 (Q2)",
      "signal": "YoY REVENUE GROWTH ACCELERATION",
      "detail": "YoY growth: +23.3% vs prior quarter YoY: +17.3% (accel: +6.1%)",
      "severity": "MEDIUM"
    },
    {
      "quarter": "2025-03 (Q1)",
      "signal": "YoY REVENUE GROWTH DECELERATION",
      "detail": "YoY growth: +17.3% vs prior quarter YoY: +58.9% (decel: -41.6%)",
      "severity": "WARNING"
    },
    {
      "quarter": "2024-12 (Q4)",
      "signal": "FCF MARGIN EXPANSION",
      "detail": "FCF margin: -17.1% -> -3.7% (+13.4%)",
      "severity": "MEDIUM"
    },
    {
      "quarter": "2024-12 (Q4)",
      "signal": "YoY REVENUE GROWTH DECELERATION",
      "detail": "YoY growth: +58.9% vs prior quarter YoY: +128.3% (decel: -69.5%)",
      "severity": "WARNING"
    },
    {
      "quarter": "2024-09 (Q3)",
      "signal": "YoY REVENUE GROWTH ACCELERATION",
      "detail": "YoY growth: +128.3% vs prior quarter YoY: +61.9% (accel: +66.4%)",
      "severity": "HIGH"
    },
    {
      "quarter": "2024-06 (Q2)",
      "signal": "YoY REVENUE GROWTH ACCELERATION",
      "detail": "YoY growth: +61.9% vs prior quarter YoY: +50.0% (accel: +11.9%)",
      "severity": "MEDIUM"
    },
    {
      "quarter": "2024-03 (Q1)",
      "signal": "YoY REVENUE GROWTH ACCELERATION",
      "detail": "YoY growth: +50.0% vs prior quarter YoY: -3.6% (accel: +53.5%)",
      "severity": "HIGH"
    },
    {
      "quarter": "2023-12 (Q4)",
      "signal": "FCF MARGIN EXPANSION",
      "detail": "FCF margin: +42.0% -> +57.3% (+15.4%)",
      "severity": "MEDIUM"
    },
    {
      "quarter": "2023-12 (Q4)",
      "signal": "YoY REVENUE GROWTH ACCELERATION",
      "detail": "YoY growth: -3.6% vs prior quarter YoY: -19.5% (accel: +16.0%)",
      "severity": "HIGH"
    },
    {
      "quarter": "2023-09 (Q3)",
      "signal": "FCF MARGIN EXPANSION",
      "detail": "FCF margin: +8.5% -> +42.0% (+33.5%)",
      "severity": "MEDIUM"
    },
    {
      "quarter": "2023-09 (Q3)",
      "signal": "YoY REVENUE GROWTH DECELERATION",
      "detail": "YoY growth: -19.5% vs prior quarter YoY: +4.7% (decel: -24.2%)",
      "severity": "WARNING"
    },
    {
      "quarter": "2023-06 (Q2)",
      "signal": "FCF TURNED POSITIVE",
      "detail": "FCF margin: -243.5% -> +8.5%",
      "severity": "HIGH"
    },
    {
      "quarter": "2023-06 (Q2)",
      "signal": "YoY REVENUE GROWTH ACCELERATION",
      "detail": "YoY growth: +4.7% vs prior quarter YoY: -16.4% (accel: +21.2%)",
      "severity": "HIGH"
    },
    {
      "quarter": "2022-09 (Q3)",
      "signal": "FCF TURNED POSITIVE",
      "detail": "FCF margin: -78.5% -> +89.5%",
      "severity": "HIGH"
    },
    {
      "quarter": "2022-06 (Q2)",
      "signal": "FCF MARGIN EXPANSION",
      "detail": "FCF margin: -185.6% -> -78.5% (+107.1%)",
      "severity": "MEDIUM"
    }
  ],
  "data_quality": {
    "n_quarters": 15,
    "coverage": {
      "revenue": [
        15,
        15
      ],
      "gross_profit": [
        4,
        15
      ],
      "op_income": [
        15,
        15
      ],
      "fcf": [
        15,
        15
      ]
    },
    "gaps": [],
    "warnings": [
      "gross_profit: 4/15Q"
    ]
  },
  "market_cap": null,
  "source": "SEC EDGAR",
  "last_updated": "2026-02-03T01:12:42.200913"
}