{
  "ticker": "GM",
  "name": "GENERAL MOTORS COMPANY",
  "quarters": [
    {
      "date": "2021-03-31T00:00:00",
      "quarter_label": "2021-03 (Q1)",
      "revenue": 32474000000,
      "gross_profit": null,
      "operating_income": 3277000000,
      "net_income": 3022000000,
      "opex": 29197000000,
      "cogs": null,
      "rd": null,
      "sga": null,
      "fcf": 388000000,
      "ocf": 1266000000,
      "capex": -878000000,
      "gross_margin": null,
      "op_margin": 0.10091149842951284,
      "fcf_margin": 0.011948019954425078
    },
    {
      "date": "2021-06-30T00:00:00",
      "quarter_label": "2021-06 (Q2)",
      "revenue": 34167000000,
      "gross_profit": null,
      "operating_income": 2882000000,
      "net_income": 2836000000,
      "opex": 31285000000,
      "cogs": null,
      "rd": null,
      "sga": null,
      "fcf": 5589000000,
      "ocf": 7162000000,
      "capex": -1573000000,
      "gross_margin": null,
      "op_margin": 0.08435039658149676,
      "fcf_margin": 0.16357889191324962,
      "op_leverage_ratio": 0.7290023147312428,
      "fcf_margin_change": 0.15163087195882455
    },
    {
      "date": "2021-09-30T00:00:00",
      "quarter_label": "2021-09 (Q3)",
      "revenue": 26779000000,
      "gross_profit": null,
      "operating_income": 1645000000,
      "net_income": 2420000000,
      "opex": 25134000000,
      "cogs": null,
      "rd": null,
      "sga": null,
      "fcf": -1908000000,
      "ocf": -49000000,
      "capex": -1859000000,
      "gross_margin": null,
      "op_margin": 0.06142873146868815,
      "fcf_margin": -0.07124985996489787,
      "fcf_margin_change": -0.2348287518781475
    },
    {
      "date": "2021-12-31T00:00:00",
      "quarter_label": "2021-12 (Q4)",
      "revenue": 33584000000,
      "gross_profit": null,
      "operating_income": 1520000000,
      "net_income": 1741000000,
      "opex": 32064000000,
      "cogs": null,
      "rd": null,
      "sga": null,
      "fcf": 3610000000,
      "ocf": 6809000000,
      "capex": -3199000000,
      "gross_margin": null,
      "op_margin": 0.04525964745116722,
      "fcf_margin": 0.10749166269652215,
      "op_leverage_ratio": 0.921641772345682,
      "fcf_margin_change": 0.17874152266142002
    },
    {
      "date": "2022-03-31T00:00:00",
      "quarter_label": "2022-03 (Q1)",
      "revenue": 35979000000,
      "gross_profit": null,
      "operating_income": 2196000000,
      "net_income": 2939000000,
      "opex": 33783000000,
      "cogs": null,
      "rd": null,
      "sga": null,
      "fcf": 443000000,
      "ocf": 2104000000,
      "capex": -1661000000,
      "gross_margin": null,
      "op_margin": 0.06103560410239306,
      "fcf_margin": 0.012312737986047416,
      "incr_op_margin_yoy": -0.30841654778887306,
      "rev_growth_yoy": 0.10793249984603068,
      "op_leverage_ratio": 1.3301938012533188,
      "fcf_margin_change": -0.09517892471047473
    },
    {
      "date": "2022-06-30T00:00:00",
      "quarter_label": "2022-06 (Q2)",
      "revenue": 35759000000,
      "gross_profit": null,
      "operating_income": 2116000000,
      "net_income": 1692000000,
      "opex": 33643000000,
      "cogs": null,
      "rd": null,
      "sga": null,
      "fcf": 956000000,
      "ocf": 3124000000,
      "capex": -2168000000,
      "gross_margin": null,
      "op_margin": 0.059173914259347295,
      "fcf_margin": 0.026734528370480157,
      "incr_op_margin_yoy": -0.48115577889447236,
      "rev_growth_yoy": 0.04659466736909884,
      "rev_growth_yoy_accel": -0.061337832476931836,
      "fcf_margin_change": 0.014421790384432741
    },
    {
      "date": "2022-09-30T00:00:00",
      "quarter_label": "2022-09 (Q3)",
      "revenue": 41889000000,
      "gross_profit": null,
      "operating_income": 3392000000,
      "net_income": 3305000000,
      "opex": 38497000000,
      "cogs": null,
      "rd": null,
      "sga": null,
      "fcf": 3087000000,
      "ocf": 5191000000,
      "capex": -2104000000,
      "gross_margin": null,
      "op_margin": 0.080975912530736,
      "fcf_margin": 0.07369476473537205,
      "incr_op_margin_yoy": 0.1156187954996691,
      "rev_growth_yoy": 0.5642481048582845,
      "rev_growth_yoy_accel": 0.5176534374891857,
      "op_leverage_ratio": 1.1881466636980227,
      "fcf_margin_change": 0.0469602363648919
    },
    {
      "date": "2022-12-31T00:00:00",
      "quarter_label": "2022-12 (Q4)",
      "revenue": 43108000000,
      "gross_profit": null,
      "operating_income": 2611000000,
      "net_income": 1999000000,
      "opex": 40499000000,
      "cogs": null,
      "rd": null,
      "sga": null,
      "fcf": 2319000000,
      "ocf": 5624000000,
      "capex": -3305000000,
      "gross_margin": null,
      "op_margin": 0.06056880393430454,
      "fcf_margin": 0.05379511923540874,
      "incr_op_margin_yoy": 0.11455270894582108,
      "rev_growth_yoy": 0.283587422582182,
      "rev_growth_yoy_accel": -0.28066068227610247,
      "op_leverage_ratio": 0.5595855957167996,
      "fcf_margin_change": -0.019899645499963307
    },
    {
      "date": "2023-03-31T00:00:00",
      "quarter_label": "2023-03 (Q1)",
      "revenue": 39985000000,
      "gross_profit": null,
      "operating_income": 2578000000,
      "net_income": 2395000000,
      "opex": 37407000000,
      "cogs": null,
      "rd": null,
      "sga": null,
      "fcf": 655000000,
      "ocf": 3086000000,
      "capex": -2431000000,
      "gross_margin": null,
      "op_margin": 0.06447417781668126,
      "fcf_margin": 0.016381142928598224,
      "incr_op_margin_yoy": 0.09535696455317025,
      "rev_growth_yoy": 0.11134272770227077,
      "rev_growth_yoy_accel": -0.17224469487991123,
      "fcf_margin_change": -0.03741397630681052
    },
    {
      "date": "2023-06-30T00:00:00",
      "quarter_label": "2023-06 (Q2)",
      "revenue": 44746000000,
      "gross_profit": null,
      "operating_income": 2789000000,
      "net_income": 2566000000,
      "opex": 41958000000,
      "cogs": null,
      "rd": null,
      "sga": null,
      "fcf": 5339000000,
      "ocf": 7591000000,
      "capex": -2252000000,
      "gross_margin": null,
      "op_margin": 0.06232959370670004,
      "fcf_margin": 0.11931792785947347,
      "incr_op_margin_yoy": 0.07488594636697452,
      "rev_growth_yoy": 0.25132134567521464,
      "rev_growth_yoy_accel": 0.13997861797294386,
      "op_leverage_ratio": 0.9786944494429314,
      "fcf_margin_change": 0.10293678493087524
    },
    {
      "date": "2023-09-30T00:00:00",
      "quarter_label": "2023-09 (Q3)",
      "revenue": 44131000000,
      "gross_profit": null,
      "operating_income": 3013000000,
      "net_income": 3064000000,
      "opex": 41118000000,
      "cogs": null,
      "rd": null,
      "sga": null,
      "fcf": 4015000000,
      "ocf": 6596000000,
      "capex": -2581000000,
      "gross_margin": null,
      "op_margin": 0.06827400240193968,
      "fcf_margin": 0.09097913031655752,
      "incr_op_margin_yoy": -0.16904549509366637,
      "rev_growth_yoy": 0.05352240444985557,
      "rev_growth_yoy_accel": -0.19779894122535907,
      "fcf_margin_change": -0.028338797542915947
    },
    {
      "date": "2023-12-31T00:00:00",
      "quarter_label": "2023-12 (Q4)",
      "revenue": 42979000000,
      "gross_profit": null,
      "operating_income": 918000000,
      "net_income": 2101000000,
      "opex": 42061000000,
      "cogs": null,
      "rd": null,
      "sga": null,
      "fcf": -49000000,
      "ocf": 3657000000,
      "capex": -3706000000,
      "gross_margin": null,
      "op_margin": 0.021359268479955326,
      "fcf_margin": -0.0011400916726773541,
      "incr_op_margin_yoy": 13.124031007751938,
      "rev_growth_yoy": -0.002992483993690266,
      "rev_growth_yoy_accel": -0.05651488844354584,
      "fcf_margin_change": -0.09211922198923488
    },
    {
      "date": "2024-03-31T00:00:00",
      "quarter_label": "2024-03 (Q1)",
      "revenue": 43014000000,
      "gross_profit": null,
      "operating_income": 3738000000,
      "net_income": 2980000000,
      "opex": 39277000000,
      "cogs": null,
      "rd": null,
      "sga": null,
      "fcf": 369000000,
      "ocf": 3152000000,
      "capex": -2783000000,
      "gross_margin": null,
      "op_margin": 0.08690193890361278,
      "fcf_margin": 0.008578602315525178,
      "incr_op_margin_yoy": 0.3829646748101684,
      "rev_growth_yoy": 0.07575340752782293,
      "rev_growth_yoy_accel": 0.0787458915215132,
      "fcf_margin_change": 0.009718693988202532
    },
    {
      "date": "2024-06-30T00:00:00",
      "quarter_label": "2024-06 (Q2)",
      "revenue": 47969000000,
      "gross_profit": null,
      "operating_income": 3873000000,
      "net_income": 2933000000,
      "opex": 44096000000,
      "cogs": null,
      "rd": null,
      "sga": null,
      "fcf": 3407000000,
      "ocf": 5976000000,
      "capex": -2569000000,
      "gross_margin": null,
      "op_margin": 0.08073964435364506,
      "fcf_margin": 0.07102503700306448,
      "incr_op_margin_yoy": 0.336332609370152,
      "rev_growth_yoy": 0.07202878469583873,
      "rev_growth_yoy_accel": -0.0037246228319842006,
      "op_leverage_ratio": 0.9388910744522457,
      "fcf_margin_change": 0.0624464346875393
    },
    {
      "date": "2024-09-30T00:00:00",
      "quarter_label": "2024-09 (Q3)",
      "revenue": 48757000000,
      "gross_profit": null,
      "operating_income": 3651000000,
      "net_income": 3056000000,
      "opex": 45105000000,
      "cogs": null,
      "rd": null,
      "sga": null,
      "fcf": 4616000000,
      "ocf": 6861000000,
      "capex": -2245000000,
      "gross_margin": null,
      "op_margin": 0.0748815554689583,
      "fcf_margin": 0.09467358533133705,
      "incr_op_margin_yoy": 0.1379161262429745,
      "rev_growth_yoy": 0.10482427318664884,
      "rev_growth_yoy_accel": 0.03279548849081011,
      "op_leverage_ratio": 0.7179159169963605,
      "fcf_margin_change": 0.023648548328272567
    },
    {
      "date": "2024-12-31T00:00:00",
      "quarter_label": "2024-12 (Q4)",
      "revenue": 47702000000,
      "gross_profit": null,
      "operating_income": 1522000000,
      "net_income": -2961000000,
      "opex": 46180000000,
      "cogs": null,
      "rd": null,
      "sga": null,
      "fcf": 907000000,
      "ocf": 4140000000,
      "capex": -3233000000,
      "gross_margin": null,
      "op_margin": 0.03190641901807052,
      "fcf_margin": 0.019013877824829148,
      "incr_op_margin_yoy": 0.12788481897099302,
      "rev_growth_yoy": 0.10989087693990088,
      "rev_growth_yoy_accel": 0.005066603753252033,
      "fcf_margin_change": -0.0756597075065079
    },
    {
      "date": "2025-03-31T00:00:00",
      "quarter_label": "2025-03 (Q1)",
      "revenue": 44020000000,
      "gross_profit": null,
      "operating_income": 3352000000,
      "net_income": 2784000000,
      "opex": 40668000000,
      "cogs": null,
      "rd": null,
      "sga": null,
      "fcf": 4245000000,
      "ocf": 6061000000,
      "capex": -1816000000,
      "gross_margin": null,
      "op_margin": 0.0761472058155384,
      "fcf_margin": 0.09643343934575194,
      "incr_op_margin_yoy": -0.3836978131212724,
      "rev_growth_yoy": 0.023387734226065934,
      "rev_growth_yoy_accel": -0.08650314271383494,
      "fcf_margin_change": 0.07741956152092279
    },
    {
      "date": "2025-06-30T00:00:00",
      "quarter_label": "2025-06 (Q2)",
      "revenue": 47122000000,
      "gross_profit": null,
      "operating_income": 2127000000,
      "net_income": 1895000000,
      "opex": 44995000000,
      "cogs": null,
      "rd": null,
      "sga": null,
      "fcf": 4771000000,
      "ocf": 6908000000,
      "capex": -2137000000,
      "gross_margin": null,
      "op_margin": 0.04513815203089852,
      "fcf_margin": 0.10124782479521242,
      "incr_op_margin_yoy": 2.061393152302243,
      "rev_growth_yoy": -0.017657236965540245,
      "rev_growth_yoy_accel": -0.041044971191606175,
      "op_leverage_ratio": 0.662304452868084,
      "fcf_margin_change": 0.004814385449460487
    },
    {
      "date": "2025-09-30T00:00:00",
      "quarter_label": "2025-09 (Q3)",
      "revenue": 48591000000,
      "gross_profit": null,
      "operating_income": 1076000000,
      "net_income": 1327000000,
      "opex": 47515000000,
      "cogs": null,
      "rd": null,
      "sga": null,
      "fcf": 4973000000,
      "ocf": 7103000000,
      "capex": -2130000000,
      "gross_margin": null,
      "op_margin": 0.022144018439628738,
      "fcf_margin": 0.10234405548352575,
      "incr_op_margin_yoy": 15.512048192771084,
      "rev_growth_yoy": -0.0034046393338392437,
      "rev_growth_yoy_accel": 0.014252597631701001,
      "op_leverage_ratio": 0.5566238312169087,
      "fcf_margin_change": 0.0010962306883133266
    },
    {
      "date": "2025-12-31T00:00:00",
      "quarter_label": "2025-12 (Q4)",
      "revenue": 45287000000,
      "gross_profit": null,
      "operating_income": -3646000000,
      "net_income": -3310000000,
      "opex": 48933000000,
      "cogs": null,
      "rd": null,
      "sga": null,
      "fcf": 3575000000,
      "ocf": 6795000000,
      "capex": -3220000000,
      "gross_margin": null,
      "op_margin": -0.08050875527193234,
      "fcf_margin": 0.07894097643915472,
      "incr_op_margin_yoy": 2.1399585921325053,
      "rev_growth_yoy": -0.05062680810028929,
      "rev_growth_yoy_accel": -0.04722216876645005,
      "fcf_margin_change": -0.023403079044371028
    }
  ],
  "signals": [
    {
      "quarter": "2025-09 (Q3)",
      "signal": "INCREMENTAL MARGIN (YoY)",
      "detail": "YoY Incr OPM: +1551.2% vs year-ago OPM: +7.5%",
      "severity": "HIGH"
    },
    {
      "quarter": "2025-06 (Q2)",
      "signal": "INCREMENTAL MARGIN (YoY)",
      "detail": "YoY Incr OPM: +206.1% vs year-ago OPM: +8.1%",
      "severity": "HIGH"
    },
    {
      "quarter": "2025-03 (Q1)",
      "signal": "FCF MARGIN EXPANSION",
      "detail": "FCF margin: +1.9% -> +9.6% (+7.7%)",
      "severity": "MEDIUM"
    },
    {
      "quarter": "2025-03 (Q1)",
      "signal": "YoY REVENUE GROWTH DECELERATION",
      "detail": "YoY growth: +2.3% vs prior quarter YoY: +11.0% (decel: -8.7%)",
      "severity": "WARNING"
    },
    {
      "quarter": "2024-12 (Q4)",
      "signal": "INCREMENTAL MARGIN (YoY)",
      "detail": "YoY Incr OPM: +12.8% vs year-ago OPM: +2.1%",
      "severity": "MEDIUM"
    },
    {
      "quarter": "2024-06 (Q2)",
      "signal": "FCF MARGIN EXPANSION",
      "detail": "FCF margin: +0.9% -> +7.1% (+6.2%)",
      "severity": "MEDIUM"
    },
    {
      "quarter": "2024-06 (Q2)",
      "signal": "INCREMENTAL MARGIN (YoY)",
      "detail": "YoY Incr OPM: +33.6% vs year-ago OPM: +6.2%",
      "severity": "HIGH"
    },
    {
      "quarter": "2024-03 (Q1)",
      "signal": "FCF TURNED POSITIVE",
      "detail": "FCF margin: -0.1% -> +0.9%",
      "severity": "HIGH"
    },
    {
      "quarter": "2024-03 (Q1)",
      "signal": "YoY REVENUE GROWTH ACCELERATION",
      "detail": "YoY growth: +7.6% vs prior quarter YoY: -0.3% (accel: +7.9%)",
      "severity": "MEDIUM"
    },
    {
      "quarter": "2024-03 (Q1)",
      "signal": "INCREMENTAL MARGIN (YoY)",
      "detail": "YoY Incr OPM: +38.3% vs year-ago OPM: +6.4%",
      "severity": "HIGH"
    },
    {
      "quarter": "2023-12 (Q4)",
      "signal": "YoY REVENUE GROWTH DECELERATION",
      "detail": "YoY growth: -0.3% vs prior quarter YoY: +5.4% (decel: -5.7%)",
      "severity": "WARNING"
    },
    {
      "quarter": "2023-12 (Q4)",
      "signal": "INCREMENTAL MARGIN (YoY)",
      "detail": "YoY Incr OPM: +1312.4% vs year-ago OPM: +6.1%",
      "severity": "HIGH"
    },
    {
      "quarter": "2023-09 (Q3)",
      "signal": "YoY REVENUE GROWTH DECELERATION",
      "detail": "YoY growth: +5.4% vs prior quarter YoY: +25.1% (decel: -19.8%)",
      "severity": "WARNING"
    },
    {
      "quarter": "2023-06 (Q2)",
      "signal": "FCF MARGIN EXPANSION",
      "detail": "FCF margin: +1.6% -> +11.9% (+10.3%)",
      "severity": "MEDIUM"
    },
    {
      "quarter": "2023-06 (Q2)",
      "signal": "YoY REVENUE GROWTH ACCELERATION",
      "detail": "YoY growth: +25.1% vs prior quarter YoY: +11.1% (accel: +14.0%)",
      "severity": "MEDIUM"
    },
    {
      "quarter": "2023-03 (Q1)",
      "signal": "YoY REVENUE GROWTH DECELERATION",
      "detail": "YoY growth: +11.1% vs prior quarter YoY: +28.4% (decel: -17.2%)",
      "severity": "WARNING"
    },
    {
      "quarter": "2022-12 (Q4)",
      "signal": "YoY REVENUE GROWTH DECELERATION",
      "detail": "YoY growth: +28.4% vs prior quarter YoY: +56.4% (decel: -28.1%)",
      "severity": "WARNING"
    },
    {
      "quarter": "2022-09 (Q3)",
      "signal": "YoY REVENUE GROWTH ACCELERATION",
      "detail": "YoY growth: +56.4% vs prior quarter YoY: +4.7% (accel: +51.8%)",
      "severity": "HIGH"
    },
    {
      "quarter": "2022-06 (Q2)",
      "signal": "YoY REVENUE GROWTH DECELERATION",
      "detail": "YoY growth: +4.7% vs prior quarter YoY: +10.8% (decel: -6.1%)",
      "severity": "WARNING"
    },
    {
      "quarter": "2021-12 (Q4)",
      "signal": "FCF TURNED POSITIVE",
      "detail": "FCF margin: -7.1% -> +10.7%",
      "severity": "HIGH"
    },
    {
      "quarter": "2021-06 (Q2)",
      "signal": "FCF MARGIN EXPANSION",
      "detail": "FCF margin: +1.2% -> +16.4% (+15.2%)",
      "severity": "MEDIUM"
    }
  ],
  "data_quality": {
    "n_quarters": 20,
    "coverage": {
      "revenue": [
        20,
        20
      ],
      "gross_profit": [
        0,
        20
      ],
      "op_income": [
        20,
        20
      ],
      "fcf": [
        20,
        20
      ]
    },
    "gaps": [],
    "warnings": [
      "gross_profit: no data"
    ]
  },
  "market_cap": null,
  "source": "SEC EDGAR",
  "last_updated": "2026-02-02T19:52:59.208463"
}