{
  "ticker": "GMRE-PA",
  "name": "Global Medical REIT Inc.",
  "quarters": [
    {
      "date": "2020-12-31T00:00:00",
      "quarter_label": "2020-12 (Q4)",
      "revenue": 24930000,
      "gross_profit": null,
      "operating_income": null,
      "net_income": 2592000,
      "opex": 22338000,
      "cogs": null,
      "rd": null,
      "sga": null,
      "fcf": 16131000,
      "ocf": 16131000,
      "capex": null,
      "gross_margin": null,
      "op_margin": null,
      "fcf_margin": 0.64705174488568
    },
    {
      "date": "2021-03-31T00:00:00",
      "quarter_label": "2021-03 (Q1)",
      "revenue": 27349000,
      "gross_profit": null,
      "operating_income": null,
      "net_income": 3323000,
      "opex": 24026000,
      "cogs": null,
      "rd": null,
      "sga": null,
      "fcf": 15287000,
      "ocf": 15287000,
      "capex": null,
      "gross_margin": null,
      "op_margin": null,
      "fcf_margin": 0.5589601082306482,
      "op_leverage_ratio": 1.2840603452700738,
      "fcf_margin_change": -0.08809163665503172
    },
    {
      "date": "2021-06-30T00:00:00",
      "quarter_label": "2021-06 (Q2)",
      "revenue": 28261000,
      "gross_profit": null,
      "operating_income": null,
      "net_income": 4164000,
      "opex": 24097000,
      "cogs": null,
      "rd": null,
      "sga": null,
      "fcf": 17789000,
      "ocf": 17789000,
      "capex": null,
      "gross_margin": null,
      "op_margin": null,
      "fcf_margin": 0.6294540179045327,
      "op_leverage_ratio": 11.284349042810742,
      "fcf_margin_change": 0.07049390967388447
    },
    {
      "date": "2021-09-30T00:00:00",
      "quarter_label": "2021-09 (Q3)",
      "revenue": 29983000,
      "gross_profit": null,
      "operating_income": null,
      "net_income": 5368000,
      "opex": 24615000,
      "cogs": null,
      "rd": null,
      "sga": null,
      "fcf": 18608000,
      "ocf": 18608000,
      "capex": null,
      "gross_margin": null,
      "op_margin": null,
      "fcf_margin": 0.6206183503985592,
      "op_leverage_ratio": 2.8345155246892624,
      "fcf_margin_change": -0.008835667505973532
    },
    {
      "date": "2021-12-31T00:00:00",
      "quarter_label": "2021-12 (Q4)",
      "revenue": 30343000,
      "gross_profit": null,
      "operating_income": null,
      "net_income": 5487000,
      "opex": 25925000,
      "cogs": null,
      "rd": null,
      "sga": null,
      "fcf": 17283000,
      "ocf": 17283000,
      "capex": null,
      "gross_margin": null,
      "op_margin": null,
      "fcf_margin": 0.5695877138054906,
      "rev_growth_yoy": 0.21712795828319295,
      "op_leverage_ratio": 0.22560876099509822,
      "fcf_margin_change": -0.05103063659306861
    },
    {
      "date": "2022-03-31T00:00:00",
      "quarter_label": "2022-03 (Q1)",
      "revenue": 31875000,
      "gross_profit": null,
      "operating_income": null,
      "net_income": 4286000,
      "opex": 27589000,
      "cogs": null,
      "rd": null,
      "sga": null,
      "fcf": 16436000,
      "ocf": 16436000,
      "capex": null,
      "gross_margin": null,
      "op_margin": null,
      "fcf_margin": 0.5156392156862745,
      "rev_growth_yoy": 0.16549051153607078,
      "rev_growth_yoy_accel": -0.05163744674712217,
      "op_leverage_ratio": 0.7866212806654176,
      "fcf_margin_change": -0.05394849811921609
    },
    {
      "date": "2022-06-30T00:00:00",
      "quarter_label": "2022-06 (Q2)",
      "revenue": 33697000,
      "gross_profit": null,
      "operating_income": null,
      "net_income": 3834000,
      "opex": 29863000,
      "cogs": null,
      "rd": null,
      "sga": null,
      "fcf": 23483000,
      "ocf": 23483000,
      "capex": null,
      "gross_margin": null,
      "op_margin": null,
      "fcf_margin": 0.6968869632311482,
      "rev_growth_yoy": 0.19234988146208556,
      "rev_growth_yoy_accel": 0.026859369926014787,
      "op_leverage_ratio": 0.6934955490023627,
      "fcf_margin_change": 0.18124774754487372
    },
    {
      "date": "2022-09-30T00:00:00",
      "quarter_label": "2022-09 (Q3)",
      "revenue": 35406000,
      "gross_profit": null,
      "operating_income": null,
      "net_income": 10029000,
      "opex": 32130000,
      "cogs": null,
      "rd": null,
      "sga": null,
      "fcf": 18314000,
      "ocf": 18314000,
      "capex": null,
      "gross_margin": null,
      "op_margin": null,
      "fcf_margin": 0.5172569620968197,
      "rev_growth_yoy": 0.1808691591902078,
      "rev_growth_yoy_accel": -0.011480722271877769,
      "op_leverage_ratio": 0.6680865659492606,
      "fcf_margin_change": -0.17963000113432848
    },
    {
      "date": "2022-12-31T00:00:00",
      "quarter_label": "2022-12 (Q4)",
      "revenue": 36306000,
      "gross_profit": null,
      "operating_income": null,
      "net_income": null,
      "opex": 34458000,
      "cogs": null,
      "rd": null,
      "sga": null,
      "fcf": 18308000,
      "ocf": 18308000,
      "capex": null,
      "gross_margin": null,
      "op_margin": null,
      "fcf_margin": 0.5042692667878588,
      "rev_growth_yoy": 0.19651979039646705,
      "rev_growth_yoy_accel": 0.015650631206259258,
      "op_leverage_ratio": 0.350827310415673,
      "fcf_margin_change": -0.012987695308960934
    },
    {
      "date": "2023-03-31T00:00:00",
      "quarter_label": "2023-03 (Q1)",
      "revenue": 36230000,
      "gross_profit": null,
      "operating_income": null,
      "net_income": null,
      "opex": 34542000,
      "cogs": null,
      "rd": null,
      "sga": null,
      "fcf": 15771000,
      "ocf": 15771000,
      "capex": null,
      "gross_margin": null,
      "op_margin": null,
      "fcf_margin": 0.43530223571625726,
      "rev_growth_yoy": 0.13662745098039217,
      "rev_growth_yoy_accel": -0.059892339416074886,
      "fcf_margin_change": -0.06896703107160151
    },
    {
      "date": "2023-06-30T00:00:00",
      "quarter_label": "2023-06 (Q2)",
      "revenue": 36351000,
      "gross_profit": null,
      "operating_income": null,
      "net_income": null,
      "opex": 34960000,
      "cogs": null,
      "rd": null,
      "sga": null,
      "fcf": 17878000,
      "ocf": 17878000,
      "capex": null,
      "gross_margin": null,
      "op_margin": null,
      "fcf_margin": 0.4918159060273445,
      "rev_growth_yoy": 0.07876072053892037,
      "rev_growth_yoy_accel": -0.057866730441471795,
      "fcf_margin_change": 0.05651367031108723
    },
    {
      "date": "2023-09-30T00:00:00",
      "quarter_label": "2023-09 (Q3)",
      "revenue": 35507000,
      "gross_profit": null,
      "operating_income": null,
      "net_income": null,
      "opex": 32963000,
      "cogs": null,
      "rd": null,
      "sga": null,
      "fcf": 16666000,
      "ocf": 16666000,
      "capex": null,
      "gross_margin": null,
      "op_margin": null,
      "fcf_margin": 0.46937223646041626,
      "rev_growth_yoy": 0.00285262384906513,
      "rev_growth_yoy_accel": -0.07590809668985524,
      "fcf_margin_change": -0.022443669566928226
    },
    {
      "date": "2023-12-31T00:00:00",
      "quarter_label": "2023-12 (Q4)",
      "revenue": 32961000,
      "gross_profit": null,
      "operating_income": null,
      "net_income": null,
      "opex": 31542000,
      "cogs": null,
      "rd": null,
      "sga": null,
      "fcf": 18125000,
      "ocf": 18125000,
      "capex": null,
      "gross_margin": null,
      "op_margin": null,
      "fcf_margin": 0.5498922969570098,
      "rev_growth_yoy": -0.09213353164766154,
      "rev_growth_yoy_accel": -0.09498615549672668,
      "fcf_margin_change": 0.08052006049659355
    },
    {
      "date": "2024-03-31T00:00:00",
      "quarter_label": "2024-03 (Q1)",
      "revenue": 35118000,
      "gross_profit": null,
      "operating_income": null,
      "net_income": null,
      "opex": 32804000,
      "cogs": null,
      "rd": null,
      "sga": null,
      "fcf": 14293000,
      "ocf": 14293000,
      "capex": null,
      "gross_margin": null,
      "op_margin": null,
      "fcf_margin": 0.4069992596389316,
      "rev_growth_yoy": -0.03069279602539332,
      "rev_growth_yoy_accel": 0.06144073562226822,
      "op_leverage_ratio": 1.6356095526812626,
      "fcf_margin_change": -0.14289303731807823
    },
    {
      "date": "2024-06-30T00:00:00",
      "quarter_label": "2024-06 (Q2)",
      "revenue": 34241000,
      "gross_profit": null,
      "operating_income": null,
      "net_income": null,
      "opex": 32810000,
      "cogs": null,
      "rd": null,
      "sga": null,
      "fcf": 18928000,
      "ocf": 18928000,
      "capex": null,
      "gross_margin": null,
      "op_margin": null,
      "fcf_margin": 0.552787593820274,
      "rev_growth_yoy": -0.058045170696817146,
      "rev_growth_yoy_accel": -0.027352374671423825,
      "fcf_margin_change": 0.1457883341813424
    },
    {
      "date": "2024-09-30T00:00:00",
      "quarter_label": "2024-09 (Q3)",
      "revenue": 34264000,
      "gross_profit": null,
      "operating_income": null,
      "net_income": null,
      "opex": 32696000,
      "cogs": null,
      "rd": null,
      "sga": null,
      "fcf": 16302000,
      "ocf": 16302000,
      "capex": null,
      "gross_margin": null,
      "op_margin": null,
      "fcf_margin": 0.47577632500583705,
      "rev_growth_yoy": -0.03500718168248514,
      "rev_growth_yoy_accel": 0.023037989014332003,
      "fcf_margin_change": -0.07701126881443693
    },
    {
      "date": "2024-12-31T00:00:00",
      "quarter_label": "2024-12 (Q4)",
      "revenue": 35156000,
      "gross_profit": null,
      "operating_income": null,
      "net_income": null,
      "opex": null,
      "cogs": null,
      "rd": null,
      "sga": null,
      "fcf": 20523000,
      "ocf": 20523000,
      "capex": null,
      "gross_margin": null,
      "op_margin": null,
      "fcf_margin": 0.5837694845830015,
      "rev_growth_yoy": 0.06659385334182823,
      "rev_growth_yoy_accel": 0.10160103502431336,
      "fcf_margin_change": 0.10799315957716443
    },
    {
      "date": "2025-03-31T00:00:00",
      "quarter_label": "2025-03 (Q1)",
      "revenue": 34618000,
      "gross_profit": null,
      "operating_income": null,
      "net_income": null,
      "opex": null,
      "cogs": null,
      "rd": null,
      "sga": null,
      "fcf": 12272000,
      "ocf": 12272000,
      "capex": null,
      "gross_margin": null,
      "op_margin": null,
      "fcf_margin": 0.35449766017678663,
      "rev_growth_yoy": -0.014237712853807165,
      "rev_growth_yoy_accel": -0.08083156619563539,
      "fcf_margin_change": -0.22927182440621485
    },
    {
      "date": "2025-06-30T00:00:00",
      "quarter_label": "2025-06 (Q2)",
      "revenue": 37969000,
      "gross_profit": null,
      "operating_income": null,
      "net_income": null,
      "opex": null,
      "cogs": null,
      "rd": null,
      "sga": null,
      "fcf": 22139000,
      "ocf": 22139000,
      "capex": null,
      "gross_margin": null,
      "op_margin": null,
      "fcf_margin": 0.5830809344465222,
      "rev_growth_yoy": 0.10887532490289419,
      "rev_growth_yoy_accel": 0.12311303775670135,
      "fcf_margin_change": 0.22858327426973557
    },
    {
      "date": "2025-09-30T00:00:00",
      "quarter_label": "2025-09 (Q3)",
      "revenue": 37229000,
      "gross_profit": null,
      "operating_income": null,
      "net_income": null,
      "opex": null,
      "cogs": null,
      "rd": null,
      "sga": null,
      "fcf": 17566000,
      "ocf": 17566000,
      "capex": null,
      "gross_margin": null,
      "op_margin": null,
      "fcf_margin": 0.47183647156786374,
      "rev_growth_yoy": 0.08653397151529302,
      "rev_growth_yoy_accel": -0.022341353387601168,
      "fcf_margin_change": -0.11124446287865847
    }
  ],
  "signals": [
    {
      "quarter": "2025-06 (Q2)",
      "signal": "FCF MARGIN EXPANSION",
      "detail": "FCF margin: +35.4% -> +58.3% (+22.9%)",
      "severity": "MEDIUM"
    },
    {
      "quarter": "2025-06 (Q2)",
      "signal": "YoY REVENUE GROWTH ACCELERATION",
      "detail": "YoY growth: +10.9% vs prior quarter YoY: -1.4% (accel: +12.3%)",
      "severity": "MEDIUM"
    },
    {
      "quarter": "2025-03 (Q1)",
      "signal": "YoY REVENUE GROWTH DECELERATION",
      "detail": "YoY growth: -1.4% vs prior quarter YoY: +6.7% (decel: -8.1%)",
      "severity": "WARNING"
    },
    {
      "quarter": "2024-12 (Q4)",
      "signal": "FCF MARGIN EXPANSION",
      "detail": "FCF margin: +47.6% -> +58.4% (+10.8%)",
      "severity": "MEDIUM"
    },
    {
      "quarter": "2024-12 (Q4)",
      "signal": "YoY REVENUE GROWTH ACCELERATION",
      "detail": "YoY growth: +6.7% vs prior quarter YoY: -3.5% (accel: +10.2%)",
      "severity": "MEDIUM"
    },
    {
      "quarter": "2024-06 (Q2)",
      "signal": "FCF MARGIN EXPANSION",
      "detail": "FCF margin: +40.7% -> +55.3% (+14.6%)",
      "severity": "MEDIUM"
    },
    {
      "quarter": "2024-03 (Q1)",
      "signal": "OPERATING LEVERAGE",
      "detail": "Rev growth +6.5% vs OpEx growth +4.0% (leverage: 1.6x)",
      "severity": "MEDIUM"
    },
    {
      "quarter": "2024-03 (Q1)",
      "signal": "YoY REVENUE GROWTH ACCELERATION",
      "detail": "YoY growth: -3.1% vs prior quarter YoY: -9.2% (accel: +6.1%)",
      "severity": "MEDIUM"
    },
    {
      "quarter": "2023-12 (Q4)",
      "signal": "FCF MARGIN EXPANSION",
      "detail": "FCF margin: +46.9% -> +55.0% (+8.1%)",
      "severity": "MEDIUM"
    },
    {
      "quarter": "2023-12 (Q4)",
      "signal": "YoY REVENUE GROWTH DECELERATION",
      "detail": "YoY growth: -9.2% vs prior quarter YoY: +0.3% (decel: -9.5%)",
      "severity": "WARNING"
    },
    {
      "quarter": "2023-09 (Q3)",
      "signal": "YoY REVENUE GROWTH DECELERATION",
      "detail": "YoY growth: +0.3% vs prior quarter YoY: +7.9% (decel: -7.6%)",
      "severity": "WARNING"
    },
    {
      "quarter": "2023-06 (Q2)",
      "signal": "FCF MARGIN EXPANSION",
      "detail": "FCF margin: +43.5% -> +49.2% (+5.7%)",
      "severity": "MEDIUM"
    },
    {
      "quarter": "2023-06 (Q2)",
      "signal": "YoY REVENUE GROWTH DECELERATION",
      "detail": "YoY growth: +7.9% vs prior quarter YoY: +13.7% (decel: -5.8%)",
      "severity": "WARNING"
    },
    {
      "quarter": "2023-03 (Q1)",
      "signal": "YoY REVENUE GROWTH DECELERATION",
      "detail": "YoY growth: +13.7% vs prior quarter YoY: +19.7% (decel: -6.0%)",
      "severity": "WARNING"
    },
    {
      "quarter": "2022-06 (Q2)",
      "signal": "FCF MARGIN EXPANSION",
      "detail": "FCF margin: +51.6% -> +69.7% (+18.1%)",
      "severity": "MEDIUM"
    },
    {
      "quarter": "2022-03 (Q1)",
      "signal": "YoY REVENUE GROWTH DECELERATION",
      "detail": "YoY growth: +16.5% vs prior quarter YoY: +21.7% (decel: -5.2%)",
      "severity": "WARNING"
    },
    {
      "quarter": "2021-09 (Q3)",
      "signal": "OPERATING LEVERAGE",
      "detail": "Rev growth +6.1% vs OpEx growth +2.1% (leverage: 2.8x)",
      "severity": "MEDIUM"
    },
    {
      "quarter": "2021-06 (Q2)",
      "signal": "FCF MARGIN EXPANSION",
      "detail": "FCF margin: +55.9% -> +62.9% (+7.0%)",
      "severity": "MEDIUM"
    },
    {
      "quarter": "2021-06 (Q2)",
      "signal": "OPERATING LEVERAGE",
      "detail": "Rev growth +3.3% vs OpEx growth +0.3% (leverage: 11.3x)",
      "severity": "MEDIUM"
    }
  ],
  "data_quality": {
    "n_quarters": 20,
    "coverage": {
      "revenue": [
        20,
        20
      ],
      "gross_profit": [
        0,
        20
      ],
      "op_income": [
        0,
        20
      ],
      "fcf": [
        20,
        20
      ]
    },
    "gaps": [],
    "warnings": [
      "gross_profit: no data",
      "op_income: no data"
    ]
  },
  "market_cap": null,
  "source": "SEC EDGAR",
  "last_updated": "2026-02-03T00:57:16.151560",
  "sector": "Real Estate",
  "industry": "REIT - Healthcare Facilities"
}