{
  "ticker": "GNK",
  "name": "GENCO SHIPPING & TRADING LIMITED",
  "quarters": [
    {
      "date": "2020-12-31T00:00:00",
      "quarter_label": "2020-12 (Q4)",
      "revenue": 95494000,
      "gross_profit": null,
      "operating_income": -61151000,
      "net_income": -65921000,
      "opex": 156646000,
      "cogs": null,
      "rd": null,
      "sga": null,
      "fcf": 19985000,
      "ocf": 20881000,
      "capex": -896000,
      "gross_margin": null,
      "op_margin": -0.6403648396757912,
      "fcf_margin": 0.20928016419879783
    },
    {
      "date": "2021-03-31T00:00:00",
      "quarter_label": "2021-03 (Q1)",
      "revenue": 87591000,
      "gross_profit": null,
      "operating_income": 6309000,
      "net_income": 1985000,
      "opex": 81282000,
      "cogs": null,
      "rd": null,
      "sga": null,
      "fcf": 13342000,
      "ocf": 13494000,
      "capex": -152000,
      "gross_margin": null,
      "op_margin": 0.07202794807685721,
      "fcf_margin": 0.15232158555102693,
      "fcf_margin_change": -0.0569585786477709
    },
    {
      "date": "2021-06-30T00:00:00",
      "quarter_label": "2021-06 (Q2)",
      "revenue": 121008000,
      "gross_profit": null,
      "operating_income": 36249000,
      "net_income": 32037000,
      "opex": 84759000,
      "cogs": null,
      "rd": null,
      "sga": null,
      "fcf": 48779000,
      "ocf": 49058000,
      "capex": -279000,
      "gross_margin": null,
      "op_margin": 0.2995587068623562,
      "fcf_margin": 0.4031055797963771,
      "op_leverage_ratio": 8.918620091779024,
      "fcf_margin_change": 0.2507839942453502
    },
    {
      "date": "2021-09-30T00:00:00",
      "quarter_label": "2021-09 (Q3)",
      "revenue": 155252000,
      "gross_profit": null,
      "operating_income": 65374000,
      "net_income": 57132000,
      "opex": 89878000,
      "cogs": null,
      "rd": null,
      "sga": null,
      "fcf": 71965000,
      "ocf": 72435000,
      "capex": -470000,
      "gross_margin": null,
      "op_margin": 0.4210831422461546,
      "fcf_margin": 0.463536701620591,
      "op_leverage_ratio": 4.685663536277686,
      "fcf_margin_change": 0.060431121824213896
    },
    {
      "date": "2021-12-31T00:00:00",
      "quarter_label": "2021-12 (Q4)",
      "revenue": 183278000,
      "gross_profit": null,
      "operating_income": 93182000,
      "net_income": 90853000,
      "opex": 90096000,
      "cogs": null,
      "rd": null,
      "sga": null,
      "fcf": 95448000,
      "ocf": 96132000,
      "capex": -684000,
      "gross_margin": null,
      "op_margin": 0.5084189046148474,
      "fcf_margin": 0.5207826362138391,
      "incr_op_margin_yoy": 1.758099425863483,
      "rev_growth_yoy": 0.9192619431587324,
      "op_leverage_ratio": 74.42533878628106,
      "fcf_margin_change": 0.057245934593248116
    },
    {
      "date": "2022-03-31T00:00:00",
      "quarter_label": "2022-03 (Q1)",
      "revenue": 136227000,
      "gross_profit": null,
      "operating_income": 42093000,
      "net_income": 41689000,
      "opex": 94134000,
      "cogs": null,
      "rd": null,
      "sga": null,
      "fcf": 51072000,
      "ocf": 52555000,
      "capex": -1483000,
      "gross_margin": null,
      "op_margin": 0.308991609592812,
      "fcf_margin": 0.3749036534607677,
      "incr_op_margin_yoy": 0.7357512953367875,
      "rev_growth_yoy": 0.5552625269719492,
      "rev_growth_yoy_accel": -0.3639994161867832,
      "fcf_margin_change": -0.14587898275307143
    },
    {
      "date": "2022-06-30T00:00:00",
      "quarter_label": "2022-06 (Q2)",
      "revenue": 137764000,
      "gross_profit": null,
      "operating_income": 49195000,
      "net_income": 47382000,
      "opex": 88569000,
      "cogs": null,
      "rd": null,
      "sga": null,
      "fcf": 46160000,
      "ocf": 46604000,
      "capex": -444000,
      "gross_margin": null,
      "op_margin": 0.3570961934903168,
      "fcf_margin": 0.3350657646409802,
      "incr_op_margin_yoy": 0.7726187634280258,
      "rev_growth_yoy": 0.13847018378950152,
      "rev_growth_yoy_accel": -0.41679234318244773,
      "op_leverage_ratio": Infinity,
      "fcf_margin_change": -0.039837888819787504
    },
    {
      "date": "2022-09-30T00:00:00",
      "quarter_label": "2022-09 (Q3)",
      "revenue": 135970000,
      "gross_profit": null,
      "operating_income": 45178000,
      "net_income": 40828000,
      "opex": 90792000,
      "cogs": null,
      "rd": null,
      "sga": null,
      "fcf": 53287000,
      "ocf": 54289000,
      "capex": -1002000,
      "gross_margin": null,
      "op_margin": 0.33226447010369936,
      "fcf_margin": 0.3919026255791719,
      "incr_op_margin_yoy": 1.04740172181309,
      "rev_growth_yoy": -0.12419807796356891,
      "rev_growth_yoy_accel": -0.26266826175307045,
      "fcf_margin_change": 0.05683686093819168
    },
    {
      "date": "2022-12-31T00:00:00",
      "quarter_label": "2022-12 (Q4)",
      "revenue": 126973000,
      "gross_profit": null,
      "operating_income": 30771000,
      "net_income": 28677000,
      "opex": 96202000,
      "cogs": null,
      "rd": null,
      "sga": null,
      "fcf": 35238000,
      "ocf": 35875000,
      "capex": -637000,
      "gross_margin": null,
      "op_margin": 0.24234286029313318,
      "fcf_margin": 0.2775235680026462,
      "incr_op_margin_yoy": 1.1084450759257616,
      "rev_growth_yoy": -0.30721090365455755,
      "rev_growth_yoy_accel": -0.18301282569098865,
      "fcf_margin_change": -0.11437905757652567
    },
    {
      "date": "2023-03-31T00:00:00",
      "quarter_label": "2023-03 (Q1)",
      "revenue": 94391000,
      "gross_profit": null,
      "operating_income": 4443000,
      "net_income": 2634000,
      "opex": 89948000,
      "cogs": null,
      "rd": null,
      "sga": null,
      "fcf": 18481000,
      "ocf": 19566000,
      "capex": -1085000,
      "gross_margin": null,
      "op_margin": 0.04707016558782087,
      "fcf_margin": 0.19579197169221643,
      "incr_op_margin_yoy": 0.8999426331389234,
      "rev_growth_yoy": -0.30710505259603454,
      "rev_growth_yoy_accel": 0.00010585105852300991,
      "fcf_margin_change": -0.08173159631042978
    },
    {
      "date": "2023-06-30T00:00:00",
      "quarter_label": "2023-06 (Q2)",
      "revenue": 90556000,
      "gross_profit": null,
      "operating_income": 13027000,
      "net_income": 11562000,
      "opex": 77529000,
      "cogs": null,
      "rd": null,
      "sga": null,
      "fcf": 18665000,
      "ocf": 19382000,
      "capex": -717000,
      "gross_margin": null,
      "op_margin": 0.14385573567737092,
      "fcf_margin": 0.20611555280710278,
      "incr_op_margin_yoy": 0.7661413319776309,
      "rev_growth_yoy": -0.3426729769751169,
      "rev_growth_yoy_accel": -0.03556792437908235,
      "fcf_margin_change": 0.010323581114886349
    },
    {
      "date": "2023-09-30T00:00:00",
      "quarter_label": "2023-09 (Q3)",
      "revenue": 83361000,
      "gross_profit": null,
      "operating_income": -30353000,
      "net_income": -32004000,
      "opex": 113714000,
      "cogs": null,
      "rd": null,
      "sga": null,
      "fcf": 12851000,
      "ocf": 13218000,
      "capex": -367000,
      "gross_margin": null,
      "op_margin": -0.3641151137822243,
      "fcf_margin": 0.15416081860822206,
      "incr_op_margin_yoy": 1.4357049174095686,
      "rev_growth_yoy": -0.3869162315216592,
      "rev_growth_yoy_accel": -0.04424325454654232,
      "fcf_margin_change": -0.05195473419888072
    },
    {
      "date": "2023-12-31T00:00:00",
      "quarter_label": "2023-12 (Q4)",
      "revenue": 115516000,
      "gross_profit": null,
      "operating_income": 7037000,
      "net_income": 4938000,
      "opex": 108479000,
      "cogs": null,
      "rd": null,
      "sga": null,
      "fcf": 39080000,
      "ocf": 39618000,
      "capex": -538000,
      "gross_margin": null,
      "op_margin": 0.06091796807368676,
      "fcf_margin": 0.3383081131618131,
      "incr_op_margin_yoy": 2.071571964737715,
      "rev_growth_yoy": -0.09023178155985918,
      "rev_growth_yoy_accel": 0.29668444996180005,
      "op_leverage_ratio": Infinity,
      "fcf_margin_change": 0.18414729455359102
    },
    {
      "date": "2024-03-31T00:00:00",
      "quarter_label": "2024-03 (Q1)",
      "revenue": 117435000,
      "gross_profit": null,
      "operating_income": 22093000,
      "net_income": 18798000,
      "opex": 95342000,
      "cogs": null,
      "rd": null,
      "sga": null,
      "fcf": 32011000,
      "ocf": 32251000,
      "capex": -240000,
      "gross_margin": null,
      "op_margin": 0.18812960361050793,
      "fcf_margin": 0.27258483416357987,
      "incr_op_margin_yoy": 0.7659260545044263,
      "rev_growth_yoy": 0.24413344492589337,
      "rev_growth_yoy_accel": 0.33436522648575256,
      "op_leverage_ratio": Infinity,
      "fcf_margin_change": -0.06572327899823321
    },
    {
      "date": "2024-06-30T00:00:00",
      "quarter_label": "2024-06 (Q2)",
      "revenue": 107047000,
      "gross_profit": null,
      "operating_income": 26314000,
      "net_income": 23467000,
      "opex": 80733000,
      "cogs": null,
      "rd": null,
      "sga": null,
      "fcf": 27890000,
      "ocf": 29032000,
      "capex": -1142000,
      "gross_margin": null,
      "op_margin": 0.2458172578400142,
      "fcf_margin": 0.2605397629078816,
      "incr_op_margin_yoy": 0.8057122066581772,
      "rev_growth_yoy": 0.18210830867087768,
      "rev_growth_yoy_accel": -0.062025136255015684,
      "fcf_margin_change": -0.012045071255698259
    },
    {
      "date": "2024-09-30T00:00:00",
      "quarter_label": "2024-09 (Q3)",
      "revenue": 99332000,
      "gross_profit": null,
      "operating_income": 24034000,
      "net_income": 21459000,
      "opex": 75298000,
      "cogs": null,
      "rd": null,
      "sga": null,
      "fcf": 34686000,
      "ocf": 35572000,
      "capex": -886000,
      "gross_margin": null,
      "op_margin": 0.2419562678693674,
      "fcf_margin": 0.3491926066121693,
      "incr_op_margin_yoy": 3.4053597144824996,
      "rev_growth_yoy": 0.191588392653639,
      "rev_growth_yoy_accel": 0.009480083982761317,
      "fcf_margin_change": 0.08865284370428766
    },
    {
      "date": "2024-12-31T00:00:00",
      "quarter_label": "2024-12 (Q4)",
      "revenue": 99202000,
      "gross_profit": null,
      "operating_income": 14608000,
      "net_income": 12677000,
      "opex": 84594000,
      "cogs": null,
      "rd": null,
      "sga": null,
      "fcf": 29263000,
      "ocf": 29994000,
      "capex": -731000,
      "gross_margin": null,
      "op_margin": 0.14725509566339387,
      "fcf_margin": 0.29498397209733673,
      "incr_op_margin_yoy": -0.46407993134730907,
      "rev_growth_yoy": -0.14122718930710898,
      "rev_growth_yoy_accel": -0.332815581960748,
      "fcf_margin_change": -0.05420863451483254
    },
    {
      "date": "2025-03-31T00:00:00",
      "quarter_label": "2025-03 (Q1)",
      "revenue": 71269000,
      "gross_profit": null,
      "operating_income": -9770000,
      "net_income": -11923000,
      "opex": 81039000,
      "cogs": null,
      "rd": null,
      "sga": null,
      "fcf": 2250000,
      "ocf": 2902000,
      "capex": -652000,
      "gross_margin": null,
      "op_margin": -0.13708625068402813,
      "fcf_margin": 0.03157052856080484,
      "incr_op_margin_yoy": 0.6901832517437075,
      "rev_growth_yoy": -0.39311959807553115,
      "rev_growth_yoy_accel": -0.25189240876842217,
      "fcf_margin_change": -0.2634134435365319
    },
    {
      "date": "2025-06-30T00:00:00",
      "quarter_label": "2025-06 (Q2)",
      "revenue": 80939000,
      "gross_profit": null,
      "operating_income": -4262000,
      "net_income": -6801000,
      "opex": 85201000,
      "cogs": null,
      "rd": null,
      "sga": null,
      "fcf": 4327000,
      "ocf": 5401000,
      "capex": -1074000,
      "gross_margin": null,
      "op_margin": -0.052656939176416805,
      "fcf_margin": 0.053460013096282386,
      "incr_op_margin_yoy": 1.1711352842040754,
      "rev_growth_yoy": -0.24389286948723457,
      "rev_growth_yoy_accel": 0.14922672858829658,
      "op_leverage_ratio": 2.6419087083408344,
      "fcf_margin_change": 0.021889484535477545
    },
    {
      "date": "2025-09-30T00:00:00",
      "quarter_label": "2025-09 (Q3)",
      "revenue": 79921000,
      "gross_profit": null,
      "operating_income": 2467000,
      "net_income": -1053000,
      "opex": 77454000,
      "cogs": null,
      "rd": null,
      "sga": null,
      "fcf": 6530000,
      "ocf": 7690000,
      "capex": -1160000,
      "gross_margin": null,
      "op_margin": 0.0308679821323557,
      "fcf_margin": 0.08170568436330877,
      "incr_op_margin_yoy": 1.1110710421925711,
      "rev_growth_yoy": -0.19541537470301615,
      "rev_growth_yoy_accel": 0.04847749478421842,
      "fcf_margin_change": 0.028245671267026387
    }
  ],
  "signals": [
    {
      "quarter": "2025-09 (Q3)",
      "signal": "INCREMENTAL MARGIN (YoY)",
      "detail": "YoY Incr OPM: +111.1% vs year-ago OPM: +24.2%",
      "severity": "HIGH"
    },
    {
      "quarter": "2025-09 (Q3)",
      "signal": "OP MARGIN TURNED POSITIVE (QoQ)",
      "detail": "Op margin: -5.3% -> +3.1%",
      "severity": "HIGH"
    },
    {
      "quarter": "2025-06 (Q2)",
      "signal": "OPERATING LEVERAGE",
      "detail": "Rev growth +13.6% vs OpEx growth +5.1% (leverage: 2.6x)",
      "severity": "MEDIUM"
    },
    {
      "quarter": "2025-06 (Q2)",
      "signal": "YoY REVENUE GROWTH ACCELERATION",
      "detail": "YoY growth: -24.4% vs prior quarter YoY: -39.3% (accel: +14.9%)",
      "severity": "MEDIUM"
    },
    {
      "quarter": "2025-03 (Q1)",
      "signal": "YoY REVENUE GROWTH DECELERATION",
      "detail": "YoY growth: -39.3% vs prior quarter YoY: -14.1% (decel: -25.2%)",
      "severity": "WARNING"
    },
    {
      "quarter": "2024-12 (Q4)",
      "signal": "YoY REVENUE GROWTH DECELERATION",
      "detail": "YoY growth: -14.1% vs prior quarter YoY: +19.2% (decel: -33.3%)",
      "severity": "WARNING"
    },
    {
      "quarter": "2024-09 (Q3)",
      "signal": "FCF MARGIN EXPANSION",
      "detail": "FCF margin: +26.1% -> +34.9% (+8.9%)",
      "severity": "MEDIUM"
    },
    {
      "quarter": "2024-09 (Q3)",
      "signal": "OP MARGIN TURNED POSITIVE (YoY)",
      "detail": "Op margin: -36.4% (year-ago) -> +24.2%",
      "severity": "HIGH"
    },
    {
      "quarter": "2024-06 (Q2)",
      "signal": "YoY REVENUE GROWTH DECELERATION",
      "detail": "YoY growth: +18.2% vs prior quarter YoY: +24.4% (decel: -6.2%)",
      "severity": "WARNING"
    },
    {
      "quarter": "2024-06 (Q2)",
      "signal": "INCREMENTAL MARGIN (YoY)",
      "detail": "YoY Incr OPM: +80.6% vs year-ago OPM: +14.4%",
      "severity": "HIGH"
    },
    {
      "quarter": "2024-03 (Q1)",
      "signal": "YoY REVENUE GROWTH ACCELERATION",
      "detail": "YoY growth: +24.4% vs prior quarter YoY: -9.0% (accel: +33.4%)",
      "severity": "HIGH"
    },
    {
      "quarter": "2024-03 (Q1)",
      "signal": "INCREMENTAL MARGIN (YoY)",
      "detail": "YoY Incr OPM: +76.6% vs year-ago OPM: +4.7%",
      "severity": "HIGH"
    },
    {
      "quarter": "2023-12 (Q4)",
      "signal": "FCF MARGIN EXPANSION",
      "detail": "FCF margin: +15.4% -> +33.8% (+18.4%)",
      "severity": "MEDIUM"
    },
    {
      "quarter": "2023-12 (Q4)",
      "signal": "YoY REVENUE GROWTH ACCELERATION",
      "detail": "YoY growth: -9.0% vs prior quarter YoY: -38.7% (accel: +29.7%)",
      "severity": "HIGH"
    },
    {
      "quarter": "2023-12 (Q4)",
      "signal": "INCREMENTAL MARGIN (YoY)",
      "detail": "YoY Incr OPM: +207.2% vs year-ago OPM: +24.2%",
      "severity": "HIGH"
    },
    {
      "quarter": "2023-12 (Q4)",
      "signal": "OP MARGIN TURNED POSITIVE (QoQ)",
      "detail": "Op margin: -36.4% -> +6.1%",
      "severity": "HIGH"
    },
    {
      "quarter": "2023-06 (Q2)",
      "signal": "INCREMENTAL MARGIN (YoY)",
      "detail": "YoY Incr OPM: +76.6% vs year-ago OPM: +35.7%",
      "severity": "HIGH"
    },
    {
      "quarter": "2023-03 (Q1)",
      "signal": "INCREMENTAL MARGIN (YoY)",
      "detail": "YoY Incr OPM: +90.0% vs year-ago OPM: +30.9%",
      "severity": "HIGH"
    },
    {
      "quarter": "2022-12 (Q4)",
      "signal": "YoY REVENUE GROWTH DECELERATION",
      "detail": "YoY growth: -30.7% vs prior quarter YoY: -12.4% (decel: -18.3%)",
      "severity": "WARNING"
    },
    {
      "quarter": "2022-12 (Q4)",
      "signal": "INCREMENTAL MARGIN (YoY)",
      "detail": "YoY Incr OPM: +110.8% vs year-ago OPM: +50.8%",
      "severity": "HIGH"
    },
    {
      "quarter": "2022-09 (Q3)",
      "signal": "FCF MARGIN EXPANSION",
      "detail": "FCF margin: +33.5% -> +39.2% (+5.7%)",
      "severity": "MEDIUM"
    },
    {
      "quarter": "2022-09 (Q3)",
      "signal": "YoY REVENUE GROWTH DECELERATION",
      "detail": "YoY growth: -12.4% vs prior quarter YoY: +13.8% (decel: -26.3%)",
      "severity": "WARNING"
    },
    {
      "quarter": "2022-09 (Q3)",
      "signal": "INCREMENTAL MARGIN (YoY)",
      "detail": "YoY Incr OPM: +104.7% vs year-ago OPM: +42.1%",
      "severity": "HIGH"
    },
    {
      "quarter": "2022-06 (Q2)",
      "signal": "YoY REVENUE GROWTH DECELERATION",
      "detail": "YoY growth: +13.8% vs prior quarter YoY: +55.5% (decel: -41.7%)",
      "severity": "WARNING"
    },
    {
      "quarter": "2022-06 (Q2)",
      "signal": "INCREMENTAL MARGIN (YoY)",
      "detail": "YoY Incr OPM: +77.3% vs year-ago OPM: +30.0%",
      "severity": "HIGH"
    },
    {
      "quarter": "2022-03 (Q1)",
      "signal": "YoY REVENUE GROWTH DECELERATION",
      "detail": "YoY growth: +55.5% vs prior quarter YoY: +91.9% (decel: -36.4%)",
      "severity": "WARNING"
    },
    {
      "quarter": "2022-03 (Q1)",
      "signal": "INCREMENTAL MARGIN (YoY)",
      "detail": "YoY Incr OPM: +73.6% vs year-ago OPM: +7.2%",
      "severity": "HIGH"
    },
    {
      "quarter": "2021-12 (Q4)",
      "signal": "FCF MARGIN EXPANSION",
      "detail": "FCF margin: +46.4% -> +52.1% (+5.7%)",
      "severity": "MEDIUM"
    },
    {
      "quarter": "2021-12 (Q4)",
      "signal": "OPERATING LEVERAGE",
      "detail": "Rev growth +18.1% vs OpEx growth +0.2% (leverage: 74.4x)",
      "severity": "MEDIUM"
    },
    {
      "quarter": "2021-12 (Q4)",
      "signal": "OP MARGIN TURNED POSITIVE (YoY)",
      "detail": "Op margin: -64.0% (year-ago) -> +50.8%",
      "severity": "HIGH"
    },
    {
      "quarter": "2021-09 (Q3)",
      "signal": "FCF MARGIN EXPANSION",
      "detail": "FCF margin: +40.3% -> +46.4% (+6.0%)",
      "severity": "MEDIUM"
    },
    {
      "quarter": "2021-09 (Q3)",
      "signal": "OPERATING LEVERAGE",
      "detail": "Rev growth +28.3% vs OpEx growth +6.0% (leverage: 4.7x)",
      "severity": "MEDIUM"
    },
    {
      "quarter": "2021-06 (Q2)",
      "signal": "FCF MARGIN EXPANSION",
      "detail": "FCF margin: +15.2% -> +40.3% (+25.1%)",
      "severity": "MEDIUM"
    },
    {
      "quarter": "2021-06 (Q2)",
      "signal": "OPERATING LEVERAGE",
      "detail": "Rev growth +38.2% vs OpEx growth +4.3% (leverage: 8.9x)",
      "severity": "MEDIUM"
    },
    {
      "quarter": "2021-03 (Q1)",
      "signal": "OP MARGIN TURNED POSITIVE (QoQ)",
      "detail": "Op margin: -64.0% -> +7.2%",
      "severity": "HIGH"
    }
  ],
  "data_quality": {
    "n_quarters": 20,
    "coverage": {
      "revenue": [
        20,
        20
      ],
      "gross_profit": [
        0,
        20
      ],
      "op_income": [
        20,
        20
      ],
      "fcf": [
        20,
        20
      ]
    },
    "gaps": [],
    "warnings": [
      "gross_profit: no data"
    ]
  },
  "market_cap": null,
  "source": "SEC EDGAR",
  "last_updated": "2026-02-02T22:05:34.730558"
}