{
  "ticker": "GNL-PE",
  "name": "Global Net Lease, Inc.",
  "quarters": [
    {
      "date": "2020-12-31T00:00:00",
      "quarter_label": "2020-12 (Q4)",
      "revenue": 87042000,
      "gross_profit": null,
      "operating_income": 25126000,
      "net_income": null,
      "opex": 61916000,
      "cogs": null,
      "rd": null,
      "sga": null,
      "fcf": 40523000,
      "ocf": 40523000,
      "capex": null,
      "gross_margin": null,
      "op_margin": 0.2886652420670481,
      "fcf_margin": 0.46555685760897036
    },
    {
      "date": "2021-03-31T00:00:00",
      "quarter_label": "2021-03 (Q1)",
      "revenue": 89390000,
      "gross_profit": null,
      "operating_income": 25775000,
      "net_income": null,
      "opex": 63615000,
      "cogs": null,
      "rd": null,
      "sga": null,
      "fcf": 53220000,
      "ocf": 53220000,
      "capex": null,
      "gross_margin": null,
      "op_margin": 0.2883432151247343,
      "fcf_margin": 0.5953686094641458,
      "op_leverage_ratio": 0.9830570992504832,
      "fcf_margin_change": 0.12981175185517546
    },
    {
      "date": "2021-06-30T00:00:00",
      "quarter_label": "2021-06 (Q2)",
      "revenue": 99564000,
      "gross_profit": null,
      "operating_income": 28966000,
      "net_income": null,
      "opex": 70591000,
      "cogs": null,
      "rd": null,
      "sga": null,
      "fcf": 4678000,
      "ocf": 4678000,
      "capex": null,
      "gross_margin": null,
      "op_margin": 0.2909284480334257,
      "fcf_margin": 0.0469848539632799,
      "op_leverage_ratio": 1.0379008212902743,
      "fcf_margin_change": -0.5483837555008659
    },
    {
      "date": "2021-09-30T00:00:00",
      "quarter_label": "2021-09 (Q3)",
      "revenue": 95758000,
      "gross_profit": null,
      "operating_income": 30776000,
      "net_income": null,
      "opex": 66177000,
      "cogs": null,
      "rd": null,
      "sga": null,
      "fcf": 100165000,
      "ocf": 100165000,
      "capex": null,
      "gross_margin": null,
      "op_margin": 0.32139351281355083,
      "fcf_margin": 1.046022264458322,
      "fcf_margin_change": 0.999037410495042
    },
    {
      "date": "2021-12-31T00:00:00",
      "quarter_label": "2021-12 (Q4)",
      "revenue": 106516000,
      "gross_profit": null,
      "operating_income": 26396000,
      "net_income": null,
      "opex": 80416000,
      "cogs": null,
      "rd": null,
      "sga": null,
      "fcf": 34430000,
      "ocf": 34430000,
      "capex": null,
      "gross_margin": null,
      "op_margin": 0.24781253520597846,
      "fcf_margin": 0.32323782342558866,
      "incr_op_margin_yoy": 0.0652151586731026,
      "rev_growth_yoy": 0.22373107235587417,
      "op_leverage_ratio": 0.5221365058209738,
      "fcf_margin_change": -0.7227844410327333
    },
    {
      "date": "2022-03-31T00:00:00",
      "quarter_label": "2022-03 (Q1)",
      "revenue": 97133000,
      "gross_profit": null,
      "operating_income": 32849000,
      "net_income": null,
      "opex": 64284000,
      "cogs": null,
      "rd": null,
      "sga": null,
      "fcf": 61819000,
      "ocf": 61819000,
      "capex": null,
      "gross_margin": null,
      "op_margin": 0.33818578649892417,
      "fcf_margin": 0.6364366384236048,
      "incr_op_margin_yoy": 0.9135993800852383,
      "rev_growth_yoy": 0.08662042734086586,
      "rev_growth_yoy_accel": -0.1371106450150083,
      "fcf_margin_change": 0.3131988149980161
    },
    {
      "date": "2022-06-30T00:00:00",
      "quarter_label": "2022-06 (Q2)",
      "revenue": 95177000,
      "gross_profit": null,
      "operating_income": 14804000,
      "net_income": null,
      "opex": 80435000,
      "cogs": null,
      "rd": null,
      "sga": null,
      "fcf": 44074000,
      "ocf": 44074000,
      "capex": null,
      "gross_margin": null,
      "op_margin": 0.1555417800519033,
      "fcf_margin": 0.46307406201077994,
      "incr_op_margin_yoy": 3.2281741509003874,
      "rev_growth_yoy": -0.044062110803101524,
      "rev_growth_yoy_accel": -0.13068253814396738,
      "fcf_margin_change": -0.17336257641282482
    },
    {
      "date": "2022-09-30T00:00:00",
      "quarter_label": "2022-09 (Q3)",
      "revenue": 92599000,
      "gross_profit": null,
      "operating_income": 29007000,
      "net_income": null,
      "opex": 63735000,
      "cogs": null,
      "rd": null,
      "sga": null,
      "fcf": 53713000,
      "ocf": 53713000,
      "capex": null,
      "gross_margin": null,
      "op_margin": 0.31325392282854025,
      "fcf_margin": 0.5800602598300197,
      "incr_op_margin_yoy": 0.5599873377651156,
      "rev_growth_yoy": -0.03298941080640782,
      "rev_growth_yoy_accel": 0.011072699996693705,
      "fcf_margin_change": 0.1169861978192398
    },
    {
      "date": "2022-12-31T00:00:00",
      "quarter_label": "2022-12 (Q4)",
      "revenue": 93948000,
      "gross_profit": null,
      "operating_income": 23883000,
      "net_income": null,
      "opex": 70185000,
      "cogs": null,
      "rd": null,
      "sga": null,
      "fcf": 22214000,
      "ocf": 22214000,
      "capex": null,
      "gross_margin": null,
      "op_margin": 0.2542150977136288,
      "fcf_margin": 0.23644995103674374,
      "incr_op_margin_yoy": 0.19995225970719288,
      "rev_growth_yoy": -0.11799166322430434,
      "rev_growth_yoy_accel": -0.08500225241789652,
      "op_leverage_ratio": 0.14395406349508522,
      "fcf_margin_change": -0.34361030879327603
    },
    {
      "date": "2023-03-31T00:00:00",
      "quarter_label": "2023-03 (Q1)",
      "revenue": 94332000,
      "gross_profit": null,
      "operating_income": 30372000,
      "net_income": null,
      "opex": 63960000,
      "cogs": null,
      "rd": null,
      "sga": null,
      "fcf": 63015000,
      "ocf": 63015000,
      "capex": null,
      "gross_margin": null,
      "op_margin": 0.3219692151125811,
      "fcf_margin": 0.6680129754484162,
      "incr_op_margin_yoy": 0.8843270260621207,
      "rev_growth_yoy": -0.028836749611357623,
      "rev_growth_yoy_accel": 0.08915491361294671,
      "fcf_margin_change": 0.4315630244116725
    },
    {
      "date": "2023-06-30T00:00:00",
      "quarter_label": "2023-06 (Q2)",
      "revenue": 95844000,
      "gross_profit": null,
      "operating_income": 4488000,
      "net_income": null,
      "opex": 91356000,
      "cogs": null,
      "rd": null,
      "sga": null,
      "fcf": 21343000,
      "ocf": 21343000,
      "capex": null,
      "gross_margin": null,
      "op_margin": 0.046826092400150246,
      "fcf_margin": 0.2226847794332457,
      "rev_growth_yoy": 0.00700799562919613,
      "rev_growth_yoy_accel": 0.035844745240553755,
      "op_leverage_ratio": 0.037420884317045454,
      "fcf_margin_change": -0.4453281960151705
    },
    {
      "date": "2023-09-30T00:00:00",
      "quarter_label": "2023-09 (Q3)",
      "revenue": 118168000,
      "gross_profit": null,
      "operating_income": -95558000,
      "net_income": null,
      "opex": 213042000,
      "cogs": null,
      "rd": null,
      "sga": null,
      "fcf": 3593000,
      "ocf": 3593000,
      "capex": null,
      "gross_margin": null,
      "op_margin": -0.8086622435854038,
      "fcf_margin": 0.030405862839347368,
      "incr_op_margin_yoy": -4.871719660526419,
      "rev_growth_yoy": 0.27612609207442845,
      "rev_growth_yoy_accel": 0.2691180964452323,
      "op_leverage_ratio": 0.17486526234126396,
      "fcf_margin_change": -0.1922789165938983
    },
    {
      "date": "2023-12-31T00:00:00",
      "quarter_label": "2023-12 (Q4)",
      "revenue": 206726000,
      "gross_profit": null,
      "operating_income": 45316000,
      "net_income": null,
      "opex": 160422000,
      "cogs": null,
      "rd": null,
      "sga": null,
      "fcf": 55792000,
      "ocf": 55792000,
      "capex": null,
      "gross_margin": null,
      "op_margin": 0.21920803382254772,
      "fcf_margin": 0.2698838075520254,
      "incr_op_margin_yoy": 0.19004593094397843,
      "rev_growth_yoy": 1.2004300251202793,
      "rev_growth_yoy_accel": 0.9243039330458509,
      "op_leverage_ratio": Infinity,
      "fcf_margin_change": 0.23947794471267803
    },
    {
      "date": "2024-03-31T00:00:00",
      "quarter_label": "2024-03 (Q1)",
      "revenue": 206045000,
      "gross_profit": null,
      "operating_income": 58844000,
      "net_income": null,
      "opex": 153068000,
      "cogs": null,
      "rd": null,
      "sga": null,
      "fcf": 92186000,
      "ocf": 92186000,
      "capex": null,
      "gross_margin": null,
      "op_margin": 0.2855880996869616,
      "fcf_margin": 0.44740711980392633,
      "incr_op_margin_yoy": 0.2548673833842077,
      "rev_growth_yoy": 1.1842534876818047,
      "rev_growth_yoy_accel": -0.01617653743847458,
      "fcf_margin_change": 0.17752331225190093
    },
    {
      "date": "2024-06-30T00:00:00",
      "quarter_label": "2024-06 (Q2)",
      "revenue": 203286000,
      "gross_profit": null,
      "operating_income": 65852000,
      "net_income": null,
      "opex": 171536000,
      "cogs": null,
      "rd": null,
      "sga": null,
      "fcf": 70359000,
      "ocf": 70359000,
      "capex": null,
      "gross_margin": null,
      "op_margin": 0.3239377035309859,
      "fcf_margin": 0.34610843835778166,
      "incr_op_margin_yoy": 0.5711360548016604,
      "rev_growth_yoy": 1.12100913985226,
      "rev_growth_yoy_accel": -0.0632443478295448,
      "fcf_margin_change": -0.10129868144614468
    },
    {
      "date": "2024-09-30T00:00:00",
      "quarter_label": "2024-09 (Q3)",
      "revenue": 196564000,
      "gross_profit": null,
      "operating_income": 17948000,
      "net_income": null,
      "opex": 174336000,
      "cogs": null,
      "rd": null,
      "sga": null,
      "fcf": 62126000,
      "ocf": 62126000,
      "capex": null,
      "gross_margin": null,
      "op_margin": 0.09130868317698053,
      "fcf_margin": 0.31605990924075616,
      "incr_op_margin_yoy": 1.4478544823715496,
      "rev_growth_yoy": 0.6634283393135197,
      "rev_growth_yoy_accel": -0.4575808005387402,
      "fcf_margin_change": -0.03004852911702549
    },
    {
      "date": "2024-12-31T00:00:00",
      "quarter_label": "2024-12 (Q4)",
      "revenue": 199115000,
      "gross_profit": null,
      "operating_income": 63840000,
      "net_income": null,
      "opex": 156601000,
      "cogs": null,
      "rd": null,
      "sga": null,
      "fcf": 74799000,
      "ocf": 74799000,
      "capex": null,
      "gross_margin": null,
      "op_margin": 0.32061873791527506,
      "fcf_margin": 0.3756572834793963,
      "incr_op_margin_yoy": -2.4338457495729866,
      "rev_growth_yoy": -0.036816849356152585,
      "rev_growth_yoy_accel": -0.7002451886696723,
      "op_leverage_ratio": Infinity,
      "fcf_margin_change": 0.059597374238640144
    },
    {
      "date": "2025-03-31T00:00:00",
      "quarter_label": "2025-03 (Q1)",
      "revenue": 132415000,
      "gross_profit": null,
      "operating_income": -27874000,
      "net_income": null,
      "opex": 158611000,
      "cogs": null,
      "rd": null,
      "sga": null,
      "fcf": 59167000,
      "ocf": 59167000,
      "capex": null,
      "gross_margin": null,
      "op_margin": -0.21050485216931616,
      "fcf_margin": 0.4468300419136805,
      "incr_op_margin_yoy": 1.177753633030015,
      "rev_growth_yoy": -0.35734912276444464,
      "rev_growth_yoy_accel": -0.32053227340829205,
      "fcf_margin_change": 0.07117275843428417
    },
    {
      "date": "2025-06-30T00:00:00",
      "quarter_label": "2025-06 (Q2)",
      "revenue": 124905000,
      "gross_profit": null,
      "operating_income": 42297000,
      "net_income": null,
      "opex": 84145000,
      "cogs": null,
      "rd": null,
      "sga": null,
      "fcf": 52027000,
      "ocf": 52027000,
      "capex": null,
      "gross_margin": null,
      "op_margin": 0.3386333613546295,
      "fcf_margin": 0.4165325647492094,
      "incr_op_margin_yoy": 0.30051925849376765,
      "rev_growth_yoy": -0.3855700835276409,
      "rev_growth_yoy_accel": -0.028220960763196246,
      "fcf_margin_change": -0.030297477164471065
    },
    {
      "date": "2025-09-30T00:00:00",
      "quarter_label": "2025-09 (Q3)",
      "revenue": 121013000,
      "gross_profit": null,
      "operating_income": -14182000,
      "net_income": null,
      "opex": 129398000,
      "cogs": null,
      "rd": null,
      "sga": null,
      "fcf": 56034000,
      "ocf": 56034000,
      "capex": null,
      "gross_margin": null,
      "op_margin": -0.11719402047713882,
      "fcf_margin": 0.4630411608670143,
      "incr_op_margin_yoy": 0.4252756416195682,
      "rev_growth_yoy": -0.38435827516737553,
      "rev_growth_yoy_accel": 0.001211808360265354,
      "fcf_margin_change": 0.04650859611780489
    }
  ],
  "signals": [
    {
      "quarter": "2025-06 (Q2)",
      "signal": "OP MARGIN TURNED POSITIVE (QoQ)",
      "detail": "Op margin: -21.1% -> +33.9%",
      "severity": "HIGH"
    },
    {
      "quarter": "2025-03 (Q1)",
      "signal": "FCF MARGIN EXPANSION",
      "detail": "FCF margin: +37.6% -> +44.7% (+7.1%)",
      "severity": "MEDIUM"
    },
    {
      "quarter": "2025-03 (Q1)",
      "signal": "YoY REVENUE GROWTH DECELERATION",
      "detail": "YoY growth: -35.7% vs prior quarter YoY: -3.7% (decel: -32.1%)",
      "severity": "WARNING"
    },
    {
      "quarter": "2024-12 (Q4)",
      "signal": "FCF MARGIN EXPANSION",
      "detail": "FCF margin: +31.6% -> +37.6% (+6.0%)",
      "severity": "MEDIUM"
    },
    {
      "quarter": "2024-12 (Q4)",
      "signal": "YoY REVENUE GROWTH DECELERATION",
      "detail": "YoY growth: -3.7% vs prior quarter YoY: +66.3% (decel: -70.0%)",
      "severity": "WARNING"
    },
    {
      "quarter": "2024-09 (Q3)",
      "signal": "YoY REVENUE GROWTH DECELERATION",
      "detail": "YoY growth: +66.3% vs prior quarter YoY: +112.1% (decel: -45.8%)",
      "severity": "WARNING"
    },
    {
      "quarter": "2024-09 (Q3)",
      "signal": "OP MARGIN TURNED POSITIVE (YoY)",
      "detail": "Op margin: -80.9% (year-ago) -> +9.1%",
      "severity": "HIGH"
    },
    {
      "quarter": "2024-06 (Q2)",
      "signal": "YoY REVENUE GROWTH DECELERATION",
      "detail": "YoY growth: +112.1% vs prior quarter YoY: +118.4% (decel: -6.3%)",
      "severity": "WARNING"
    },
    {
      "quarter": "2024-06 (Q2)",
      "signal": "INCREMENTAL MARGIN (YoY)",
      "detail": "YoY Incr OPM: +57.1% vs year-ago OPM: +4.7%",
      "severity": "HIGH"
    },
    {
      "quarter": "2024-03 (Q1)",
      "signal": "FCF MARGIN EXPANSION",
      "detail": "FCF margin: +27.0% -> +44.7% (+17.8%)",
      "severity": "MEDIUM"
    },
    {
      "quarter": "2023-12 (Q4)",
      "signal": "FCF MARGIN EXPANSION",
      "detail": "FCF margin: +3.0% -> +27.0% (+23.9%)",
      "severity": "MEDIUM"
    },
    {
      "quarter": "2023-12 (Q4)",
      "signal": "YoY REVENUE GROWTH ACCELERATION",
      "detail": "YoY growth: +120.0% vs prior quarter YoY: +27.6% (accel: +92.4%)",
      "severity": "HIGH"
    },
    {
      "quarter": "2023-12 (Q4)",
      "signal": "OP MARGIN TURNED POSITIVE (QoQ)",
      "detail": "Op margin: -80.9% -> +21.9%",
      "severity": "HIGH"
    },
    {
      "quarter": "2023-09 (Q3)",
      "signal": "YoY REVENUE GROWTH ACCELERATION",
      "detail": "YoY growth: +27.6% vs prior quarter YoY: +0.7% (accel: +26.9%)",
      "severity": "HIGH"
    },
    {
      "quarter": "2023-03 (Q1)",
      "signal": "FCF MARGIN EXPANSION",
      "detail": "FCF margin: +23.6% -> +66.8% (+43.2%)",
      "severity": "MEDIUM"
    },
    {
      "quarter": "2023-03 (Q1)",
      "signal": "YoY REVENUE GROWTH ACCELERATION",
      "detail": "YoY growth: -2.9% vs prior quarter YoY: -11.8% (accel: +8.9%)",
      "severity": "MEDIUM"
    },
    {
      "quarter": "2023-03 (Q1)",
      "signal": "INCREMENTAL MARGIN (YoY)",
      "detail": "YoY Incr OPM: +88.4% vs year-ago OPM: +33.8%",
      "severity": "HIGH"
    },
    {
      "quarter": "2022-12 (Q4)",
      "signal": "YoY REVENUE GROWTH DECELERATION",
      "detail": "YoY growth: -11.8% vs prior quarter YoY: -3.3% (decel: -8.5%)",
      "severity": "WARNING"
    },
    {
      "quarter": "2022-09 (Q3)",
      "signal": "FCF MARGIN EXPANSION",
      "detail": "FCF margin: +46.3% -> +58.0% (+11.7%)",
      "severity": "MEDIUM"
    },
    {
      "quarter": "2022-09 (Q3)",
      "signal": "INCREMENTAL MARGIN (YoY)",
      "detail": "YoY Incr OPM: +56.0% vs year-ago OPM: +32.1%",
      "severity": "HIGH"
    },
    {
      "quarter": "2022-06 (Q2)",
      "signal": "YoY REVENUE GROWTH DECELERATION",
      "detail": "YoY growth: -4.4% vs prior quarter YoY: +8.7% (decel: -13.1%)",
      "severity": "WARNING"
    },
    {
      "quarter": "2022-06 (Q2)",
      "signal": "INCREMENTAL MARGIN (YoY)",
      "detail": "YoY Incr OPM: +322.8% vs year-ago OPM: +29.1%",
      "severity": "HIGH"
    },
    {
      "quarter": "2022-03 (Q1)",
      "signal": "FCF MARGIN EXPANSION",
      "detail": "FCF margin: +32.3% -> +63.6% (+31.3%)",
      "severity": "MEDIUM"
    },
    {
      "quarter": "2022-03 (Q1)",
      "signal": "YoY REVENUE GROWTH DECELERATION",
      "detail": "YoY growth: +8.7% vs prior quarter YoY: +22.4% (decel: -13.7%)",
      "severity": "WARNING"
    },
    {
      "quarter": "2022-03 (Q1)",
      "signal": "INCREMENTAL MARGIN (YoY)",
      "detail": "YoY Incr OPM: +91.4% vs year-ago OPM: +28.8%",
      "severity": "HIGH"
    },
    {
      "quarter": "2021-09 (Q3)",
      "signal": "FCF MARGIN EXPANSION",
      "detail": "FCF margin: +4.7% -> +104.6% (+99.9%)",
      "severity": "MEDIUM"
    },
    {
      "quarter": "2021-03 (Q1)",
      "signal": "FCF MARGIN EXPANSION",
      "detail": "FCF margin: +46.6% -> +59.5% (+13.0%)",
      "severity": "MEDIUM"
    }
  ],
  "data_quality": {
    "n_quarters": 20,
    "coverage": {
      "revenue": [
        20,
        20
      ],
      "gross_profit": [
        0,
        20
      ],
      "op_income": [
        20,
        20
      ],
      "fcf": [
        20,
        20
      ]
    },
    "gaps": [],
    "warnings": [
      "gross_profit: no data"
    ]
  },
  "market_cap": null,
  "source": "SEC EDGAR",
  "last_updated": "2026-02-03T01:08:43.661954"
}