{
  "ticker": "GNW",
  "name": "GENWORTH FINANCIAL, INC.",
  "quarters": [
    {
      "date": "2020-12-31T00:00:00",
      "quarter_label": "2020-12 (Q4)",
      "revenue": 2263000000,
      "gross_profit": null,
      "operating_income": 173000000,
      "net_income": 267000000,
      "opex": null,
      "cogs": null,
      "rd": null,
      "sga": 267000000,
      "fcf": 508000000,
      "ocf": 508000000,
      "capex": null,
      "gross_margin": null,
      "op_margin": 0.0764471939902784,
      "fcf_margin": 0.22448077772867875
    },
    {
      "date": "2021-03-31T00:00:00",
      "quarter_label": "2021-03 (Q1)",
      "revenue": 1985000000,
      "gross_profit": null,
      "operating_income": 168000000,
      "net_income": 187000000,
      "opex": null,
      "cogs": null,
      "rd": null,
      "sga": 275000000,
      "fcf": -247000000,
      "ocf": -247000000,
      "capex": null,
      "gross_margin": null,
      "op_margin": 0.08463476070528968,
      "fcf_margin": -0.12443324937027708,
      "fcf_margin_change": -0.3489140270989558
    },
    {
      "date": "2021-06-30T00:00:00",
      "quarter_label": "2021-06 (Q2)",
      "revenue": 2041000000,
      "gross_profit": null,
      "operating_income": 194000000,
      "net_income": 240000000,
      "opex": null,
      "cogs": null,
      "rd": null,
      "sga": 304000000,
      "fcf": 476000000,
      "ocf": 476000000,
      "capex": null,
      "gross_margin": null,
      "op_margin": 0.0950514453699167,
      "fcf_margin": 0.233219010289074,
      "fcf_margin_change": 0.3576522596593511
    },
    {
      "date": "2021-09-30T00:00:00",
      "quarter_label": "2021-09 (Q3)",
      "revenue": 2070000000,
      "gross_profit": null,
      "operating_income": 239000000,
      "net_income": 314000000,
      "opex": null,
      "cogs": null,
      "rd": null,
      "sga": 290000000,
      "fcf": 61000000,
      "ocf": 61000000,
      "capex": null,
      "gross_margin": null,
      "op_margin": 0.11545893719806763,
      "fcf_margin": 0.029468599033816423,
      "fcf_margin_change": -0.20375041125525756
    },
    {
      "date": "2021-12-31T00:00:00",
      "quarter_label": "2021-12 (Q4)",
      "revenue": 1736000000,
      "gross_profit": null,
      "operating_income": 164000000,
      "net_income": 163000000,
      "opex": null,
      "cogs": null,
      "rd": null,
      "sga": 354000000,
      "fcf": 147000000,
      "ocf": 147000000,
      "capex": null,
      "gross_margin": null,
      "op_margin": 0.0944700460829493,
      "fcf_margin": 0.0846774193548387,
      "incr_op_margin_yoy": 0.017077798861480076,
      "rev_growth_yoy": -0.2328767123287671,
      "fcf_margin_change": 0.055208820321022284
    },
    {
      "date": "2022-03-31T00:00:00",
      "quarter_label": "2022-03 (Q1)",
      "revenue": 1892000000,
      "gross_profit": null,
      "operating_income": 131000000,
      "net_income": 149000000,
      "opex": null,
      "cogs": null,
      "rd": null,
      "sga": 271000000,
      "fcf": -92000000,
      "ocf": -92000000,
      "capex": null,
      "gross_margin": null,
      "op_margin": 0.06923890063424948,
      "fcf_margin": -0.048625792811839326,
      "incr_op_margin_yoy": 0.3978494623655914,
      "rev_growth_yoy": -0.04685138539042821,
      "rev_growth_yoy_accel": 0.1860253269383389,
      "fcf_margin_change": -0.13330321216667804
    },
    {
      "date": "2022-06-30T00:00:00",
      "quarter_label": "2022-06 (Q2)",
      "revenue": 1881000000,
      "gross_profit": null,
      "operating_income": 176000000,
      "net_income": 181000000,
      "opex": null,
      "cogs": null,
      "rd": null,
      "sga": 589000000,
      "fcf": 429000000,
      "ocf": 429000000,
      "capex": null,
      "gross_margin": null,
      "op_margin": 0.0935672514619883,
      "fcf_margin": 0.22807017543859648,
      "incr_op_margin_yoy": 0.1125,
      "rev_growth_yoy": -0.07839294463498285,
      "rev_growth_yoy_accel": -0.03154155924455464,
      "fcf_margin_change": 0.2766959682504358
    },
    {
      "date": "2022-09-30T00:00:00",
      "quarter_label": "2022-09 (Q3)",
      "revenue": 1839000000,
      "gross_profit": null,
      "operating_income": 159000000,
      "net_income": 104000000,
      "opex": null,
      "cogs": null,
      "rd": null,
      "sga": 240000000,
      "fcf": 308000000,
      "ocf": 308000000,
      "capex": null,
      "gross_margin": null,
      "op_margin": 0.0864600326264274,
      "fcf_margin": 0.16748232735182164,
      "incr_op_margin_yoy": 0.3463203463203463,
      "rev_growth_yoy": -0.11159420289855072,
      "rev_growth_yoy_accel": -0.03320125826356787,
      "fcf_margin_change": -0.06058784808677484
    },
    {
      "date": "2022-12-31T00:00:00",
      "quarter_label": "2022-12 (Q4)",
      "revenue": 1895000000,
      "gross_profit": null,
      "operating_income": 167000000,
      "net_income": 175000000,
      "opex": null,
      "cogs": null,
      "rd": null,
      "sga": 271000000,
      "fcf": 404000000,
      "ocf": 404000000,
      "capex": null,
      "gross_margin": null,
      "op_margin": 0.08812664907651716,
      "fcf_margin": 0.21319261213720317,
      "incr_op_margin_yoy": 0.018867924528301886,
      "rev_growth_yoy": 0.09158986175115208,
      "rev_growth_yoy_accel": 0.2031840646497028,
      "fcf_margin_change": 0.04571028478538153
    },
    {
      "date": "2023-03-31T00:00:00",
      "quarter_label": "2023-03 (Q1)",
      "revenue": 1854000000,
      "gross_profit": null,
      "operating_income": 84000000,
      "net_income": 62000000,
      "opex": null,
      "cogs": null,
      "rd": null,
      "sga": 283000000,
      "fcf": 17000000,
      "ocf": 17000000,
      "capex": null,
      "gross_margin": null,
      "op_margin": 0.045307443365695796,
      "fcf_margin": 0.009169363538295576,
      "incr_op_margin_yoy": 1.236842105263158,
      "rev_growth_yoy": -0.0200845665961945,
      "rev_growth_yoy_accel": -0.11167442834734659,
      "fcf_margin_change": -0.20402324859890758
    },
    {
      "date": "2023-06-30T00:00:00",
      "quarter_label": "2023-06 (Q2)",
      "revenue": 1892000000,
      "gross_profit": null,
      "operating_income": 85000000,
      "net_income": 137000000,
      "opex": null,
      "cogs": null,
      "rd": null,
      "sga": 226000000,
      "fcf": null,
      "ocf": null,
      "capex": null,
      "gross_margin": null,
      "op_margin": 0.04492600422832981,
      "fcf_margin": null,
      "incr_op_margin_yoy": -8.272727272727273,
      "rev_growth_yoy": 0.005847953216374269,
      "rev_growth_yoy_accel": 0.02593251981256877
    },
    {
      "date": "2023-09-30T00:00:00",
      "quarter_label": "2023-09 (Q3)",
      "revenue": 1831000000,
      "gross_profit": null,
      "operating_income": 42000000,
      "net_income": 29000000,
      "opex": null,
      "cogs": null,
      "rd": null,
      "sga": 228000000,
      "fcf": null,
      "ocf": null,
      "capex": null,
      "gross_margin": null,
      "op_margin": 0.022938285090114693,
      "fcf_margin": null,
      "incr_op_margin_yoy": 14.625,
      "rev_growth_yoy": -0.004350190320826536,
      "rev_growth_yoy_accel": -0.010198143537200804
    },
    {
      "date": "2023-12-31T00:00:00",
      "quarter_label": "2023-12 (Q4)",
      "revenue": 1911000000,
      "gross_profit": null,
      "operating_income": -230000000,
      "net_income": -212000000,
      "opex": null,
      "cogs": null,
      "rd": null,
      "sga": 248000000,
      "fcf": null,
      "ocf": null,
      "capex": null,
      "gross_margin": null,
      "op_margin": -0.12035583464154893,
      "fcf_margin": null,
      "incr_op_margin_yoy": -24.8125,
      "rev_growth_yoy": 0.008443271767810026,
      "rev_growth_yoy_accel": 0.012793462088636562
    },
    {
      "date": "2024-03-31T00:00:00",
      "quarter_label": "2024-03 (Q1)",
      "revenue": 1864000000,
      "gross_profit": null,
      "operating_income": 85000000,
      "net_income": 139000000,
      "opex": null,
      "cogs": null,
      "rd": null,
      "sga": 236000000,
      "fcf": -107000000,
      "ocf": -107000000,
      "capex": null,
      "gross_margin": null,
      "op_margin": 0.04560085836909871,
      "fcf_margin": -0.05740343347639485,
      "incr_op_margin_yoy": 0.1,
      "rev_growth_yoy": 0.005393743257820928,
      "rev_growth_yoy_accel": -0.003049528509989098
    },
    {
      "date": "2024-06-30T00:00:00",
      "quarter_label": "2024-06 (Q2)",
      "revenue": 1769000000,
      "gross_profit": null,
      "operating_income": 125000000,
      "net_income": 76000000,
      "opex": null,
      "cogs": null,
      "rd": null,
      "sga": 229000000,
      "fcf": 7000000,
      "ocf": 7000000,
      "capex": null,
      "gross_margin": null,
      "op_margin": 0.07066139061616733,
      "fcf_margin": 0.00395703787450537,
      "incr_op_margin_yoy": -0.3252032520325203,
      "rev_growth_yoy": -0.06501057082452431,
      "rev_growth_yoy_accel": -0.07040431408234524,
      "fcf_margin_change": 0.06136047135090022
    },
    {
      "date": "2024-09-30T00:00:00",
      "quarter_label": "2024-09 (Q3)",
      "revenue": 1880000000,
      "gross_profit": null,
      "operating_income": 48000000,
      "net_income": 85000000,
      "opex": null,
      "cogs": null,
      "rd": null,
      "sga": 259000000,
      "fcf": 161000000,
      "ocf": 161000000,
      "capex": null,
      "gross_margin": null,
      "op_margin": 0.02553191489361702,
      "fcf_margin": 0.08563829787234042,
      "incr_op_margin_yoy": 0.12244897959183673,
      "rev_growth_yoy": 0.026761332605133806,
      "rev_growth_yoy_accel": 0.09177190342965812,
      "fcf_margin_change": 0.08168125999783506
    },
    {
      "date": "2024-12-31T00:00:00",
      "quarter_label": "2024-12 (Q4)",
      "revenue": 1782000000,
      "gross_profit": null,
      "operating_income": null,
      "net_income": -1000000,
      "opex": null,
      "cogs": null,
      "rd": null,
      "sga": 253000000,
      "fcf": null,
      "ocf": null,
      "capex": null,
      "gross_margin": null,
      "op_margin": null,
      "fcf_margin": null,
      "rev_growth_yoy": -0.06750392464678179,
      "rev_growth_yoy_accel": -0.09426525725191559
    },
    {
      "date": "2025-03-31T00:00:00",
      "quarter_label": "2025-03 (Q1)",
      "revenue": 1786000000,
      "gross_profit": null,
      "operating_income": 51000000,
      "net_income": 54000000,
      "opex": null,
      "cogs": null,
      "rd": null,
      "sga": 236000000,
      "fcf": 34000000,
      "ocf": 34000000,
      "capex": null,
      "gross_margin": null,
      "op_margin": 0.02855543113101904,
      "fcf_margin": 0.019036954087346025,
      "incr_op_margin_yoy": 0.4358974358974359,
      "rev_growth_yoy": -0.04184549356223176,
      "rev_growth_yoy_accel": 0.02565843108455003
    },
    {
      "date": "2025-06-30T00:00:00",
      "quarter_label": "2025-06 (Q2)",
      "revenue": 1796000000,
      "gross_profit": null,
      "operating_income": 68000000,
      "net_income": 51000000,
      "opex": null,
      "cogs": null,
      "rd": null,
      "sga": 249000000,
      "fcf": 6000000,
      "ocf": 6000000,
      "capex": null,
      "gross_margin": null,
      "op_margin": 0.0378619153674833,
      "fcf_margin": 0.0033407572383073497,
      "incr_op_margin_yoy": -2.111111111111111,
      "rev_growth_yoy": 0.015262860373092142,
      "rev_growth_yoy_accel": 0.0571083539353239,
      "fcf_margin_change": -0.015696196849038675
    },
    {
      "date": "2025-09-30T00:00:00",
      "quarter_label": "2025-09 (Q3)",
      "revenue": 1935000000,
      "gross_profit": null,
      "operating_income": null,
      "net_income": 116000000,
      "opex": null,
      "cogs": null,
      "rd": null,
      "sga": 259000000,
      "fcf": 87000000,
      "ocf": 87000000,
      "capex": null,
      "gross_margin": null,
      "op_margin": null,
      "fcf_margin": 0.04496124031007752,
      "rev_growth_yoy": 0.02925531914893617,
      "rev_growth_yoy_accel": 0.013992458775844029,
      "fcf_margin_change": 0.041620483071770166
    }
  ],
  "signals": [
    {
      "quarter": "2025-06 (Q2)",
      "signal": "YoY REVENUE GROWTH ACCELERATION",
      "detail": "YoY growth: +1.5% vs prior quarter YoY: -4.2% (accel: +5.7%)",
      "severity": "MEDIUM"
    },
    {
      "quarter": "2025-03 (Q1)",
      "signal": "INCREMENTAL MARGIN (YoY)",
      "detail": "YoY Incr OPM: +43.6% vs year-ago OPM: +4.6%",
      "severity": "HIGH"
    },
    {
      "quarter": "2024-12 (Q4)",
      "signal": "YoY REVENUE GROWTH DECELERATION",
      "detail": "YoY growth: -6.8% vs prior quarter YoY: +2.7% (decel: -9.4%)",
      "severity": "WARNING"
    },
    {
      "quarter": "2024-09 (Q3)",
      "signal": "FCF MARGIN EXPANSION",
      "detail": "FCF margin: +0.4% -> +8.6% (+8.2%)",
      "severity": "MEDIUM"
    },
    {
      "quarter": "2024-09 (Q3)",
      "signal": "YoY REVENUE GROWTH ACCELERATION",
      "detail": "YoY growth: +2.7% vs prior quarter YoY: -6.5% (accel: +9.2%)",
      "severity": "MEDIUM"
    },
    {
      "quarter": "2024-06 (Q2)",
      "signal": "FCF TURNED POSITIVE",
      "detail": "FCF margin: -5.7% -> +0.4%",
      "severity": "HIGH"
    },
    {
      "quarter": "2024-06 (Q2)",
      "signal": "YoY REVENUE GROWTH DECELERATION",
      "detail": "YoY growth: -6.5% vs prior quarter YoY: +0.5% (decel: -7.0%)",
      "severity": "WARNING"
    },
    {
      "quarter": "2024-03 (Q1)",
      "signal": "OP MARGIN TURNED POSITIVE (QoQ)",
      "detail": "Op margin: -12.0% -> +4.6%",
      "severity": "HIGH"
    },
    {
      "quarter": "2023-09 (Q3)",
      "signal": "INCREMENTAL MARGIN (YoY)",
      "detail": "YoY Incr OPM: +1462.5% vs year-ago OPM: +8.6%",
      "severity": "HIGH"
    },
    {
      "quarter": "2023-03 (Q1)",
      "signal": "YoY REVENUE GROWTH DECELERATION",
      "detail": "YoY growth: -2.0% vs prior quarter YoY: +9.2% (decel: -11.2%)",
      "severity": "WARNING"
    },
    {
      "quarter": "2023-03 (Q1)",
      "signal": "INCREMENTAL MARGIN (YoY)",
      "detail": "YoY Incr OPM: +123.7% vs year-ago OPM: +6.9%",
      "severity": "HIGH"
    },
    {
      "quarter": "2022-12 (Q4)",
      "signal": "YoY REVENUE GROWTH ACCELERATION",
      "detail": "YoY growth: +9.2% vs prior quarter YoY: -11.2% (accel: +20.3%)",
      "severity": "HIGH"
    },
    {
      "quarter": "2022-09 (Q3)",
      "signal": "INCREMENTAL MARGIN (YoY)",
      "detail": "YoY Incr OPM: +34.6% vs year-ago OPM: +11.5%",
      "severity": "HIGH"
    },
    {
      "quarter": "2022-06 (Q2)",
      "signal": "FCF TURNED POSITIVE",
      "detail": "FCF margin: -4.9% -> +22.8%",
      "severity": "HIGH"
    },
    {
      "quarter": "2022-03 (Q1)",
      "signal": "YoY REVENUE GROWTH ACCELERATION",
      "detail": "YoY growth: -4.7% vs prior quarter YoY: -23.3% (accel: +18.6%)",
      "severity": "HIGH"
    },
    {
      "quarter": "2022-03 (Q1)",
      "signal": "INCREMENTAL MARGIN (YoY)",
      "detail": "YoY Incr OPM: +39.8% vs year-ago OPM: +8.5%",
      "severity": "HIGH"
    },
    {
      "quarter": "2021-12 (Q4)",
      "signal": "FCF MARGIN EXPANSION",
      "detail": "FCF margin: +2.9% -> +8.5% (+5.5%)",
      "severity": "MEDIUM"
    },
    {
      "quarter": "2021-06 (Q2)",
      "signal": "FCF TURNED POSITIVE",
      "detail": "FCF margin: -12.4% -> +23.3%",
      "severity": "HIGH"
    }
  ],
  "data_quality": {
    "n_quarters": 20,
    "coverage": {
      "revenue": [
        20,
        20
      ],
      "gross_profit": [
        0,
        20
      ],
      "op_income": [
        18,
        20
      ],
      "fcf": [
        16,
        20
      ]
    },
    "gaps": [],
    "warnings": [
      "gross_profit: no data"
    ]
  },
  "market_cap": null,
  "source": "SEC EDGAR",
  "last_updated": "2026-02-02T21:18:27.245161"
}