{
  "ticker": "GO",
  "name": "Grocery Outlet Holding Corp.",
  "quarters": [
    {
      "date": "2021-01-02T00:00:00",
      "quarter_label": "2021-01 (Q1)",
      "revenue": 806821000,
      "gross_profit": 244387000,
      "operating_income": 27828000,
      "net_income": 24264000,
      "opex": 216559000,
      "cogs": 562434000,
      "rd": null,
      "sga": 197596000,
      "fcf": 42903000,
      "ocf": 81976000,
      "capex": -39073000,
      "gross_margin": 0.3029011391622181,
      "op_margin": 0.034490921778188716,
      "fcf_margin": 0.05317536355647659
    },
    {
      "date": "2021-04-03T00:00:00",
      "quarter_label": "2021-04 (Q2)",
      "revenue": 752466000,
      "gross_profit": 231927000,
      "operating_income": 23847000,
      "net_income": 18892000,
      "opex": 208080000,
      "cogs": 520539000,
      "rd": null,
      "sga": 188598000,
      "fcf": -10157000,
      "ocf": 26413000,
      "capex": -36570000,
      "gross_margin": 0.3082225642088812,
      "op_margin": 0.031691797370246626,
      "fcf_margin": -0.013498284307862415,
      "fcf_margin_change": -0.066673647864339
    },
    {
      "date": "2021-07-03T00:00:00",
      "quarter_label": "2021-07 (Q3)",
      "revenue": 775535000,
      "gross_profit": 237798000,
      "operating_income": 23674000,
      "net_income": 19640000,
      "opex": 214124000,
      "cogs": 537737000,
      "rd": null,
      "sga": 192955000,
      "fcf": 31308000,
      "ocf": 58726000,
      "capex": -27418000,
      "gross_margin": 0.3066244592442636,
      "op_margin": 0.030526023970549362,
      "fcf_margin": 0.04036955134197683,
      "op_leverage_ratio": 1.0554745632363436,
      "fcf_margin_change": 0.05386783564983925
    },
    {
      "date": "2021-10-02T00:00:00",
      "quarter_label": "2021-10 (Q4)",
      "revenue": 768880000,
      "gross_profit": 237112000,
      "operating_income": 26143000,
      "net_income": 17139000,
      "opex": 210969000,
      "cogs": 531768000,
      "rd": null,
      "sga": 191572000,
      "fcf": 31039000,
      "ocf": 56626000,
      "capex": -25587000,
      "gross_margin": 0.3083862241181979,
      "op_margin": 0.03400140464051608,
      "fcf_margin": 0.040369108313390904,
      "fcf_margin_change": -4.430285859280403e-07
    },
    {
      "date": "2022-01-01T00:00:00",
      "quarter_label": "2022-01 (Q1)",
      "revenue": 782701000,
      "gross_profit": 241949000,
      "operating_income": 15431000,
      "net_income": 6639000,
      "opex": 226518000,
      "cogs": 540752000,
      "rd": null,
      "sga": 200593000,
      "fcf": -9987000,
      "ocf": 23822000,
      "capex": -33809000,
      "gross_margin": 0.3091205964985352,
      "op_margin": 0.019715063606664612,
      "fcf_margin": -0.012759661735451979,
      "incr_op_margin_yoy": 0.513971807628524,
      "rev_growth_yoy": -0.029895106845260595,
      "op_leverage_ratio": 0.24389173515988427,
      "fcf_margin_change": -0.05312877004884288
    },
    {
      "date": "2022-04-02T00:00:00",
      "quarter_label": "2022-04 (Q2)",
      "revenue": 831427000,
      "gross_profit": 250889000,
      "operating_income": 19428000,
      "net_income": 11574000,
      "opex": 231461000,
      "cogs": 580538000,
      "rd": null,
      "sga": 207433000,
      "fcf": 4220000,
      "ocf": 36329000,
      "capex": -32109000,
      "gross_margin": 0.3017570995409098,
      "op_margin": 0.0233670544738143,
      "fcf_margin": 0.005075610967649595,
      "incr_op_margin_yoy": -0.0559643368245083,
      "rev_growth_yoy": 0.10493630276982614,
      "rev_growth_yoy_accel": 0.13483140961508674,
      "op_leverage_ratio": 2.8528371425630765,
      "fcf_margin_change": 0.017835272703101576
    },
    {
      "date": "2022-07-02T00:00:00",
      "quarter_label": "2022-07 (Q3)",
      "revenue": 897659000,
      "gross_profit": 279411000,
      "operating_income": 26911000,
      "net_income": 20094000,
      "opex": 252500000,
      "cogs": 618248000,
      "rd": null,
      "sga": 224225000,
      "fcf": 22189000,
      "ocf": 48398000,
      "capex": -26209000,
      "gross_margin": 0.31126630491088486,
      "op_margin": 0.029979090055355095,
      "fcf_margin": 0.024718740635363765,
      "incr_op_margin_yoy": 0.026505846516655204,
      "rev_growth_yoy": 0.15747064929371338,
      "rev_growth_yoy_accel": 0.052534346523887235,
      "op_leverage_ratio": 0.876388110883781,
      "fcf_margin_change": 0.01964312966771417
    },
    {
      "date": "2022-10-01T00:00:00",
      "quarter_label": "2022-10 (Q4)",
      "revenue": 918185000,
      "gross_profit": 280635000,
      "operating_income": 24687000,
      "net_income": 17495000,
      "opex": 255948000,
      "cogs": 637550000,
      "rd": null,
      "sga": 227458000,
      "fcf": 28092000,
      "ocf": 55133000,
      "capex": -27041000,
      "gross_margin": 0.30564102005587107,
      "op_margin": 0.02688673851130219,
      "fcf_margin": 0.030595141501984894,
      "incr_op_margin_yoy": -0.009751850239442751,
      "rev_growth_yoy": 0.19418504838206221,
      "rev_growth_yoy_accel": 0.03671439908834884,
      "op_leverage_ratio": 1.6745073585048156,
      "fcf_margin_change": 0.005876400866621129
    },
    {
      "date": "2022-12-31T00:00:00",
      "quarter_label": "2022-12 (Q4)",
      "revenue": 930830000,
      "gross_profit": 281164000,
      "operating_income": 23964000,
      "net_income": 15889000,
      "opex": 257200000,
      "cogs": 649666000,
      "rd": null,
      "sga": 230231000,
      "fcf": 528000,
      "ocf": 45651000,
      "capex": -45123000,
      "gross_margin": 0.3020573036967008,
      "op_margin": 0.025744765424406176,
      "fcf_margin": 0.0005672356928762502,
      "incr_op_margin_yoy": 0.05760519547151469,
      "rev_growth_yoy": 0.18925362303101695,
      "rev_growth_yoy_accel": -0.0049314253510452655,
      "op_leverage_ratio": 2.8153737141621997,
      "fcf_margin_change": -0.030027905809108645
    },
    {
      "date": "2023-04-01T00:00:00",
      "quarter_label": "2023-04 (Q2)",
      "revenue": 965467000,
      "gross_profit": 300543000,
      "operating_income": 32818000,
      "net_income": 13720000,
      "opex": 267725000,
      "cogs": 664924000,
      "rd": null,
      "sga": 267725000,
      "fcf": 54738000,
      "ocf": 87632000,
      "capex": -32894000,
      "gross_margin": 0.3112928769186311,
      "op_margin": 0.033991840218257074,
      "fcf_margin": 0.05669587878197805,
      "incr_op_margin_yoy": 0.09989555356609967,
      "rev_growth_yoy": 0.16121679955065207,
      "rev_growth_yoy_accel": -0.028036823480364875,
      "op_leverage_ratio": 0.9093242174002346,
      "fcf_margin_change": 0.0561286430891018
    },
    {
      "date": "2023-07-01T00:00:00",
      "quarter_label": "2023-07 (Q3)",
      "revenue": 1010255000,
      "gross_profit": 326570000,
      "operating_income": 36481000,
      "net_income": 24471000,
      "opex": 290089000,
      "cogs": 683685000,
      "rd": null,
      "sga": 290089000,
      "fcf": 36357000,
      "ocf": 69488000,
      "capex": -33131000,
      "gross_margin": 0.3232550197722357,
      "op_margin": 0.03611068492608302,
      "fcf_margin": 0.03598794363799239,
      "incr_op_margin_yoy": 0.08499413833528723,
      "rev_growth_yoy": 0.12543293165890387,
      "rev_growth_yoy_accel": -0.0357838678917482,
      "op_leverage_ratio": 0.5553460396948824,
      "fcf_margin_change": -0.02070793514398566
    },
    {
      "date": "2023-09-30T00:00:00",
      "quarter_label": "2023-09 (Q3)",
      "revenue": 1003913000,
      "gross_profit": 315691000,
      "operating_income": 37557000,
      "net_income": 27140000,
      "opex": 278134000,
      "cogs": 688222000,
      "rd": null,
      "sga": 278134000,
      "fcf": 72207000,
      "ocf": 119098000,
      "capex": -46891000,
      "gross_margin": 0.31446051600088853,
      "op_margin": 0.03741061227417117,
      "fcf_margin": 0.07192555530210287,
      "incr_op_margin_yoy": 0.1501259798432251,
      "rev_growth_yoy": 0.09336680516453656,
      "rev_growth_yoy_accel": -0.03206612649436731,
      "fcf_margin_change": 0.03593761166411048
    },
    {
      "date": "2023-12-30T00:00:00",
      "quarter_label": "2023-12 (Q4)",
      "revenue": 989818000,
      "gross_profit": 298875000,
      "operating_income": 18926000,
      "net_income": 14106000,
      "opex": 279949000,
      "cogs": 690943000,
      "rd": null,
      "sga": 279949000,
      "fcf": -28845000,
      "ocf": 27229000,
      "capex": -56074000,
      "gross_margin": 0.30194944929269824,
      "op_margin": 0.019120686833337036,
      "fcf_margin": -0.029141721003255145,
      "incr_op_margin_yoy": -0.08540720146470468,
      "rev_growth_yoy": 0.06337139971853077,
      "rev_growth_yoy_accel": -0.02999540544600579,
      "fcf_margin_change": -0.10106727630535801
    },
    {
      "date": "2024-03-30T00:00:00",
      "quarter_label": "2024-03 (Q1)",
      "revenue": 1036944000,
      "gross_profit": 303945000,
      "operating_income": 563000,
      "net_income": -1025000,
      "opex": 303382000,
      "cogs": 732999000,
      "rd": null,
      "sga": 303382000,
      "fcf": -38425000,
      "ocf": 7841000,
      "capex": -46266000,
      "gross_margin": 0.293116118131741,
      "op_margin": 0.0005429415667577034,
      "fcf_margin": -0.03705600302427132,
      "incr_op_margin_yoy": -0.45126404297886036,
      "rev_growth_yoy": 0.07403360239138158,
      "rev_growth_yoy_accel": 0.010662202672850812,
      "op_leverage_ratio": 0.5687956411752595,
      "fcf_margin_change": -0.007914282021016173
    },
    {
      "date": "2024-06-29T00:00:00",
      "quarter_label": "2024-06 (Q2)",
      "revenue": 1128520000,
      "gross_profit": 349240000,
      "operating_income": 26105000,
      "net_income": 14001000,
      "opex": 323135000,
      "cogs": 779280000,
      "rd": null,
      "sga": 323135000,
      "fcf": 2732000,
      "ocf": 41597000,
      "capex": -38865000,
      "gross_margin": 0.30946726686279374,
      "op_margin": 0.02313206677772658,
      "fcf_margin": 0.0024208698117888917,
      "incr_op_margin_yoy": -0.08773517101424766,
      "rev_growth_yoy": 0.11706450351643892,
      "rev_growth_yoy_accel": 0.043030901125057336,
      "op_leverage_ratio": 1.3563854208026584,
      "fcf_margin_change": 0.03947687283606021
    },
    {
      "date": "2024-09-28T00:00:00",
      "quarter_label": "2024-09 (Q3)",
      "revenue": 1108183000,
      "gross_profit": 344872000,
      "operating_income": 40286000,
      "net_income": 24178000,
      "opex": 304586000,
      "cogs": 763311000,
      "rd": null,
      "sga": 304586000,
      "fcf": -19342000,
      "ocf": 23027000,
      "capex": -42369000,
      "gross_margin": 0.311204918321252,
      "op_margin": 0.036353201592155805,
      "fcf_margin": -0.017453795988568676,
      "incr_op_margin_yoy": 0.026172436942552987,
      "rev_growth_yoy": 0.10386358180439939,
      "rev_growth_yoy_accel": -0.013200921712039529,
      "fcf_margin_change": -0.019874665800357568
    },
    {
      "date": "2024-12-28T00:00:00",
      "quarter_label": "2024-12 (Q4)",
      "revenue": 1097854000,
      "gross_profit": 323880000,
      "operating_income": 11373000,
      "net_income": 2311000,
      "opex": 312507000,
      "cogs": 773974000,
      "rd": null,
      "sga": 312507000,
      "fcf": -19613000,
      "ocf": 39498000,
      "capex": -59111000,
      "gross_margin": 0.29501190504384006,
      "op_margin": 0.010359300963516095,
      "fcf_margin": -0.017864852703547103,
      "incr_op_margin_yoy": -0.06991188122477693,
      "rev_growth_yoy": 0.10914733819752723,
      "rev_growth_yoy_accel": 0.005283756393127836,
      "fcf_margin_change": -0.0004110567149784271
    },
    {
      "date": "2025-03-29T00:00:00",
      "quarter_label": "2025-03 (Q1)",
      "revenue": 1125567000,
      "gross_profit": 342445000,
      "operating_income": -22508000,
      "net_income": -23317000,
      "opex": 364953000,
      "cogs": 783122000,
      "rd": null,
      "sga": 331078000,
      "fcf": -1514000,
      "ocf": 58938000,
      "capex": -60452000,
      "gross_margin": 0.30424221747794666,
      "op_margin": -0.019997032606677345,
      "fcf_margin": -0.0013450998474546607,
      "incr_op_margin_yoy": -0.26032745449826794,
      "rev_growth_yoy": 0.08546556033884183,
      "rev_growth_yoy_accel": -0.0236817778586854,
      "op_leverage_ratio": 0.15041333212977193,
      "fcf_margin_change": 0.016519752856092442
    },
    {
      "date": "2025-06-28T00:00:00",
      "quarter_label": "2025-06 (Q2)",
      "revenue": 1179772000,
      "gross_profit": 360693000,
      "operating_income": 12772000,
      "net_income": 4961000,
      "opex": 347921000,
      "cogs": 819079000,
      "rd": null,
      "sga": 336764000,
      "fcf": 14408000,
      "ocf": 73625000,
      "capex": -59217000,
      "gross_margin": 0.3057311073665081,
      "op_margin": 0.010825820582282,
      "fcf_margin": 0.012212529200557395,
      "incr_op_margin_yoy": -0.2601459455240771,
      "rev_growth_yoy": 0.04541523411193422,
      "rev_growth_yoy_accel": -0.04005032622690761,
      "op_leverage_ratio": Infinity,
      "fcf_margin_change": 0.013557629048012056
    },
    {
      "date": "2025-09-27T00:00:00",
      "quarter_label": "2025-09 (Q3)",
      "revenue": 1168153000,
      "gross_profit": 355136000,
      "operating_income": 22824000,
      "net_income": 11605000,
      "opex": 332312000,
      "cogs": 813017000,
      "rd": null,
      "sga": 331016000,
      "fcf": -21568000,
      "ocf": 17276000,
      "capex": -38844000,
      "gross_margin": 0.3040149706416882,
      "op_margin": 0.019538536475958202,
      "fcf_margin": -0.018463334854252826,
      "incr_op_margin_yoy": -0.2911789227947307,
      "rev_growth_yoy": 0.05411561086932393,
      "rev_growth_yoy_accel": 0.00870037675738971,
      "fcf_margin_change": -0.030675864054810223
    }
  ],
  "signals": [
    {
      "quarter": "2025-06 (Q2)",
      "signal": "FCF TURNED POSITIVE",
      "detail": "FCF margin: -0.1% -> +1.2%",
      "severity": "HIGH"
    },
    {
      "quarter": "2025-06 (Q2)",
      "signal": "OP MARGIN TURNED POSITIVE (QoQ)",
      "detail": "Op margin: -2.0% -> +1.1%",
      "severity": "HIGH"
    },
    {
      "quarter": "2024-06 (Q2)",
      "signal": "FCF TURNED POSITIVE",
      "detail": "FCF margin: -3.7% -> +0.2%",
      "severity": "HIGH"
    },
    {
      "quarter": "2023-09 (Q3)",
      "signal": "INCREMENTAL MARGIN (YoY)",
      "detail": "YoY Incr OPM: +15.0% vs year-ago OPM: +2.7%",
      "severity": "MEDIUM"
    },
    {
      "quarter": "2023-04 (Q2)",
      "signal": "FCF MARGIN EXPANSION",
      "detail": "FCF margin: +0.1% -> +5.7% (+5.6%)",
      "severity": "MEDIUM"
    },
    {
      "quarter": "2022-12 (Q4)",
      "signal": "OPERATING LEVERAGE",
      "detail": "Rev growth +1.4% vs OpEx growth +0.5% (leverage: 2.8x)",
      "severity": "MEDIUM"
    },
    {
      "quarter": "2022-10 (Q4)",
      "signal": "OPERATING LEVERAGE",
      "detail": "Rev growth +2.3% vs OpEx growth +1.4% (leverage: 1.7x)",
      "severity": "MEDIUM"
    },
    {
      "quarter": "2022-07 (Q3)",
      "signal": "YoY REVENUE GROWTH ACCELERATION",
      "detail": "YoY growth: +15.7% vs prior quarter YoY: +10.5% (accel: +5.3%)",
      "severity": "MEDIUM"
    },
    {
      "quarter": "2022-04 (Q2)",
      "signal": "FCF TURNED POSITIVE",
      "detail": "FCF margin: -1.3% -> +0.5%",
      "severity": "HIGH"
    },
    {
      "quarter": "2022-04 (Q2)",
      "signal": "OPERATING LEVERAGE",
      "detail": "Rev growth +6.2% vs OpEx growth +2.2% (leverage: 2.9x)",
      "severity": "MEDIUM"
    },
    {
      "quarter": "2022-04 (Q2)",
      "signal": "YoY REVENUE GROWTH ACCELERATION",
      "detail": "YoY growth: +10.5% vs prior quarter YoY: -3.0% (accel: +13.5%)",
      "severity": "MEDIUM"
    },
    {
      "quarter": "2022-01 (Q1)",
      "signal": "INCREMENTAL MARGIN (YoY)",
      "detail": "YoY Incr OPM: +51.4% vs year-ago OPM: +3.4%",
      "severity": "HIGH"
    },
    {
      "quarter": "2021-07 (Q3)",
      "signal": "FCF TURNED POSITIVE",
      "detail": "FCF margin: -1.3% -> +4.0%",
      "severity": "HIGH"
    }
  ],
  "data_quality": {
    "n_quarters": 20,
    "coverage": {
      "revenue": [
        20,
        20
      ],
      "gross_profit": [
        20,
        20
      ],
      "op_income": [
        20,
        20
      ],
      "fcf": [
        20,
        20
      ]
    },
    "gaps": [],
    "warnings": []
  },
  "market_cap": null,
  "source": "SEC EDGAR",
  "last_updated": "2026-02-02T22:01:46.692148",
  "sector": "Consumer Defensive",
  "industry": "Grocery Stores"
}