{
  "ticker": "GOGO",
  "name": "Gogo Inc.",
  "quarters": [
    {
      "date": "2020-12-31T00:00:00",
      "quarter_label": "2020-12 (Q4)",
      "revenue": 77634000,
      "gross_profit": null,
      "operating_income": 15696000,
      "net_income": 845000,
      "opex": 61938000,
      "cogs": null,
      "rd": 7800000,
      "sga": null,
      "fcf": null,
      "ocf": null,
      "capex": -1370000,
      "gross_margin": null,
      "op_margin": 0.2021794574542082,
      "fcf_margin": null
    },
    {
      "date": "2021-03-31T00:00:00",
      "quarter_label": "2021-03 (Q1)",
      "revenue": 73869000,
      "gross_profit": null,
      "operating_income": 27780000,
      "net_income": -7685000,
      "opex": 46089000,
      "cogs": null,
      "rd": 5500000,
      "sga": null,
      "fcf": null,
      "ocf": null,
      "capex": -360000,
      "gross_margin": null,
      "op_margin": 0.37607115298704463,
      "fcf_margin": null
    },
    {
      "date": "2021-06-30T00:00:00",
      "quarter_label": "2021-06 (Q2)",
      "revenue": 82375000,
      "gross_profit": null,
      "operating_income": 29606000,
      "net_income": -69248000,
      "opex": 52769000,
      "cogs": null,
      "rd": 6500000,
      "sga": null,
      "fcf": null,
      "ocf": null,
      "capex": -924000,
      "gross_margin": null,
      "op_margin": 0.3594051593323217,
      "fcf_margin": null,
      "op_leverage_ratio": 0.7944818521994309
    },
    {
      "date": "2021-09-30T00:00:00",
      "quarter_label": "2021-09 (Q3)",
      "revenue": 87172000,
      "gross_profit": null,
      "operating_income": 30913000,
      "net_income": 10959000,
      "opex": 56259000,
      "cogs": null,
      "rd": 6000000,
      "sga": null,
      "fcf": null,
      "ocf": null,
      "capex": -1549000,
      "gross_margin": null,
      "op_margin": 0.3546207497820401,
      "fcf_margin": null,
      "op_leverage_ratio": 0.8804966907400723
    },
    {
      "date": "2021-12-31T00:00:00",
      "quarter_label": "2021-12 (Q4)",
      "revenue": 92300000,
      "gross_profit": null,
      "operating_income": 32327000,
      "net_income": 218709000,
      "opex": 59973000,
      "cogs": null,
      "rd": 6900000,
      "sga": null,
      "fcf": null,
      "ocf": null,
      "capex": -1431000,
      "gross_margin": null,
      "op_margin": 0.3502383531960997,
      "fcf_margin": null,
      "incr_op_margin_yoy": 1.133983362880131,
      "rev_growth_yoy": 0.18891207460648685,
      "op_leverage_ratio": 0.8910890670753092
    },
    {
      "date": "2022-03-31T00:00:00",
      "quarter_label": "2022-03 (Q1)",
      "revenue": 92750000,
      "gross_profit": null,
      "operating_income": 34949000,
      "net_income": 22196000,
      "opex": 57801000,
      "cogs": null,
      "rd": 5400000,
      "sga": null,
      "fcf": 10268000,
      "ocf": 17866000,
      "capex": -7598000,
      "gross_margin": null,
      "op_margin": 0.3768086253369272,
      "fcf_margin": 0.11070619946091644,
      "incr_op_margin_yoy": 0.3796938721466024,
      "rev_growth_yoy": 0.25560113173320337,
      "rev_growth_yoy_accel": 0.06668905712671652
    },
    {
      "date": "2022-06-30T00:00:00",
      "quarter_label": "2022-06 (Q2)",
      "revenue": 97836000,
      "gross_profit": null,
      "operating_income": 32340000,
      "net_income": 22017000,
      "opex": 65496000,
      "cogs": null,
      "rd": 8000000,
      "sga": null,
      "fcf": 16491000,
      "ocf": 26374000,
      "capex": -9883000,
      "gross_margin": null,
      "op_margin": 0.33055317061204464,
      "fcf_margin": 0.16855758616460198,
      "incr_op_margin_yoy": 0.1768320289761335,
      "rev_growth_yoy": 0.18769044006069802,
      "rev_growth_yoy_accel": -0.06791069167250535,
      "op_leverage_ratio": 0.4118975089715904,
      "fcf_margin_change": 0.057851386703685545
    },
    {
      "date": "2022-09-30T00:00:00",
      "quarter_label": "2022-09 (Q3)",
      "revenue": 105318000,
      "gross_profit": null,
      "operating_income": 36342000,
      "net_income": 20176000,
      "opex": 68976000,
      "cogs": null,
      "rd": 8000000,
      "sga": null,
      "fcf": 9993000,
      "ocf": 27699000,
      "capex": -17706000,
      "gross_margin": null,
      "op_margin": 0.3450692189369339,
      "fcf_margin": 0.0948840654019256,
      "incr_op_margin_yoy": 0.2991843932547118,
      "rev_growth_yoy": 0.20816317166062498,
      "rev_growth_yoy_accel": 0.020472731599926963,
      "op_leverage_ratio": 1.4393106831841038,
      "fcf_margin_change": -0.07367352076267639
    },
    {
      "date": "2022-12-31T00:00:00",
      "quarter_label": "2022-12 (Q4)",
      "revenue": 108163000,
      "gross_profit": null,
      "operating_income": 38695000,
      "net_income": 27670000,
      "opex": 69468000,
      "cogs": null,
      "rd": 8300000,
      "sga": null,
      "fcf": 22739000,
      "ocf": 31466000,
      "capex": -8727000,
      "gross_margin": null,
      "op_margin": 0.3577471039079907,
      "fcf_margin": 0.21022900622209073,
      "incr_op_margin_yoy": 0.4014373069406796,
      "rev_growth_yoy": 0.171863488624052,
      "rev_growth_yoy_accel": -0.036299683036572966,
      "op_leverage_ratio": 3.7871505530984213,
      "fcf_margin_change": 0.11534494082016514
    },
    {
      "date": "2023-03-31T00:00:00",
      "quarter_label": "2023-03 (Q1)",
      "revenue": 98597000,
      "gross_profit": null,
      "operating_income": 31928000,
      "net_income": 20449000,
      "opex": 66669000,
      "cogs": null,
      "rd": 7900000,
      "sga": null,
      "fcf": 15402000,
      "ocf": 18514000,
      "capex": -3112000,
      "gross_margin": null,
      "op_margin": 0.32382324005801394,
      "fcf_margin": 0.15621164944166657,
      "incr_op_margin_yoy": -0.5166752180605438,
      "rev_growth_yoy": 0.06304043126684636,
      "rev_growth_yoy_accel": -0.10882305735720565,
      "fcf_margin_change": -0.05401735678042416
    },
    {
      "date": "2023-06-30T00:00:00",
      "quarter_label": "2023-06 (Q2)",
      "revenue": 103221000,
      "gross_profit": null,
      "operating_income": 34045000,
      "net_income": 89849000,
      "opex": 69176000,
      "cogs": null,
      "rd": 9200000,
      "sga": null,
      "fcf": 8333000,
      "ocf": 15627000,
      "capex": -7294000,
      "gross_margin": null,
      "op_margin": 0.32982629503686267,
      "fcf_margin": 0.08072969647649218,
      "incr_op_margin_yoy": 0.3166202414113278,
      "rev_growth_yoy": 0.05504108916963081,
      "rev_growth_yoy_accel": -0.007999342097215548,
      "op_leverage_ratio": 1.2471644746596506,
      "fcf_margin_change": -0.07548195296517439
    },
    {
      "date": "2023-09-30T00:00:00",
      "quarter_label": "2023-09 (Q3)",
      "revenue": 97949000,
      "gross_profit": null,
      "operating_income": 33316000,
      "net_income": 20913000,
      "opex": 64633000,
      "cogs": null,
      "rd": 9200000,
      "sga": null,
      "fcf": 15077000,
      "ocf": 18677000,
      "capex": -3600000,
      "gross_margin": null,
      "op_margin": 0.34013619332509776,
      "fcf_margin": 0.15392704366558108,
      "incr_op_margin_yoy": 0.4106391640656806,
      "rev_growth_yoy": -0.06996904612696785,
      "rev_growth_yoy_accel": -0.12501013529659866,
      "fcf_margin_change": 0.0731973471890889
    },
    {
      "date": "2023-12-31T00:00:00",
      "quarter_label": "2023-12 (Q4)",
      "revenue": 97810000,
      "gross_profit": null,
      "operating_income": 24876000,
      "net_income": 14467000,
      "opex": 72934000,
      "cogs": null,
      "rd": 10400000,
      "sga": null,
      "fcf": 23891000,
      "ocf": 26152000,
      "capex": -2261000,
      "gross_margin": null,
      "op_margin": 0.2543298231264697,
      "fcf_margin": 0.24425927819241386,
      "incr_op_margin_yoy": 1.334782188737564,
      "rev_growth_yoy": -0.09571664987102799,
      "rev_growth_yoy_accel": -0.02574760374406014,
      "fcf_margin_change": 0.09033223452683278
    },
    {
      "date": "2024-03-31T00:00:00",
      "quarter_label": "2024-03 (Q1)",
      "revenue": 104322000,
      "gross_profit": null,
      "operating_income": 34674000,
      "net_income": 30490000,
      "opex": 69648000,
      "cogs": null,
      "rd": 9200000,
      "sga": null,
      "fcf": 28206000,
      "ocf": 29657000,
      "capex": -1451000,
      "gross_margin": null,
      "op_margin": 0.3323747627537816,
      "fcf_margin": 0.27037441766837295,
      "incr_op_margin_yoy": 0.47965065502183407,
      "rev_growth_yoy": 0.05806464699737315,
      "rev_growth_yoy_accel": 0.15378129686840114,
      "op_leverage_ratio": Infinity,
      "fcf_margin_change": 0.026115139475959087
    },
    {
      "date": "2024-06-30T00:00:00",
      "quarter_label": "2024-06 (Q2)",
      "revenue": 102059000,
      "gross_profit": null,
      "operating_income": 21681000,
      "net_income": 839000,
      "opex": 80378000,
      "cogs": null,
      "rd": 10300000,
      "sga": null,
      "fcf": 21563000,
      "ocf": 24949000,
      "capex": -3386000,
      "gross_margin": null,
      "op_margin": 0.2124359439147944,
      "fcf_margin": 0.21127974994855916,
      "incr_op_margin_yoy": 10.640275387263339,
      "rev_growth_yoy": -0.011257399172648976,
      "rev_growth_yoy_accel": -0.06932204617002212,
      "fcf_margin_change": -0.05909466771981378
    },
    {
      "date": "2024-09-30T00:00:00",
      "quarter_label": "2024-09 (Q3)",
      "revenue": 100529000,
      "gross_profit": null,
      "operating_income": 19071000,
      "net_income": 10630000,
      "opex": 81458000,
      "cogs": null,
      "rd": 9800000,
      "sga": null,
      "fcf": 20717000,
      "ocf": 25134000,
      "capex": -4417000,
      "gross_margin": null,
      "op_margin": 0.1897064528643476,
      "fcf_margin": 0.20607983765878501,
      "incr_op_margin_yoy": -5.521317829457364,
      "rev_growth_yoy": 0.026340238287271948,
      "rev_growth_yoy_accel": 0.037597637459920924,
      "fcf_margin_change": -0.00519991228977415
    },
    {
      "date": "2024-12-31T00:00:00",
      "quarter_label": "2024-12 (Q4)",
      "revenue": 137799000,
      "gross_profit": null,
      "operating_income": -24155000,
      "net_income": -28213000,
      "opex": 161954000,
      "cogs": null,
      "rd": 15500000,
      "sga": null,
      "fcf": -42569000,
      "ocf": -38319000,
      "capex": -4250000,
      "gross_margin": null,
      "op_margin": -0.17529154783416426,
      "fcf_margin": -0.308920964593357,
      "incr_op_margin_yoy": -1.2261121808497337,
      "rev_growth_yoy": 0.4088436765156937,
      "rev_growth_yoy_accel": 0.38250343822842175,
      "op_leverage_ratio": 0.3751694556468118,
      "fcf_margin_change": -0.515000802252142
    },
    {
      "date": "2025-03-31T00:00:00",
      "quarter_label": "2025-03 (Q1)",
      "revenue": 230307000,
      "gross_profit": 200981000,
      "operating_income": 35187000,
      "net_income": 12042000,
      "opex": 195120000,
      "cogs": 29326000,
      "rd": 13900000,
      "sga": null,
      "fcf": 29721000,
      "ocf": 32472000,
      "capex": -2751000,
      "gross_margin": 0.872665615895305,
      "op_margin": 0.15278302439786892,
      "fcf_margin": 0.12904948612069977,
      "incr_op_margin_yoy": 0.0040719133230146445,
      "rev_growth_yoy": 1.2076551446483004,
      "rev_growth_yoy_accel": 0.7988114681326066,
      "op_leverage_ratio": 3.278172541368958,
      "fcf_margin_change": 0.43797045071405677
    },
    {
      "date": "2025-06-30T00:00:00",
      "quarter_label": "2025-06 (Q2)",
      "revenue": 226038000,
      "gross_profit": 198357000,
      "operating_income": 35961000,
      "net_income": 12807000,
      "opex": 190077000,
      "cogs": 27681000,
      "rd": 12500000,
      "sga": null,
      "fcf": 33533000,
      "ocf": 36711000,
      "capex": -3178000,
      "gross_margin": 0.8775382900220317,
      "op_margin": 0.15909271892336688,
      "fcf_margin": 0.14835116219396738,
      "incr_op_margin_yoy": 0.11518079674783632,
      "rev_growth_yoy": 1.2147777266091182,
      "rev_growth_yoy_accel": 0.007122581960817831,
      "fcf_margin_change": 0.019301676073267604
    },
    {
      "date": "2025-09-30T00:00:00",
      "quarter_label": "2025-09 (Q3)",
      "revenue": 223585000,
      "gross_profit": null,
      "operating_income": 28743000,
      "net_income": -1930000,
      "opex": 194842000,
      "cogs": null,
      "rd": 15700000,
      "sga": null,
      "fcf": 27260000,
      "ocf": 46804000,
      "capex": -19544000,
      "gross_margin": null,
      "op_margin": 0.12855513563074447,
      "fcf_margin": 0.12192231142518506,
      "incr_op_margin_yoy": 0.07859836172149265,
      "rev_growth_yoy": 1.2240845925056452,
      "rev_growth_yoy_accel": 0.009306865896526961,
      "fcf_margin_change": -0.02642885076878232
    }
  ],
  "signals": [
    {
      "quarter": "2025-03 (Q1)",
      "signal": "FCF TURNED POSITIVE",
      "detail": "FCF margin: -30.9% -> +12.9%",
      "severity": "HIGH"
    },
    {
      "quarter": "2025-03 (Q1)",
      "signal": "OPERATING LEVERAGE",
      "detail": "Rev growth +67.1% vs OpEx growth +20.5% (leverage: 3.3x)",
      "severity": "MEDIUM"
    },
    {
      "quarter": "2025-03 (Q1)",
      "signal": "YoY REVENUE GROWTH ACCELERATION",
      "detail": "YoY growth: +120.8% vs prior quarter YoY: +40.9% (accel: +79.9%)",
      "severity": "HIGH"
    },
    {
      "quarter": "2025-03 (Q1)",
      "signal": "OP MARGIN TURNED POSITIVE (QoQ)",
      "detail": "Op margin: -17.5% -> +15.3%",
      "severity": "HIGH"
    },
    {
      "quarter": "2024-12 (Q4)",
      "signal": "YoY REVENUE GROWTH ACCELERATION",
      "detail": "YoY growth: +40.9% vs prior quarter YoY: +2.6% (accel: +38.3%)",
      "severity": "HIGH"
    },
    {
      "quarter": "2024-06 (Q2)",
      "signal": "YoY REVENUE GROWTH DECELERATION",
      "detail": "YoY growth: -1.1% vs prior quarter YoY: +5.8% (decel: -6.9%)",
      "severity": "WARNING"
    },
    {
      "quarter": "2024-06 (Q2)",
      "signal": "INCREMENTAL MARGIN (YoY)",
      "detail": "YoY Incr OPM: +1064.0% vs year-ago OPM: +33.0%",
      "severity": "HIGH"
    },
    {
      "quarter": "2024-03 (Q1)",
      "signal": "YoY REVENUE GROWTH ACCELERATION",
      "detail": "YoY growth: +5.8% vs prior quarter YoY: -9.6% (accel: +15.4%)",
      "severity": "HIGH"
    },
    {
      "quarter": "2024-03 (Q1)",
      "signal": "INCREMENTAL MARGIN (YoY)",
      "detail": "YoY Incr OPM: +48.0% vs year-ago OPM: +32.4%",
      "severity": "MEDIUM"
    },
    {
      "quarter": "2023-12 (Q4)",
      "signal": "FCF MARGIN EXPANSION",
      "detail": "FCF margin: +15.4% -> +24.4% (+9.0%)",
      "severity": "MEDIUM"
    },
    {
      "quarter": "2023-12 (Q4)",
      "signal": "INCREMENTAL MARGIN (YoY)",
      "detail": "YoY Incr OPM: +133.5% vs year-ago OPM: +35.8%",
      "severity": "HIGH"
    },
    {
      "quarter": "2023-09 (Q3)",
      "signal": "FCF MARGIN EXPANSION",
      "detail": "FCF margin: +8.1% -> +15.4% (+7.3%)",
      "severity": "MEDIUM"
    },
    {
      "quarter": "2023-09 (Q3)",
      "signal": "YoY REVENUE GROWTH DECELERATION",
      "detail": "YoY growth: -7.0% vs prior quarter YoY: +5.5% (decel: -12.5%)",
      "severity": "WARNING"
    },
    {
      "quarter": "2023-03 (Q1)",
      "signal": "YoY REVENUE GROWTH DECELERATION",
      "detail": "YoY growth: +6.3% vs prior quarter YoY: +17.2% (decel: -10.9%)",
      "severity": "WARNING"
    },
    {
      "quarter": "2022-12 (Q4)",
      "signal": "FCF MARGIN EXPANSION",
      "detail": "FCF margin: +9.5% -> +21.0% (+11.5%)",
      "severity": "MEDIUM"
    },
    {
      "quarter": "2022-12 (Q4)",
      "signal": "OPERATING LEVERAGE",
      "detail": "Rev growth +2.7% vs OpEx growth +0.7% (leverage: 3.8x)",
      "severity": "MEDIUM"
    },
    {
      "quarter": "2022-06 (Q2)",
      "signal": "FCF MARGIN EXPANSION",
      "detail": "FCF margin: +11.1% -> +16.9% (+5.8%)",
      "severity": "MEDIUM"
    },
    {
      "quarter": "2022-06 (Q2)",
      "signal": "YoY REVENUE GROWTH DECELERATION",
      "detail": "YoY growth: +18.8% vs prior quarter YoY: +25.6% (decel: -6.8%)",
      "severity": "WARNING"
    },
    {
      "quarter": "2022-03 (Q1)",
      "signal": "YoY REVENUE GROWTH ACCELERATION",
      "detail": "YoY growth: +25.6% vs prior quarter YoY: +18.9% (accel: +6.7%)",
      "severity": "MEDIUM"
    },
    {
      "quarter": "2021-12 (Q4)",
      "signal": "INCREMENTAL MARGIN (YoY)",
      "detail": "YoY Incr OPM: +113.4% vs year-ago OPM: +20.2%",
      "severity": "HIGH"
    }
  ],
  "data_quality": {
    "n_quarters": 20,
    "coverage": {
      "revenue": [
        20,
        20
      ],
      "gross_profit": [
        2,
        20
      ],
      "op_income": [
        20,
        20
      ],
      "fcf": [
        15,
        20
      ]
    },
    "gaps": [],
    "warnings": [
      "gross_profit: 2/20Q",
      "fcf: 15/20Q"
    ]
  },
  "market_cap": null,
  "source": "SEC EDGAR",
  "last_updated": "2026-02-02T22:16:58.613090",
  "sector": "Communication Services",
  "industry": "Telecom Services"
}