{
  "ticker": "GOLD",
  "name": "A-Mark Precious Metals, Inc.",
  "quarters": [
    {
      "date": "2020-12-31T00:00:00",
      "quarter_label": "2020-12 (Q4)",
      "revenue": 1518744000,
      "gross_profit": 18751000,
      "operating_income": null,
      "net_income": 8925000,
      "opex": null,
      "cogs": 1499993000,
      "rd": null,
      "sga": 9033000,
      "fcf": -110164000,
      "ocf": -109703000,
      "capex": -461000,
      "gross_margin": 0.012346386224406484,
      "op_margin": null,
      "fcf_margin": -0.07253625364116664
    },
    {
      "date": "2021-03-31T00:00:00",
      "quarter_label": "2021-03 (Q1)",
      "revenue": 2049489000,
      "gross_profit": 68171000,
      "operating_income": null,
      "net_income": 76625000,
      "opex": null,
      "cogs": 1981318000,
      "rd": null,
      "sga": 14783000,
      "fcf": 51913000,
      "ocf": 52327000,
      "capex": -414000,
      "gross_margin": 0.03326243761249755,
      "op_margin": null,
      "fcf_margin": 0.025329728532331716,
      "fcf_margin_change": 0.09786598217349836
    },
    {
      "date": "2021-06-30T00:00:00",
      "quarter_label": "2021-06 (Q2)",
      "revenue": 2178666000,
      "gross_profit": 87131000,
      "operating_income": null,
      "net_income": 51005000,
      "opex": null,
      "cogs": 2091535000,
      "rd": null,
      "sga": 24987000,
      "fcf": 102032000,
      "ocf": 102794000,
      "capex": -762000,
      "gross_margin": 0.039992821295232954,
      "op_margin": null,
      "fcf_margin": 0.04683232767207089,
      "fcf_margin_change": 0.021502599139739176
    },
    {
      "date": "2021-09-30T00:00:00",
      "quarter_label": "2021-09 (Q3)",
      "revenue": 2013971000,
      "gross_profit": 56009000,
      "operating_income": null,
      "net_income": 26024000,
      "opex": null,
      "cogs": 1957962000,
      "rd": null,
      "sga": 16677000,
      "fcf": -70442000,
      "ocf": -69733000,
      "capex": -709000,
      "gross_margin": 0.027810231626969804,
      "op_margin": null,
      "fcf_margin": -0.034976670468442696,
      "fcf_margin_change": -0.0818089981405136
    },
    {
      "date": "2021-12-31T00:00:00",
      "quarter_label": "2021-12 (Q4)",
      "revenue": 1946364000,
      "gross_profit": 65923000,
      "operating_income": null,
      "net_income": 31794000,
      "opex": null,
      "cogs": 1880441000,
      "rd": null,
      "sga": 18713000,
      "fcf": 107346000,
      "ocf": 108264000,
      "capex": -918000,
      "gross_margin": 0.03386982085570839,
      "op_margin": null,
      "fcf_margin": 0.05515206816402276,
      "rev_growth_yoy": 0.2815616061693083,
      "fcf_margin_change": 0.09012873863246545
    },
    {
      "date": "2022-03-31T00:00:00",
      "quarter_label": "2022-03 (Q1)",
      "revenue": 2109115000,
      "gross_profit": 72083000,
      "operating_income": null,
      "net_income": 37382000,
      "opex": null,
      "cogs": 2037032000,
      "rd": null,
      "sga": 20494000,
      "fcf": -114712000,
      "ocf": -114233000,
      "capex": -479000,
      "gross_margin": 0.03417689410013205,
      "op_margin": null,
      "fcf_margin": -0.05438868909471508,
      "rev_growth_yoy": 0.029093105647310134,
      "rev_growth_yoy_accel": -0.25246850052199815,
      "fcf_margin_change": -0.10954075725873784
    },
    {
      "date": "2022-06-30T00:00:00",
      "quarter_label": "2022-06 (Q2)",
      "revenue": 2089804000,
      "gross_profit": 67750000,
      "operating_income": null,
      "net_income": 37336000,
      "opex": null,
      "cogs": 2022054000,
      "rd": null,
      "sga": 20734000,
      "fcf": -14237000,
      "ocf": -13464000,
      "capex": -773000,
      "gross_margin": 0.03241930822220648,
      "op_margin": null,
      "fcf_margin": -0.006812600607521088,
      "rev_growth_yoy": -0.04078734418217386,
      "rev_growth_yoy_accel": -0.06988044982948399,
      "fcf_margin_change": 0.04757608848719399
    },
    {
      "date": "2022-09-30T00:00:00",
      "quarter_label": "2022-09 (Q3)",
      "revenue": 1900351000,
      "gross_profit": 76592000,
      "operating_income": null,
      "net_income": 45125000,
      "opex": null,
      "cogs": 1823759000,
      "rd": null,
      "sga": 17784000,
      "fcf": 278695000,
      "ocf": 279622000,
      "capex": -927000,
      "gross_margin": 0.04030413328906081,
      "op_margin": null,
      "fcf_margin": 0.14665448646065912,
      "rev_growth_yoy": -0.056415906683859894,
      "rev_growth_yoy_accel": -0.01562856250168603,
      "fcf_margin_change": 0.1534670870681802
    },
    {
      "date": "2022-12-31T00:00:00",
      "quarter_label": "2022-12 (Q4)",
      "revenue": 1949705000,
      "gross_profit": 63969000,
      "operating_income": null,
      "net_income": 33481000,
      "opex": null,
      "cogs": 1885736000,
      "rd": null,
      "sga": 20813000,
      "fcf": -329875000,
      "ocf": -328140000,
      "capex": -1735000,
      "gross_margin": 0.03280957888501081,
      "op_margin": null,
      "fcf_margin": -0.1691922624191865,
      "rev_growth_yoy": 0.0017165340090548324,
      "rev_growth_yoy_accel": 0.058132440692914726,
      "fcf_margin_change": -0.31584674887984565
    },
    {
      "date": "2023-03-31T00:00:00",
      "quarter_label": "2023-03 (Q1)",
      "revenue": 2317150000,
      "gross_profit": 75498000,
      "operating_income": null,
      "net_income": 35920000,
      "opex": null,
      "cogs": 2241652000,
      "rd": null,
      "sga": 23841000,
      "fcf": 91202000,
      "ocf": 91767000,
      "capex": -565000,
      "gross_margin": 0.03258226700904128,
      "op_margin": null,
      "fcf_margin": 0.03935955807781111,
      "rev_growth_yoy": 0.09863615781974905,
      "rev_growth_yoy_accel": 0.09691962381069422,
      "fcf_margin_change": 0.2085518204969976
    },
    {
      "date": "2023-06-30T00:00:00",
      "quarter_label": "2023-06 (Q2)",
      "revenue": 3119355000,
      "gross_profit": 78610000,
      "operating_income": null,
      "net_income": 41834000,
      "opex": null,
      "cogs": 3040745000,
      "rd": null,
      "sga": 22844000,
      "fcf": -75128000,
      "ocf": -73572000,
      "capex": -1556000,
      "gross_margin": 0.025200722585278047,
      "op_margin": null,
      "fcf_margin": -0.024084466179707022,
      "rev_growth_yoy": 0.4926543350476887,
      "rev_growth_yoy_accel": 0.39401817722793964,
      "fcf_margin_change": -0.06344402425751813
    },
    {
      "date": "2023-09-30T00:00:00",
      "quarter_label": "2023-09 (Q3)",
      "revenue": 2484618000,
      "gross_profit": 49405000,
      "operating_income": null,
      "net_income": 18827000,
      "opex": null,
      "cogs": 2435213000,
      "rd": null,
      "sga": 21845000,
      "fcf": -46148000,
      "ocf": -44262000,
      "capex": -1886000,
      "gross_margin": 0.019884344394188562,
      "op_margin": null,
      "fcf_margin": -0.01857347890098196,
      "rev_growth_yoy": 0.3074521496292001,
      "rev_growth_yoy_accel": -0.1852021854184886,
      "fcf_margin_change": 0.005510987278725062
    },
    {
      "date": "2023-12-31T00:00:00",
      "quarter_label": "2023-12 (Q4)",
      "revenue": 2078815000,
      "gross_profit": 46041000,
      "operating_income": null,
      "net_income": 13766000,
      "opex": null,
      "cogs": 2032774000,
      "rd": null,
      "sga": 22396000,
      "fcf": -59343000,
      "ocf": -57405000,
      "capex": -1938000,
      "gross_margin": 0.022147713962040873,
      "op_margin": null,
      "fcf_margin": -0.028546551761460256,
      "rev_growth_yoy": 0.06622027434919642,
      "rev_growth_yoy_accel": -0.24123187528000367,
      "fcf_margin_change": -0.009973072860478296
    },
    {
      "date": "2024-03-31T00:00:00",
      "quarter_label": "2024-03 (Q1)",
      "revenue": 2610651000,
      "gross_profit": 34838000,
      "operating_income": null,
      "net_income": 5013000,
      "opex": null,
      "cogs": 2575813000,
      "rd": null,
      "sga": 22854000,
      "fcf": 79057000,
      "ocf": 79751000,
      "capex": -694000,
      "gross_margin": 0.013344564248534177,
      "op_margin": null,
      "fcf_margin": 0.030282485096629154,
      "rev_growth_yoy": 0.1266646526983579,
      "rev_growth_yoy_accel": 0.06044437834916147,
      "fcf_margin_change": 0.058829036858089406
    },
    {
      "date": "2024-06-30T00:00:00",
      "quarter_label": "2024-06 (Q2)",
      "revenue": 2524955000,
      "gross_profit": 42971000,
      "operating_income": null,
      "net_income": 30940000,
      "opex": null,
      "cogs": 2481984000,
      "rd": null,
      "sga": 22705000,
      "fcf": 80112000,
      "ocf": 82850000,
      "capex": -2738000,
      "gross_margin": 0.01701852112215861,
      "op_margin": null,
      "fcf_margin": 0.031728090203587786,
      "rev_growth_yoy": -0.19055221351849982,
      "rev_growth_yoy_accel": -0.31721686621685774,
      "fcf_margin_change": 0.001445605106958632
    },
    {
      "date": "2024-09-30T00:00:00",
      "quarter_label": "2024-09 (Q3)",
      "revenue": 2715096000,
      "gross_profit": 43443000,
      "operating_income": null,
      "net_income": 8984000,
      "opex": null,
      "cogs": 2671653000,
      "rd": null,
      "sga": 26617000,
      "fcf": -128136000,
      "ocf": -127529000,
      "capex": -607000,
      "gross_margin": 0.016000539207453437,
      "op_margin": null,
      "fcf_margin": -0.04719391137550937,
      "rev_growth_yoy": 0.09276194569949989,
      "rev_growth_yoy_accel": 0.28331415921799974,
      "fcf_margin_change": -0.07892200157909715
    },
    {
      "date": "2024-12-31T00:00:00",
      "quarter_label": "2024-12 (Q4)",
      "revenue": 2742345000,
      "gross_profit": 44767000,
      "operating_income": null,
      "net_income": 6558000,
      "opex": null,
      "cogs": 2697578000,
      "rd": null,
      "sga": 25754000,
      "fcf": 106370000,
      "ocf": 110071000,
      "capex": -3701000,
      "gross_margin": 0.01632435014558708,
      "op_margin": null,
      "fcf_margin": 0.03878797160824039,
      "rev_growth_yoy": 0.3191866520108812,
      "rev_growth_yoy_accel": 0.2264247063113813,
      "fcf_margin_change": 0.08598188298374976
    },
    {
      "date": "2025-03-31T00:00:00",
      "quarter_label": "2025-03 (Q1)",
      "revenue": 3009125000,
      "gross_profit": 41017000,
      "operating_income": null,
      "net_income": -8546000,
      "opex": null,
      "cogs": 2968108000,
      "rd": null,
      "sga": 33404000,
      "fcf": 100367000,
      "ocf": 102839000,
      "capex": -2472000,
      "gross_margin": 0.013630872762015536,
      "op_margin": null,
      "fcf_margin": 0.03335421426494413,
      "rev_growth_yoy": 0.1526339598820371,
      "rev_growth_yoy_accel": -0.1665526921288441,
      "fcf_margin_change": -0.005433757343296264
    },
    {
      "date": "2025-06-30T00:00:00",
      "quarter_label": "2025-06 (Q2)",
      "revenue": 2512048000,
      "gross_profit": 81689000,
      "operating_income": null,
      "net_income": 10324000,
      "opex": null,
      "cogs": 2430359000,
      "rd": null,
      "sga": 53418000,
      "fcf": 63068000,
      "ocf": 66966000,
      "capex": -3898000,
      "gross_margin": 0.0325188849894588,
      "op_margin": null,
      "fcf_margin": 0.025106208161627484,
      "rev_growth_yoy": -0.005111774269244402,
      "rev_growth_yoy_accel": -0.15774573415128149,
      "fcf_margin_change": -0.008248006103316646
    },
    {
      "date": "2025-09-30T00:00:00",
      "quarter_label": "2025-09 (Q3)",
      "revenue": 3680766000,
      "gross_profit": 72897000,
      "operating_income": null,
      "net_income": -939000,
      "opex": null,
      "cogs": 3607869000,
      "rd": null,
      "sga": 59822000,
      "fcf": 193443000,
      "ocf": 195417000,
      "capex": -1974000,
      "gross_margin": 0.01980484496976988,
      "op_margin": null,
      "fcf_margin": 0.0525550931518059,
      "rev_growth_yoy": 0.35566698194097,
      "rev_growth_yoy_accel": 0.36077875621021444,
      "fcf_margin_change": 0.027448884990178415
    }
  ],
  "signals": [
    {
      "quarter": "2025-09 (Q3)",
      "signal": "YoY REVENUE GROWTH ACCELERATION",
      "detail": "YoY growth: +35.6% vs prior quarter YoY: -0.5% (accel: +36.1%)",
      "severity": "HIGH"
    },
    {
      "quarter": "2025-06 (Q2)",
      "signal": "YoY REVENUE GROWTH DECELERATION",
      "detail": "YoY growth: -0.5% vs prior quarter YoY: +15.3% (decel: -15.8%)",
      "severity": "WARNING"
    },
    {
      "quarter": "2025-03 (Q1)",
      "signal": "YoY REVENUE GROWTH DECELERATION",
      "detail": "YoY growth: +15.3% vs prior quarter YoY: +31.9% (decel: -16.7%)",
      "severity": "WARNING"
    },
    {
      "quarter": "2024-12 (Q4)",
      "signal": "FCF TURNED POSITIVE",
      "detail": "FCF margin: -4.7% -> +3.9%",
      "severity": "HIGH"
    },
    {
      "quarter": "2024-12 (Q4)",
      "signal": "YoY REVENUE GROWTH ACCELERATION",
      "detail": "YoY growth: +31.9% vs prior quarter YoY: +9.3% (accel: +22.6%)",
      "severity": "HIGH"
    },
    {
      "quarter": "2024-09 (Q3)",
      "signal": "YoY REVENUE GROWTH ACCELERATION",
      "detail": "YoY growth: +9.3% vs prior quarter YoY: -19.1% (accel: +28.3%)",
      "severity": "HIGH"
    },
    {
      "quarter": "2024-06 (Q2)",
      "signal": "YoY REVENUE GROWTH DECELERATION",
      "detail": "YoY growth: -19.1% vs prior quarter YoY: +12.7% (decel: -31.7%)",
      "severity": "WARNING"
    },
    {
      "quarter": "2024-03 (Q1)",
      "signal": "FCF TURNED POSITIVE",
      "detail": "FCF margin: -2.9% -> +3.0%",
      "severity": "HIGH"
    },
    {
      "quarter": "2024-03 (Q1)",
      "signal": "YoY REVENUE GROWTH ACCELERATION",
      "detail": "YoY growth: +12.7% vs prior quarter YoY: +6.6% (accel: +6.0%)",
      "severity": "MEDIUM"
    },
    {
      "quarter": "2023-12 (Q4)",
      "signal": "YoY REVENUE GROWTH DECELERATION",
      "detail": "YoY growth: +6.6% vs prior quarter YoY: +30.7% (decel: -24.1%)",
      "severity": "WARNING"
    },
    {
      "quarter": "2023-09 (Q3)",
      "signal": "YoY REVENUE GROWTH DECELERATION",
      "detail": "YoY growth: +30.7% vs prior quarter YoY: +49.3% (decel: -18.5%)",
      "severity": "WARNING"
    },
    {
      "quarter": "2023-06 (Q2)",
      "signal": "YoY REVENUE GROWTH ACCELERATION",
      "detail": "YoY growth: +49.3% vs prior quarter YoY: +9.9% (accel: +39.4%)",
      "severity": "HIGH"
    },
    {
      "quarter": "2023-03 (Q1)",
      "signal": "FCF TURNED POSITIVE",
      "detail": "FCF margin: -16.9% -> +3.9%",
      "severity": "HIGH"
    },
    {
      "quarter": "2023-03 (Q1)",
      "signal": "YoY REVENUE GROWTH ACCELERATION",
      "detail": "YoY growth: +9.9% vs prior quarter YoY: +0.2% (accel: +9.7%)",
      "severity": "MEDIUM"
    },
    {
      "quarter": "2022-12 (Q4)",
      "signal": "YoY REVENUE GROWTH ACCELERATION",
      "detail": "YoY growth: +0.2% vs prior quarter YoY: -5.6% (accel: +5.8%)",
      "severity": "MEDIUM"
    },
    {
      "quarter": "2022-09 (Q3)",
      "signal": "FCF TURNED POSITIVE",
      "detail": "FCF margin: -0.7% -> +14.7%",
      "severity": "HIGH"
    },
    {
      "quarter": "2022-06 (Q2)",
      "signal": "YoY REVENUE GROWTH DECELERATION",
      "detail": "YoY growth: -4.1% vs prior quarter YoY: +2.9% (decel: -7.0%)",
      "severity": "WARNING"
    },
    {
      "quarter": "2022-03 (Q1)",
      "signal": "YoY REVENUE GROWTH DECELERATION",
      "detail": "YoY growth: +2.9% vs prior quarter YoY: +28.2% (decel: -25.2%)",
      "severity": "WARNING"
    },
    {
      "quarter": "2021-12 (Q4)",
      "signal": "FCF TURNED POSITIVE",
      "detail": "FCF margin: -3.5% -> +5.5%",
      "severity": "HIGH"
    },
    {
      "quarter": "2021-03 (Q1)",
      "signal": "FCF TURNED POSITIVE",
      "detail": "FCF margin: -7.3% -> +2.5%",
      "severity": "HIGH"
    }
  ],
  "data_quality": {
    "n_quarters": 20,
    "coverage": {
      "revenue": [
        20,
        20
      ],
      "gross_profit": [
        20,
        20
      ],
      "op_income": [
        0,
        20
      ],
      "fcf": [
        20,
        20
      ]
    },
    "gaps": [],
    "warnings": [
      "op_income: no data"
    ]
  },
  "market_cap": null,
  "source": "SEC EDGAR",
  "last_updated": "2026-02-02T21:54:33.917504",
  "sector": "Financial Services",
  "industry": "Capital Markets"
}