{
  "ticker": "GOOD",
  "name": "GLADSTONE COMMERCIAL CORP",
  "quarters": [
    {
      "date": "2020-12-31T00:00:00",
      "quarter_label": "2020-12 (Q4)",
      "revenue": 32865000,
      "gross_profit": null,
      "operating_income": null,
      "net_income": 8829000,
      "opex": 24656000,
      "cogs": null,
      "rd": null,
      "sga": null,
      "fcf": 13110000,
      "ocf": 13110000,
      "capex": null,
      "gross_margin": null,
      "op_margin": null,
      "fcf_margin": 0.3989046097672296
    },
    {
      "date": "2021-03-31T00:00:00",
      "quarter_label": "2021-03 (Q1)",
      "revenue": 34677000,
      "gross_profit": null,
      "operating_income": null,
      "net_income": 79000,
      "opex": 26904000,
      "cogs": null,
      "rd": null,
      "sga": null,
      "fcf": 16879000,
      "ocf": 16879000,
      "capex": null,
      "gross_margin": null,
      "op_margin": null,
      "fcf_margin": 0.48674914208264847,
      "op_leverage_ratio": 0.6047151806727944,
      "fcf_margin_change": 0.08784453231541889
    },
    {
      "date": "2021-06-30T00:00:00",
      "quarter_label": "2021-06 (Q2)",
      "revenue": 33371000,
      "gross_profit": null,
      "operating_income": null,
      "net_income": 2142000,
      "opex": 24987000,
      "cogs": null,
      "rd": null,
      "sga": null,
      "fcf": 17520000,
      "ocf": 17520000,
      "capex": null,
      "gross_margin": null,
      "op_margin": null,
      "fcf_margin": 0.5250067423811093,
      "fcf_margin_change": 0.03825760029846087
    },
    {
      "date": "2021-09-30T00:00:00",
      "quarter_label": "2021-09 (Q3)",
      "revenue": 34334000,
      "gross_profit": null,
      "operating_income": null,
      "net_income": 4477000,
      "opex": 25498000,
      "cogs": null,
      "rd": null,
      "sga": null,
      "fcf": 19294000,
      "ocf": 19294000,
      "capex": null,
      "gross_margin": null,
      "op_margin": null,
      "fcf_margin": 0.561950253393138,
      "op_leverage_ratio": 1.4110756019865849,
      "fcf_margin_change": 0.03694351101202864
    },
    {
      "date": "2021-12-31T00:00:00",
      "quarter_label": "2021-12 (Q4)",
      "revenue": 35307000,
      "gross_profit": null,
      "operating_income": null,
      "net_income": 3074000,
      "opex": 25412000,
      "cogs": null,
      "rd": null,
      "sga": null,
      "fcf": 16433000,
      "ocf": 16433000,
      "capex": null,
      "gross_margin": null,
      "op_margin": null,
      "fcf_margin": 0.46543178406548275,
      "rev_growth_yoy": 0.07430397078959379,
      "op_leverage_ratio": Infinity,
      "fcf_margin_change": -0.09651846932765523
    },
    {
      "date": "2022-03-31T00:00:00",
      "quarter_label": "2022-03 (Q1)",
      "revenue": 35531000,
      "gross_profit": null,
      "operating_income": null,
      "net_income": 3389000,
      "opex": 25658000,
      "cogs": null,
      "rd": null,
      "sga": null,
      "fcf": 17187000,
      "ocf": 17187000,
      "capex": null,
      "gross_margin": null,
      "op_margin": null,
      "fcf_margin": 0.4837184430497312,
      "rev_growth_yoy": 0.024627274562390056,
      "rev_growth_yoy_accel": -0.049676696227203734,
      "fcf_margin_change": 0.01828665898424847
    },
    {
      "date": "2022-06-30T00:00:00",
      "quarter_label": "2022-06 (Q2)",
      "revenue": 36399000,
      "gross_profit": null,
      "operating_income": null,
      "net_income": 1582000,
      "opex": 27825000,
      "cogs": null,
      "rd": null,
      "sga": null,
      "fcf": 17421000,
      "ocf": 17421000,
      "capex": null,
      "gross_margin": null,
      "op_margin": null,
      "fcf_margin": 0.4786120497815874,
      "rev_growth_yoy": 0.09073746666267118,
      "rev_growth_yoy_accel": 0.06611019210028113,
      "op_leverage_ratio": 0.28925187579037714,
      "fcf_margin_change": -0.005106393268143827
    },
    {
      "date": "2022-09-30T00:00:00",
      "quarter_label": "2022-09 (Q3)",
      "revenue": 39834000,
      "gross_profit": null,
      "operating_income": null,
      "net_income": 2501000,
      "opex": 37448000,
      "cogs": null,
      "rd": null,
      "sga": null,
      "fcf": 22290000,
      "ocf": 22290000,
      "capex": null,
      "gross_margin": null,
      "op_margin": null,
      "fcf_margin": 0.5595722247326405,
      "rev_growth_yoy": 0.1601910642511796,
      "rev_growth_yoy_accel": 0.06945359758850841,
      "op_leverage_ratio": 0.2728738863546025,
      "fcf_margin_change": 0.08096017495105307
    },
    {
      "date": "2022-12-31T00:00:00",
      "quarter_label": "2022-12 (Q4)",
      "revenue": 37217000,
      "gross_profit": null,
      "operating_income": null,
      "net_income": 1824000,
      "opex": 26826000,
      "cogs": null,
      "rd": null,
      "sga": null,
      "fcf": 12279000,
      "ocf": 12279000,
      "capex": null,
      "gross_margin": null,
      "op_margin": null,
      "fcf_margin": 0.32992987075798696,
      "rev_growth_yoy": 0.05409692129039567,
      "rev_growth_yoy_accel": -0.10609414296078393,
      "fcf_margin_change": -0.2296423539746535
    },
    {
      "date": "2023-03-31T00:00:00",
      "quarter_label": "2023-03 (Q1)",
      "revenue": 36554000,
      "gross_profit": null,
      "operating_income": null,
      "net_income": 2404000,
      "opex": 25434000,
      "cogs": null,
      "rd": null,
      "sga": null,
      "fcf": 14919000,
      "ocf": 14919000,
      "capex": null,
      "gross_margin": null,
      "op_margin": null,
      "fcf_margin": 0.4081359085189035,
      "rev_growth_yoy": 0.028791759308772622,
      "rev_growth_yoy_accel": -0.02530516198162305,
      "fcf_margin_change": 0.07820603776091656
    },
    {
      "date": "2023-06-30T00:00:00",
      "quarter_label": "2023-06 (Q2)",
      "revenue": 38658000,
      "gross_profit": null,
      "operating_income": null,
      "net_income": -4515000,
      "opex": 33716000,
      "cogs": null,
      "rd": null,
      "sga": null,
      "fcf": 15769000,
      "ocf": 15769000,
      "capex": null,
      "gross_margin": null,
      "op_margin": null,
      "fcf_margin": 0.4079103937089348,
      "rev_growth_yoy": 0.06206214456441111,
      "rev_growth_yoy_accel": 0.03327038525563848,
      "op_leverage_ratio": 0.17676255433090315,
      "fcf_margin_change": -0.00022551480996874096
    },
    {
      "date": "2023-09-30T00:00:00",
      "quarter_label": "2023-09 (Q3)",
      "revenue": 36464000,
      "gross_profit": null,
      "operating_income": null,
      "net_income": 1789000,
      "opex": 29587000,
      "cogs": null,
      "rd": null,
      "sga": null,
      "fcf": 17801000,
      "ocf": 17801000,
      "capex": null,
      "gross_margin": null,
      "op_margin": null,
      "fcf_margin": 0.4881801228609039,
      "rev_growth_yoy": -0.08460109454235075,
      "rev_growth_yoy_accel": -0.14666323910676185,
      "fcf_margin_change": 0.08026972915196912
    },
    {
      "date": "2023-12-31T00:00:00",
      "quarter_label": "2023-12 (Q4)",
      "revenue": 35909000,
      "gross_profit": null,
      "operating_income": null,
      "net_income": 4537000,
      "opex": 28136000,
      "cogs": null,
      "rd": null,
      "sga": null,
      "fcf": 11878000,
      "ocf": 11878000,
      "capex": null,
      "gross_margin": null,
      "op_margin": null,
      "fcf_margin": 0.3307805842546437,
      "rev_growth_yoy": -0.03514522933068222,
      "rev_growth_yoy_accel": 0.04945586521166853,
      "fcf_margin_change": -0.15739953860626021
    },
    {
      "date": "2024-03-31T00:00:00",
      "quarter_label": "2024-03 (Q1)",
      "revenue": 35721000,
      "gross_profit": null,
      "operating_income": null,
      "net_income": 3524000,
      "opex": 23315000,
      "cogs": null,
      "rd": null,
      "sga": null,
      "fcf": 15023000,
      "ocf": 15023000,
      "capex": null,
      "gross_margin": null,
      "op_margin": null,
      "fcf_margin": 0.420564933792447,
      "rev_growth_yoy": -0.022788203753351208,
      "rev_growth_yoy_accel": 0.01235702557733101,
      "fcf_margin_change": 0.08978434953780334
    },
    {
      "date": "2024-06-30T00:00:00",
      "quarter_label": "2024-06 (Q2)",
      "revenue": 37057000,
      "gross_profit": null,
      "operating_income": null,
      "net_income": 1611000,
      "opex": 25973000,
      "cogs": null,
      "rd": null,
      "sga": null,
      "fcf": 13603000,
      "ocf": 13603000,
      "capex": null,
      "gross_margin": null,
      "op_margin": null,
      "fcf_margin": 0.36708314218636157,
      "rev_growth_yoy": -0.04141445496404367,
      "rev_growth_yoy_accel": -0.01862625121069246,
      "op_leverage_ratio": 0.32806756332819215,
      "fcf_margin_change": -0.05348179160608546
    },
    {
      "date": "2024-09-30T00:00:00",
      "quarter_label": "2024-09 (Q3)",
      "revenue": 39235000,
      "gross_profit": null,
      "operating_income": null,
      "net_income": 11677000,
      "opex": 28546000,
      "cogs": null,
      "rd": null,
      "sga": null,
      "fcf": 5540000,
      "ocf": 5540000,
      "capex": null,
      "gross_margin": null,
      "op_margin": null,
      "fcf_margin": 0.14120045877405377,
      "rev_growth_yoy": 0.07599275998244845,
      "rev_growth_yoy_accel": 0.11740721494649212,
      "op_leverage_ratio": 0.593293987568295,
      "fcf_margin_change": -0.2258826834123078
    },
    {
      "date": "2024-12-31T00:00:00",
      "quarter_label": "2024-12 (Q4)",
      "revenue": 37375000,
      "gross_profit": null,
      "operating_income": null,
      "net_income": 7190000,
      "opex": 24970000,
      "cogs": null,
      "rd": null,
      "sga": null,
      "fcf": 22787000,
      "ocf": 22787000,
      "capex": null,
      "gross_margin": null,
      "op_margin": null,
      "fcf_margin": 0.609685618729097,
      "rev_growth_yoy": 0.040825419811189395,
      "rev_growth_yoy_accel": -0.035167340171259054,
      "fcf_margin_change": 0.46848515995504325
    },
    {
      "date": "2025-03-31T00:00:00",
      "quarter_label": "2025-03 (Q1)",
      "revenue": 37501000,
      "gross_profit": null,
      "operating_income": null,
      "net_income": 5134000,
      "opex": 23858000,
      "cogs": null,
      "rd": null,
      "sga": null,
      "fcf": 17684000,
      "ocf": 17684000,
      "capex": null,
      "gross_margin": null,
      "op_margin": null,
      "fcf_margin": 0.4715607583797765,
      "rev_growth_yoy": 0.04983063184121385,
      "rev_growth_yoy_accel": 0.009005212030024454,
      "fcf_margin_change": -0.13812486034932048
    },
    {
      "date": "2025-06-30T00:00:00",
      "quarter_label": "2025-06 (Q2)",
      "revenue": 39533000,
      "gross_profit": null,
      "operating_income": null,
      "net_income": 4633000,
      "opex": 25146000,
      "cogs": null,
      "rd": null,
      "sga": null,
      "fcf": 35848000,
      "ocf": 35848000,
      "capex": null,
      "gross_margin": null,
      "op_margin": null,
      "fcf_margin": 0.9067867351326739,
      "rev_growth_yoy": 0.06681598618344713,
      "rev_growth_yoy_accel": 0.016985354342233278,
      "op_leverage_ratio": 1.0036886801031062,
      "fcf_margin_change": 0.4352259767528974
    },
    {
      "date": "2025-09-30T00:00:00",
      "quarter_label": "2025-09 (Q3)",
      "revenue": 40841000,
      "gross_profit": null,
      "operating_income": null,
      "net_income": 4136000,
      "opex": 26021000,
      "cogs": null,
      "rd": null,
      "sga": null,
      "fcf": 18898000,
      "ocf": 18898000,
      "capex": null,
      "gross_margin": null,
      "op_margin": null,
      "fcf_margin": 0.4627212849832276,
      "rev_growth_yoy": 0.04093284057601631,
      "rev_growth_yoy_accel": -0.025883145607430817,
      "op_leverage_ratio": 0.9508430352942027,
      "fcf_margin_change": -0.4440654501494463
    }
  ],
  "signals": [
    {
      "quarter": "2025-06 (Q2)",
      "signal": "FCF MARGIN EXPANSION",
      "detail": "FCF margin: +47.2% -> +90.7% (+43.5%)",
      "severity": "MEDIUM"
    },
    {
      "quarter": "2024-12 (Q4)",
      "signal": "FCF MARGIN EXPANSION",
      "detail": "FCF margin: +14.1% -> +61.0% (+46.8%)",
      "severity": "MEDIUM"
    },
    {
      "quarter": "2024-09 (Q3)",
      "signal": "YoY REVENUE GROWTH ACCELERATION",
      "detail": "YoY growth: +7.6% vs prior quarter YoY: -4.1% (accel: +11.7%)",
      "severity": "MEDIUM"
    },
    {
      "quarter": "2024-03 (Q1)",
      "signal": "FCF MARGIN EXPANSION",
      "detail": "FCF margin: +33.1% -> +42.1% (+9.0%)",
      "severity": "MEDIUM"
    },
    {
      "quarter": "2023-09 (Q3)",
      "signal": "FCF MARGIN EXPANSION",
      "detail": "FCF margin: +40.8% -> +48.8% (+8.0%)",
      "severity": "MEDIUM"
    },
    {
      "quarter": "2023-09 (Q3)",
      "signal": "YoY REVENUE GROWTH DECELERATION",
      "detail": "YoY growth: -8.5% vs prior quarter YoY: +6.2% (decel: -14.7%)",
      "severity": "WARNING"
    },
    {
      "quarter": "2023-03 (Q1)",
      "signal": "FCF MARGIN EXPANSION",
      "detail": "FCF margin: +33.0% -> +40.8% (+7.8%)",
      "severity": "MEDIUM"
    },
    {
      "quarter": "2022-12 (Q4)",
      "signal": "YoY REVENUE GROWTH DECELERATION",
      "detail": "YoY growth: +5.4% vs prior quarter YoY: +16.0% (decel: -10.6%)",
      "severity": "WARNING"
    },
    {
      "quarter": "2022-09 (Q3)",
      "signal": "FCF MARGIN EXPANSION",
      "detail": "FCF margin: +47.9% -> +56.0% (+8.1%)",
      "severity": "MEDIUM"
    },
    {
      "quarter": "2022-09 (Q3)",
      "signal": "YoY REVENUE GROWTH ACCELERATION",
      "detail": "YoY growth: +16.0% vs prior quarter YoY: +9.1% (accel: +6.9%)",
      "severity": "MEDIUM"
    },
    {
      "quarter": "2022-06 (Q2)",
      "signal": "YoY REVENUE GROWTH ACCELERATION",
      "detail": "YoY growth: +9.1% vs prior quarter YoY: +2.5% (accel: +6.6%)",
      "severity": "MEDIUM"
    },
    {
      "quarter": "2021-03 (Q1)",
      "signal": "FCF MARGIN EXPANSION",
      "detail": "FCF margin: +39.9% -> +48.7% (+8.8%)",
      "severity": "MEDIUM"
    }
  ],
  "data_quality": {
    "n_quarters": 20,
    "coverage": {
      "revenue": [
        20,
        20
      ],
      "gross_profit": [
        0,
        20
      ],
      "op_income": [
        0,
        20
      ],
      "fcf": [
        20,
        20
      ]
    },
    "gaps": [],
    "warnings": [
      "gross_profit: no data",
      "op_income: no data"
    ]
  },
  "market_cap": null,
  "source": "SEC EDGAR",
  "last_updated": "2026-02-02T22:21:00.552160",
  "sector": "Real Estate",
  "industry": "REIT - Diversified"
}