{
  "ticker": "GPC",
  "name": "GENUINE PARTS CO",
  "quarters": [
    {
      "date": "2020-12-31T00:00:00",
      "quarter_label": "2020-12 (Q4)",
      "revenue": 4251594000,
      "gross_profit": 1448110000,
      "operating_income": null,
      "net_income": 171204000,
      "opex": 1213190000,
      "cogs": 2803484000,
      "rd": null,
      "sga": 1132297000,
      "fcf": null,
      "ocf": null,
      "capex": -48074000,
      "gross_margin": 0.3406040181635405,
      "op_margin": null,
      "fcf_margin": null
    },
    {
      "date": "2021-03-31T00:00:00",
      "quarter_label": "2021-03 (Q1)",
      "revenue": 4464714000,
      "gross_profit": 1540815000,
      "operating_income": null,
      "net_income": 217710000,
      "opex": 1272369000,
      "cogs": 2923899000,
      "rd": null,
      "sga": 1195164000,
      "fcf": 252551000,
      "ocf": 300942000,
      "capex": -48391000,
      "gross_margin": 0.3451094515796533,
      "op_margin": null,
      "fcf_margin": 0.05656599728448452,
      "op_leverage_ratio": 1.027622540202179
    },
    {
      "date": "2021-06-30T00:00:00",
      "quarter_label": "2021-06 (Q2)",
      "revenue": 4783738000,
      "gross_profit": 1689105000,
      "operating_income": null,
      "net_income": 196496000,
      "opex": 1428306000,
      "cogs": 3094633000,
      "rd": null,
      "sga": 1349309000,
      "fcf": 361886000,
      "ocf": 403488000,
      "capex": -41602000,
      "gross_margin": 0.35309312508335533,
      "op_margin": null,
      "fcf_margin": 0.07564920988565846,
      "op_leverage_ratio": 0.5830336440532731,
      "fcf_margin_change": 0.01908321260117394
    },
    {
      "date": "2021-09-30T00:00:00",
      "quarter_label": "2021-09 (Q3)",
      "revenue": 4818849000,
      "gross_profit": 1710767000,
      "operating_income": null,
      "net_income": 228585000,
      "opex": 1415173000,
      "cogs": 3108082000,
      "rd": null,
      "sga": 1338768000,
      "fcf": 255553000,
      "ocf": 303766000,
      "capex": -48213000,
      "gross_margin": 0.3550156894312314,
      "op_margin": null,
      "fcf_margin": 0.05303195846145003,
      "fcf_margin_change": -0.02261725142420843
    },
    {
      "date": "2021-12-31T00:00:00",
      "quarter_label": "2021-12 (Q4)",
      "revenue": 4803209000,
      "gross_profit": 1693449000,
      "operating_income": null,
      "net_income": 255999000,
      "opex": 1355368000,
      "cogs": 3109760000,
      "rd": null,
      "sga": 1279265000,
      "fcf": 122159000,
      "ocf": 250089000,
      "capex": -127930000,
      "gross_margin": 0.35256616982521477,
      "op_margin": null,
      "fcf_margin": 0.025432788787662582,
      "rev_growth_yoy": 0.1297431034101563,
      "fcf_margin_change": -0.027599169673787446
    },
    {
      "date": "2022-03-31T00:00:00",
      "quarter_label": "2022-03 (Q1)",
      "revenue": 5294635000,
      "gross_profit": 1825947000,
      "operating_income": null,
      "net_income": 245838000,
      "opex": 1495842000,
      "cogs": 3468688000,
      "rd": null,
      "sga": 1403979000,
      "fcf": 320763000,
      "ocf": 398808000,
      "capex": -78045000,
      "gross_margin": 0.3448673987914181,
      "op_margin": null,
      "fcf_margin": 0.06058264639583276,
      "rev_growth_yoy": 0.18588447098739136,
      "rev_growth_yoy_accel": 0.05614136757723506,
      "op_leverage_ratio": 0.9871608526407809,
      "fcf_margin_change": 0.035149857608170174
    },
    {
      "date": "2022-06-30T00:00:00",
      "quarter_label": "2022-06 (Q2)",
      "revenue": 5602414000,
      "gross_profit": 1960799000,
      "operating_income": null,
      "net_income": 372529000,
      "opex": 1452804000,
      "cogs": 3641615000,
      "rd": null,
      "sga": 1364015000,
      "fcf": 317246000,
      "ocf": 392177000,
      "capex": -74931000,
      "gross_margin": 0.3499918071031523,
      "op_margin": null,
      "fcf_margin": 0.056626661292792715,
      "rev_growth_yoy": 0.1711372989072562,
      "rev_growth_yoy_accel": -0.014747172080135151,
      "op_leverage_ratio": Infinity,
      "fcf_margin_change": -0.003955985103040044
    },
    {
      "date": "2022-09-30T00:00:00",
      "quarter_label": "2022-09 (Q3)",
      "revenue": 5675274000,
      "gross_profit": 1979667000,
      "operating_income": null,
      "net_income": 312358000,
      "opex": 1551127000,
      "cogs": 3695607000,
      "rd": null,
      "sga": 1458418000,
      "fcf": 362584000,
      "ocf": 453606000,
      "capex": -91022000,
      "gross_margin": 0.34882315814179193,
      "op_margin": null,
      "fcf_margin": 0.06388836909019723,
      "rev_growth_yoy": 0.17772397516502383,
      "rev_growth_yoy_accel": 0.006586676257767626,
      "op_leverage_ratio": 0.19216127608243838,
      "fcf_margin_change": 0.00726170779740451
    },
    {
      "date": "2022-12-31T00:00:00",
      "quarter_label": "2022-12 (Q4)",
      "revenue": 5523650000,
      "gross_profit": 1973691000,
      "operating_income": null,
      "net_income": 251976000,
      "opex": 1626132000,
      "cogs": 3549959000,
      "rd": null,
      "sga": 1531883000,
      "fcf": 126746000,
      "ocf": 222380000,
      "capex": -95634000,
      "gross_margin": 0.3573164483629484,
      "op_margin": null,
      "fcf_margin": 0.02294605921808949,
      "rev_growth_yoy": 0.14999159936617373,
      "rev_growth_yoy_accel": -0.0277323757988501,
      "fcf_margin_change": -0.040942309872107736
    },
    {
      "date": "2023-03-31T00:00:00",
      "quarter_label": "2023-03 (Q1)",
      "revenue": 5765118000,
      "gross_profit": 2013401000,
      "operating_income": null,
      "net_income": 303957000,
      "opex": 1604098000,
      "cogs": 3751717000,
      "rd": null,
      "sga": 1511244000,
      "fcf": 109407000,
      "ocf": 197507000,
      "capex": -88100000,
      "gross_margin": 0.3492384717884352,
      "op_margin": null,
      "fcf_margin": 0.0189774086150535,
      "rev_growth_yoy": 0.08886032748244213,
      "rev_growth_yoy_accel": -0.0611312718837316,
      "op_leverage_ratio": Infinity,
      "fcf_margin_change": -0.00396865060303599
    },
    {
      "date": "2023-06-30T00:00:00",
      "quarter_label": "2023-06 (Q2)",
      "revenue": 5915006000,
      "gross_profit": 2134743000,
      "operating_income": null,
      "net_income": 344494000,
      "opex": 1680848000,
      "cogs": 3780263000,
      "rd": null,
      "sga": 1581653000,
      "fcf": 142260000,
      "ocf": 259496000,
      "capex": -117236000,
      "gross_margin": 0.3609029306141025,
      "op_margin": null,
      "fcf_margin": 0.024050694115948488,
      "rev_growth_yoy": 0.055795947961003955,
      "rev_growth_yoy_accel": -0.033064379521438175,
      "op_leverage_ratio": 0.5433894184952583,
      "fcf_margin_change": 0.005073285500894989
    },
    {
      "date": "2023-09-30T00:00:00",
      "quarter_label": "2023-09 (Q3)",
      "revenue": 5824602000,
      "gross_profit": 2109241000,
      "operating_income": null,
      "net_income": 351198000,
      "opex": 1644076000,
      "cogs": 3715361000,
      "rd": null,
      "sga": 1551799000,
      "fcf": 480921000,
      "ocf": 625443000,
      "capex": -144522000,
      "gross_margin": 0.3621262019276167,
      "op_margin": null,
      "fcf_margin": 0.08256718656485026,
      "rev_growth_yoy": 0.02631203356877571,
      "rev_growth_yoy_accel": -0.029483914392228246,
      "fcf_margin_change": 0.05851649244890178
    },
    {
      "date": "2023-12-31T00:00:00",
      "quarter_label": "2023-12 (Q4)",
      "revenue": 5585884000,
      "gross_profit": 2033287000,
      "operating_income": null,
      "net_income": 316875000,
      "opex": 1614597000,
      "cogs": 3552597000,
      "rd": null,
      "sga": 1522447000,
      "fcf": 190347000,
      "ocf": 353164000,
      "capex": -162817000,
      "gross_margin": 0.3640045156684242,
      "op_margin": null,
      "fcf_margin": 0.03407643266491033,
      "rev_growth_yoy": 0.011266825378146696,
      "rev_growth_yoy_accel": -0.015045208190629013,
      "fcf_margin_change": -0.04849075389993993
    },
    {
      "date": "2024-03-31T00:00:00",
      "quarter_label": "2024-03 (Q1)",
      "revenue": 5783631000,
      "gross_profit": 2074655000,
      "operating_income": null,
      "net_income": 248894000,
      "opex": 1754790000,
      "cogs": 3708976000,
      "rd": null,
      "sga": 1574927000,
      "fcf": 202616000,
      "ocf": 318306000,
      "capex": -115690000,
      "gross_margin": 0.3587115083932568,
      "op_margin": null,
      "fcf_margin": 0.03503266373667338,
      "rev_growth_yoy": 0.0032112092068193572,
      "rev_growth_yoy_accel": -0.00805561617132734,
      "op_leverage_ratio": 0.4077141674805026,
      "fcf_margin_change": 0.0009562310717630487
    },
    {
      "date": "2024-06-30T00:00:00",
      "quarter_label": "2024-06 (Q2)",
      "revenue": 5962567000,
      "gross_profit": 2180303000,
      "operating_income": null,
      "net_income": 295544000,
      "opex": 1782096000,
      "cogs": 3782264000,
      "rd": null,
      "sga": 1647456000,
      "fcf": 150054000,
      "ocf": 293609000,
      "capex": -143555000,
      "gross_margin": 0.3656651573055699,
      "op_margin": null,
      "fcf_margin": 0.025166006520346017,
      "rev_growth_yoy": 0.008040735715230044,
      "rev_growth_yoy_accel": 0.004829526508410687,
      "op_leverage_ratio": 1.988218968407602,
      "fcf_margin_change": -0.009866657216327363
    },
    {
      "date": "2024-09-30T00:00:00",
      "quarter_label": "2024-09 (Q3)",
      "revenue": 5970198000,
      "gross_profit": 2198441000,
      "operating_income": null,
      "net_income": 226582000,
      "opex": 1876578000,
      "cogs": 3771757000,
      "rd": null,
      "sga": 1722400000,
      "fcf": 357965000,
      "ocf": 484310000,
      "capex": -126345000,
      "gross_margin": 0.36823586085419613,
      "op_margin": null,
      "fcf_margin": 0.05995864793763959,
      "rev_growth_yoy": 0.024996729390265635,
      "rev_growth_yoy_accel": 0.016955993675035592,
      "fcf_margin_change": 0.034792641417293574
    },
    {
      "date": "2024-12-31T00:00:00",
      "quarter_label": "2024-12 (Q4)",
      "revenue": 5770173000,
      "gross_profit": 2070216000,
      "operating_income": null,
      "net_income": 133056000,
      "opex": 1880935000,
      "cogs": 3699957000,
      "rd": null,
      "sga": 1698117000,
      "fcf": -26723000,
      "ocf": 155026000,
      "capex": -181749000,
      "gross_margin": 0.35877884423915885,
      "op_margin": null,
      "fcf_margin": -0.004631230294135029,
      "rev_growth_yoy": 0.03299191318688322,
      "rev_growth_yoy_accel": 0.007995183796617587,
      "fcf_margin_change": -0.06458987823177462
    },
    {
      "date": "2025-03-31T00:00:00",
      "quarter_label": "2025-03 (Q1)",
      "revenue": 5866069000,
      "gross_profit": 2173684000,
      "operating_income": null,
      "net_income": 194392000,
      "opex": 1885739000,
      "cogs": 3692385000,
      "rd": null,
      "sga": 1709679000,
      "fcf": -160667000,
      "ocf": -40827000,
      "capex": -119840000,
      "gross_margin": 0.3705520681737634,
      "op_margin": null,
      "fcf_margin": -0.02738921073038861,
      "rev_growth_yoy": 0.014253675588916374,
      "rev_growth_yoy_accel": -0.018738237597966848,
      "op_leverage_ratio": 6.507024577436549,
      "fcf_margin_change": -0.022757980436253582
    },
    {
      "date": "2025-06-30T00:00:00",
      "quarter_label": "2025-06 (Q2)",
      "revenue": 6164425000,
      "gross_profit": 2324388000,
      "operating_income": null,
      "net_income": 254880000,
      "opex": 1947550000,
      "cogs": 3840037000,
      "rd": null,
      "sga": 1771195000,
      "fcf": 80960000,
      "ocf": 209942000,
      "capex": -128982000,
      "gross_margin": 0.37706485195293965,
      "op_margin": null,
      "fcf_margin": 0.01313342282532434,
      "rev_growth_yoy": 0.03385421077867972,
      "rev_growth_yoy_accel": 0.019600535189763346,
      "op_leverage_ratio": 1.5516845008289848,
      "fcf_margin_change": 0.04052263355571295
    },
    {
      "date": "2025-09-30T00:00:00",
      "quarter_label": "2025-09 (Q3)",
      "revenue": 6260232000,
      "gross_profit": 2341402000,
      "operating_income": null,
      "net_income": 226171000,
      "opex": 2007109000,
      "cogs": 3918830000,
      "rd": null,
      "sga": 1805928000,
      "fcf": 239953000,
      "ocf": 341574000,
      "capex": -101621000,
      "gross_margin": 0.3740120174459988,
      "op_margin": null,
      "fcf_margin": 0.03832972963302318,
      "rev_growth_yoy": 0.04858029834186404,
      "rev_growth_yoy_accel": 0.014726087563184317,
      "op_leverage_ratio": 0.5082131371258245,
      "fcf_margin_change": 0.02519630680769884
    }
  ],
  "signals": [
    {
      "quarter": "2025-06 (Q2)",
      "signal": "FCF TURNED POSITIVE",
      "detail": "FCF margin: -2.7% -> +1.3%",
      "severity": "HIGH"
    },
    {
      "quarter": "2025-06 (Q2)",
      "signal": "OPERATING LEVERAGE",
      "detail": "Rev growth +5.1% vs OpEx growth +3.3% (leverage: 1.6x)",
      "severity": "MEDIUM"
    },
    {
      "quarter": "2025-03 (Q1)",
      "signal": "OPERATING LEVERAGE",
      "detail": "Rev growth +1.7% vs OpEx growth +0.3% (leverage: 6.5x)",
      "severity": "MEDIUM"
    },
    {
      "quarter": "2024-06 (Q2)",
      "signal": "OPERATING LEVERAGE",
      "detail": "Rev growth +3.1% vs OpEx growth +1.6% (leverage: 2.0x)",
      "severity": "MEDIUM"
    },
    {
      "quarter": "2023-09 (Q3)",
      "signal": "FCF MARGIN EXPANSION",
      "detail": "FCF margin: +2.4% -> +8.3% (+5.9%)",
      "severity": "MEDIUM"
    },
    {
      "quarter": "2023-03 (Q1)",
      "signal": "YoY REVENUE GROWTH DECELERATION",
      "detail": "YoY growth: +8.9% vs prior quarter YoY: +15.0% (decel: -6.1%)",
      "severity": "WARNING"
    },
    {
      "quarter": "2022-03 (Q1)",
      "signal": "YoY REVENUE GROWTH ACCELERATION",
      "detail": "YoY growth: +18.6% vs prior quarter YoY: +13.0% (accel: +5.6%)",
      "severity": "MEDIUM"
    }
  ],
  "data_quality": {
    "n_quarters": 20,
    "coverage": {
      "revenue": [
        20,
        20
      ],
      "gross_profit": [
        20,
        20
      ],
      "op_income": [
        0,
        20
      ],
      "fcf": [
        19,
        20
      ]
    },
    "gaps": [],
    "warnings": [
      "op_income: no data"
    ]
  },
  "market_cap": null,
  "source": "SEC EDGAR",
  "last_updated": "2026-02-02T20:19:20.766391",
  "sector": "Consumer Cyclical",
  "industry": "Auto Parts"
}