{
  "ticker": "GPN",
  "name": "GLOBAL PAYMENTS INC.",
  "quarters": [
    {
      "date": "2020-12-31T00:00:00",
      "quarter_label": "2020-12 (Q4)",
      "revenue": 1930193000,
      "gross_profit": 1007998000,
      "operating_income": 251981000,
      "net_income": 182643000,
      "opex": 1678211000,
      "cogs": 922195000,
      "rd": null,
      "sga": 756016000,
      "fcf": 769390000,
      "ocf": 769390000,
      "capex": null,
      "gross_margin": 0.5222265338233016,
      "op_margin": 0.1305470489220508,
      "fcf_margin": 0.39860780761302106
    },
    {
      "date": "2021-03-31T00:00:00",
      "quarter_label": "2021-03 (Q1)",
      "revenue": 1990007000,
      "gross_profit": 1064761000,
      "operating_income": 275259000,
      "net_income": 196681000,
      "opex": 1714748000,
      "cogs": 925246000,
      "rd": null,
      "sga": 789502000,
      "fcf": 599406000,
      "ocf": 599406000,
      "capex": null,
      "gross_margin": 0.5350538967953379,
      "op_margin": 0.13832061897269707,
      "fcf_margin": 0.3012079857005528,
      "op_leverage_ratio": 1.4233633803313208,
      "fcf_margin_change": -0.09739982191246827
    },
    {
      "date": "2021-06-30T00:00:00",
      "quarter_label": "2021-06 (Q2)",
      "revenue": 2137437000,
      "gross_profit": 1201127000,
      "operating_income": 362558000,
      "net_income": 263590000,
      "opex": 1774879000,
      "cogs": 936310000,
      "rd": null,
      "sga": 838569000,
      "fcf": 510235000,
      "ocf": 510235000,
      "capex": null,
      "gross_margin": 0.561947322891856,
      "op_margin": 0.16962277718594748,
      "fcf_margin": 0.2387134685139258,
      "op_leverage_ratio": 2.112677173917867,
      "fcf_margin_change": -0.06249451718662699
    },
    {
      "date": "2021-09-30T00:00:00",
      "quarter_label": "2021-09 (Q3)",
      "revenue": 2202337000,
      "gross_profit": 1258165000,
      "operating_income": 400083000,
      "net_income": 296736000,
      "opex": 1802254000,
      "cogs": 944172000,
      "rd": null,
      "sga": 858082000,
      "fcf": 917969000,
      "ocf": 917969000,
      "capex": null,
      "gross_margin": 0.5712863199410444,
      "op_margin": 0.1816629335110839,
      "fcf_margin": 0.41681586423876094,
      "op_leverage_ratio": 1.96863860312811,
      "fcf_margin_change": 0.17810239572483513
    },
    {
      "date": "2021-12-31T00:00:00",
      "quarter_label": "2021-12 (Q4)",
      "revenue": 2193981000,
      "gross_profit": 1225984000,
      "operating_income": 320976000,
      "net_income": 208453000,
      "opex": 1873005000,
      "cogs": 967997000,
      "rd": null,
      "sga": 905008000,
      "fcf": 753215000,
      "ocf": 753215000,
      "capex": null,
      "gross_margin": 0.5587942648546181,
      "op_margin": 0.14629844105304468,
      "fcf_margin": 0.3433097187259142,
      "incr_op_margin_yoy": 0.2615547333464752,
      "rev_growth_yoy": 0.1366640538018737,
      "fcf_margin_change": -0.07350614551284673
    },
    {
      "date": "2022-03-31T00:00:00",
      "quarter_label": "2022-03 (Q1)",
      "revenue": 2156254000,
      "gross_profit": 1199096000,
      "operating_income": 375947000,
      "net_income": 244733000,
      "opex": 1780307000,
      "cogs": 957158000,
      "rd": null,
      "sga": 823149000,
      "fcf": 630000000,
      "ocf": 630000000,
      "capex": null,
      "gross_margin": 0.5561014611451156,
      "op_margin": 0.1743519084486336,
      "fcf_margin": 0.292173371040703,
      "incr_op_margin_yoy": 0.6056530343404694,
      "rev_growth_yoy": 0.08354091216764564,
      "rev_growth_yoy_accel": -0.053123141634228044,
      "fcf_margin_change": -0.05113634768521119
    },
    {
      "date": "2022-06-30T00:00:00",
      "quarter_label": "2022-06 (Q2)",
      "revenue": 2280906000,
      "gross_profit": 1318607000,
      "operating_income": -529858000,
      "net_income": -672999000,
      "opex": 2810764000,
      "cogs": 962299000,
      "rd": null,
      "sga": 863179000,
      "fcf": 568133000,
      "ocf": 568133000,
      "capex": null,
      "gross_margin": 0.5781066821692783,
      "op_margin": -0.2323015503488526,
      "fcf_margin": 0.24908216296506738,
      "incr_op_margin_yoy": -6.220270581101143,
      "rev_growth_yoy": 0.06712197833199295,
      "rev_growth_yoy_accel": -0.016418933835652696,
      "op_leverage_ratio": 0.09987674003676128,
      "fcf_margin_change": -0.04309120807563563
    },
    {
      "date": "2022-09-30T00:00:00",
      "quarter_label": "2022-09 (Q3)",
      "revenue": 2285371000,
      "gross_profit": 1354122000,
      "operating_income": 386432000,
      "net_income": 290454000,
      "opex": 1898939000,
      "cogs": 931249000,
      "rd": null,
      "sga": 918757000,
      "fcf": 336375000,
      "ocf": 336375000,
      "capex": null,
      "gross_margin": 0.5925173637015609,
      "op_margin": 0.1690893951135286,
      "fcf_margin": 0.1471861680226099,
      "incr_op_margin_yoy": -0.16440253390177517,
      "rev_growth_yoy": 0.037702676747473254,
      "rev_growth_yoy_accel": -0.02941930158451969,
      "fcf_margin_change": -0.10189599494245749
    },
    {
      "date": "2022-12-31T00:00:00",
      "quarter_label": "2022-12 (Q4)",
      "revenue": 2252984000,
      "gross_profit": 1325073000,
      "operating_income": 407630000,
      "net_income": 249306000,
      "opex": 1845354000,
      "cogs": 927911000,
      "rd": null,
      "sga": 919493000,
      "fcf": 1005686000,
      "ocf": 1005686000,
      "capex": null,
      "gross_margin": 0.5881413272353465,
      "op_margin": 0.180928936912113,
      "fcf_margin": 0.44637955706742705,
      "incr_op_margin_yoy": 1.4686371879395963,
      "rev_growth_yoy": 0.026893122593130935,
      "rev_growth_yoy_accel": -0.01080955415434232,
      "fcf_margin_change": 0.2991933890448172
    },
    {
      "date": "2023-03-31T00:00:00",
      "quarter_label": "2023-03 (Q1)",
      "revenue": 2292447000,
      "gross_profit": 1344694000,
      "operating_income": 56735000,
      "net_income": -11041000,
      "opex": 2235712000,
      "cogs": 947753000,
      "rd": null,
      "sga": 1043126000,
      "fcf": 599526000,
      "ocf": 599526000,
      "capex": null,
      "gross_margin": 0.5865758292340019,
      "op_margin": 0.024748663764091385,
      "fcf_margin": 0.26152229473571253,
      "incr_op_margin_yoy": -2.3438209012210613,
      "rev_growth_yoy": 0.06316185384467693,
      "rev_growth_yoy_accel": 0.03626873125154599,
      "op_leverage_ratio": 0.08280348132390597,
      "fcf_margin_change": -0.1848572623317145
    },
    {
      "date": "2023-06-30T00:00:00",
      "quarter_label": "2023-06 (Q2)",
      "revenue": 2452469000,
      "gross_profit": 1510517000,
      "operating_income": 602741000,
      "net_income": 274148000,
      "opex": 1849728000,
      "cogs": 941952000,
      "rd": null,
      "sga": 1013514000,
      "fcf": 564957000,
      "ocf": 564957000,
      "capex": null,
      "gross_margin": 0.6159168576646636,
      "op_margin": 0.24576905967007126,
      "fcf_margin": 0.2303625448476617,
      "incr_op_margin_yoy": 6.601650705571714,
      "rev_growth_yoy": 0.07521704094776374,
      "rev_growth_yoy_accel": 0.012055187103086812,
      "op_leverage_ratio": Infinity,
      "fcf_margin_change": -0.03115974988805084
    },
    {
      "date": "2023-09-30T00:00:00",
      "quarter_label": "2023-09 (Q3)",
      "revenue": 2475691000,
      "gross_profit": 1560160000,
      "operating_income": 558196000,
      "net_income": 361830000,
      "opex": 1917495000,
      "cogs": 915531000,
      "rd": null,
      "sga": 1001964000,
      "fcf": 426808000,
      "ocf": 426808000,
      "capex": null,
      "gross_margin": 0.6301917323284691,
      "op_margin": 0.22547078775178325,
      "fcf_margin": 0.1723995442080615,
      "incr_op_margin_yoy": 0.9025010508617066,
      "rev_growth_yoy": 0.0832775072406187,
      "rev_growth_yoy_accel": 0.008060466292854965,
      "fcf_margin_change": -0.05796300063960019
    },
    {
      "date": "2023-12-31T00:00:00",
      "quarter_label": "2023-12 (Q4)",
      "revenue": 2433812000,
      "gross_profit": 1511528000,
      "operating_income": 498716000,
      "net_income": 361297000,
      "opex": 1935096000,
      "cogs": 922284000,
      "rd": null,
      "sga": 1015163000,
      "fcf": 958514000,
      "ocf": 958514000,
      "capex": null,
      "gross_margin": 0.6210537214871157,
      "op_margin": 0.20491147220902847,
      "fcf_margin": 0.3938323913268568,
      "incr_op_margin_yoy": 0.5037162386356095,
      "rev_growth_yoy": 0.0802615553417157,
      "rev_growth_yoy_accel": -0.0030159518989030104,
      "fcf_margin_change": 0.22143284711879532
    },
    {
      "date": "2024-03-31T00:00:00",
      "quarter_label": "2024-03 (Q1)",
      "revenue": 2420187000,
      "gross_profit": 1497797000,
      "operating_income": 452252000,
      "net_income": 313307000,
      "opex": 1967935000,
      "cogs": 922390000,
      "rd": null,
      "sga": 1045545000,
      "fcf": 529579000,
      "ocf": 529579000,
      "capex": null,
      "gross_margin": 0.6188765578858163,
      "op_margin": 0.18686655204742444,
      "fcf_margin": 0.21881738890424582,
      "incr_op_margin_yoy": 3.096265852512917,
      "rev_growth_yoy": 0.055722117021680326,
      "rev_growth_yoy_accel": -0.02453943832003537,
      "fcf_margin_change": -0.175015002422611
    },
    {
      "date": "2024-06-30T00:00:00",
      "quarter_label": "2024-06 (Q2)",
      "revenue": 2568768000,
      "gross_profit": 1630284000,
      "operating_income": 572623000,
      "net_income": 374760000,
      "opex": 1996145000,
      "cogs": 938484000,
      "rd": null,
      "sga": 1057661000,
      "fcf": 808835000,
      "ocf": 808835000,
      "capex": null,
      "gross_margin": 0.6346559907317437,
      "op_margin": 0.2229173673916835,
      "fcf_margin": 0.31487273276527894,
      "incr_op_margin_yoy": -0.2589704124713024,
      "rev_growth_yoy": 0.047421190645019366,
      "rev_growth_yoy_accel": -0.00830092637666096,
      "op_leverage_ratio": 4.282743028367303,
      "fcf_margin_change": 0.09605534386103312
    },
    {
      "date": "2024-09-30T00:00:00",
      "quarter_label": "2024-09 (Q3)",
      "revenue": 2601552000,
      "gross_profit": 1654607000,
      "operating_income": 475581000,
      "net_income": 315125000,
      "opex": 2125971000,
      "cogs": 946945000,
      "rd": null,
      "sga": 1179026000,
      "fcf": 835732000,
      "ocf": 835732000,
      "capex": null,
      "gross_margin": 0.6360076600429282,
      "op_margin": 0.18280664772412775,
      "fcf_margin": 0.3212436268811848,
      "incr_op_margin_yoy": -0.6563987255782172,
      "rev_growth_yoy": 0.05083873552878772,
      "rev_growth_yoy_accel": 0.0034175448837683517,
      "op_leverage_ratio": 0.19623093238204248,
      "fcf_margin_change": 0.006370894115905856
    },
    {
      "date": "2024-12-31T00:00:00",
      "quarter_label": "2024-12 (Q4)",
      "revenue": 2515386000,
      "gross_profit": 1563089000,
      "operating_income": 833148000,
      "net_income": 567173000,
      "opex": 1682238000,
      "cogs": 952297000,
      "rd": null,
      "sga": 1003075000,
      "fcf": 883437000,
      "ocf": 883437000,
      "capex": null,
      "gross_margin": 0.6214111869907839,
      "op_margin": 0.3312207351078522,
      "fcf_margin": 0.351213292910114,
      "incr_op_margin_yoy": 4.099737661509795,
      "rev_growth_yoy": 0.033516968442919993,
      "rev_growth_yoy_accel": -0.017321767085867724,
      "fcf_margin_change": 0.0299696660289292
    },
    {
      "date": "2025-03-31T00:00:00",
      "quarter_label": "2025-03 (Q1)",
      "revenue": 2412098000,
      "gross_profit": 1490903000,
      "operating_income": 470885000,
      "net_income": 305734000,
      "opex": 1941213000,
      "cogs": 921195000,
      "rd": null,
      "sga": 1024011000,
      "fcf": 555124000,
      "ocf": 555124000,
      "capex": null,
      "gross_margin": 0.6180938751244767,
      "op_margin": 0.19521802182166728,
      "fcf_margin": 0.2301415614125131,
      "incr_op_margin_yoy": -2.303498578316232,
      "rev_growth_yoy": -0.0033423037145476776,
      "rev_growth_yoy_accel": -0.03685927215746767,
      "fcf_margin_change": -0.12107173149760089
    },
    {
      "date": "2025-06-30T00:00:00",
      "quarter_label": "2025-06 (Q2)",
      "revenue": 1956747000,
      "gross_profit": 1457959000,
      "operating_income": 427206000,
      "net_income": 241640000,
      "opex": 1529541000,
      "cogs": 498788000,
      "rd": null,
      "sga": 1031020000,
      "fcf": 817525000,
      "ocf": 817525000,
      "capex": null,
      "gross_margin": 0.7450932593738485,
      "op_margin": 0.21832459689474418,
      "fcf_margin": 0.4177980086337171,
      "incr_op_margin_yoy": 0.23760132413757043,
      "rev_growth_yoy": -0.23825468084311233,
      "rev_growth_yoy_accel": -0.23491237712856464,
      "fcf_margin_change": 0.18765644722120398
    },
    {
      "date": "2025-09-30T00:00:00",
      "quarter_label": "2025-09 (Q3)",
      "revenue": 2007637000,
      "gross_profit": 1450955000,
      "operating_income": 778014000,
      "net_income": 635209000,
      "opex": 1229623000,
      "cogs": 556682000,
      "rd": null,
      "sga": 1016832000,
      "fcf": 768731000,
      "ocf": 768731000,
      "capex": null,
      "gross_margin": 0.722717802072785,
      "op_margin": 0.3875272272826213,
      "fcf_margin": 0.3829033834303711,
      "incr_op_margin_yoy": -0.5092193327327985,
      "rev_growth_yoy": -0.22829257304870323,
      "rev_growth_yoy_accel": 0.009962107794409092,
      "op_leverage_ratio": Infinity,
      "fcf_margin_change": -0.034894625203345964
    }
  ],
  "signals": [
    {
      "quarter": "2025-06 (Q2)",
      "signal": "FCF MARGIN EXPANSION",
      "detail": "FCF margin: +23.0% -> +41.8% (+18.8%)",
      "severity": "MEDIUM"
    },
    {
      "quarter": "2025-06 (Q2)",
      "signal": "GROSS MARGIN INFLECTION",
      "detail": "GM: +62.1% -> +61.8% -> +74.5% (reversal +12.7%)",
      "severity": "HIGH"
    },
    {
      "quarter": "2025-06 (Q2)",
      "signal": "YoY REVENUE GROWTH DECELERATION",
      "detail": "YoY growth: -23.8% vs prior quarter YoY: -0.3% (decel: -23.5%)",
      "severity": "WARNING"
    },
    {
      "quarter": "2024-12 (Q4)",
      "signal": "INCREMENTAL MARGIN (YoY)",
      "detail": "YoY Incr OPM: +410.0% vs year-ago OPM: +20.5%",
      "severity": "HIGH"
    },
    {
      "quarter": "2024-06 (Q2)",
      "signal": "FCF MARGIN EXPANSION",
      "detail": "FCF margin: +21.9% -> +31.5% (+9.6%)",
      "severity": "MEDIUM"
    },
    {
      "quarter": "2024-06 (Q2)",
      "signal": "OPERATING LEVERAGE",
      "detail": "Rev growth +6.1% vs OpEx growth +1.4% (leverage: 4.3x)",
      "severity": "MEDIUM"
    },
    {
      "quarter": "2024-03 (Q1)",
      "signal": "INCREMENTAL MARGIN (YoY)",
      "detail": "YoY Incr OPM: +309.6% vs year-ago OPM: +2.5%",
      "severity": "HIGH"
    },
    {
      "quarter": "2023-12 (Q4)",
      "signal": "FCF MARGIN EXPANSION",
      "detail": "FCF margin: +17.2% -> +39.4% (+22.1%)",
      "severity": "MEDIUM"
    },
    {
      "quarter": "2023-12 (Q4)",
      "signal": "INCREMENTAL MARGIN (YoY)",
      "detail": "YoY Incr OPM: +50.4% vs year-ago OPM: +18.1%",
      "severity": "HIGH"
    },
    {
      "quarter": "2023-09 (Q3)",
      "signal": "INCREMENTAL MARGIN (YoY)",
      "detail": "YoY Incr OPM: +90.3% vs year-ago OPM: +16.9%",
      "severity": "HIGH"
    },
    {
      "quarter": "2023-06 (Q2)",
      "signal": "GROSS MARGIN INFLECTION",
      "detail": "GM: +58.8% -> +58.7% -> +61.6% (reversal +2.9%)",
      "severity": "MEDIUM"
    },
    {
      "quarter": "2023-06 (Q2)",
      "signal": "OP MARGIN TURNED POSITIVE (YoY)",
      "detail": "Op margin: -23.2% (year-ago) -> +24.6%",
      "severity": "HIGH"
    },
    {
      "quarter": "2022-12 (Q4)",
      "signal": "FCF MARGIN EXPANSION",
      "detail": "FCF margin: +14.7% -> +44.6% (+29.9%)",
      "severity": "MEDIUM"
    },
    {
      "quarter": "2022-12 (Q4)",
      "signal": "INCREMENTAL MARGIN (YoY)",
      "detail": "YoY Incr OPM: +146.9% vs year-ago OPM: +14.6%",
      "severity": "HIGH"
    },
    {
      "quarter": "2022-09 (Q3)",
      "signal": "OP MARGIN TURNED POSITIVE (QoQ)",
      "detail": "Op margin: -23.2% -> +16.9%",
      "severity": "HIGH"
    },
    {
      "quarter": "2022-06 (Q2)",
      "signal": "GROSS MARGIN INFLECTION",
      "detail": "GM: +55.9% -> +55.6% -> +57.8% (reversal +2.2%)",
      "severity": "MEDIUM"
    },
    {
      "quarter": "2022-03 (Q1)",
      "signal": "YoY REVENUE GROWTH DECELERATION",
      "detail": "YoY growth: +8.4% vs prior quarter YoY: +13.7% (decel: -5.3%)",
      "severity": "WARNING"
    },
    {
      "quarter": "2022-03 (Q1)",
      "signal": "INCREMENTAL MARGIN (YoY)",
      "detail": "YoY Incr OPM: +60.6% vs year-ago OPM: +13.8%",
      "severity": "HIGH"
    },
    {
      "quarter": "2021-12 (Q4)",
      "signal": "INCREMENTAL MARGIN (YoY)",
      "detail": "YoY Incr OPM: +26.2% vs year-ago OPM: +13.1%",
      "severity": "MEDIUM"
    },
    {
      "quarter": "2021-09 (Q3)",
      "signal": "FCF MARGIN EXPANSION",
      "detail": "FCF margin: +23.9% -> +41.7% (+17.8%)",
      "severity": "MEDIUM"
    },
    {
      "quarter": "2021-09 (Q3)",
      "signal": "OPERATING LEVERAGE",
      "detail": "Rev growth +3.0% vs OpEx growth +1.5% (leverage: 2.0x)",
      "severity": "MEDIUM"
    },
    {
      "quarter": "2021-06 (Q2)",
      "signal": "OPERATING LEVERAGE",
      "detail": "Rev growth +7.4% vs OpEx growth +3.5% (leverage: 2.1x)",
      "severity": "MEDIUM"
    }
  ],
  "data_quality": {
    "n_quarters": 20,
    "coverage": {
      "revenue": [
        20,
        20
      ],
      "gross_profit": [
        20,
        20
      ],
      "op_income": [
        20,
        20
      ],
      "fcf": [
        20,
        20
      ]
    },
    "gaps": [],
    "warnings": []
  },
  "market_cap": null,
  "source": "SEC EDGAR",
  "last_updated": "2026-02-02T20:17:59.902990",
  "sector": "Industrials",
  "industry": "Specialty Business Services"
}