{
  "ticker": "GRAL",
  "name": "GRAIL, Inc.",
  "quarters": [
    {
      "date": "2023-06-30T00:00:00",
      "quarter_label": "2023-06 (Q2)",
      "revenue": 22414000,
      "gross_profit": null,
      "operating_income": -204367000,
      "net_income": -193044000,
      "opex": 226781000,
      "cogs": null,
      "rd": null,
      "sga": null,
      "fcf": null,
      "ocf": null,
      "capex": null,
      "gross_margin": null,
      "op_margin": -9.117828143124832,
      "fcf_margin": null
    },
    {
      "date": "2023-10-01T00:00:00",
      "quarter_label": "2023-10 (Q4)",
      "revenue": 20722000,
      "gross_profit": null,
      "operating_income": -912391000,
      "net_income": -891448000,
      "opex": 933113000,
      "cogs": null,
      "rd": null,
      "sga": null,
      "fcf": -157511000,
      "ocf": -157511000,
      "capex": null,
      "gross_margin": null,
      "op_margin": -44.03006466557282,
      "fcf_margin": -7.601148537785928
    },
    {
      "date": "2023-12-31T00:00:00",
      "quarter_label": "2023-12 (Q4)",
      "revenue": 30326000,
      "gross_profit": null,
      "operating_income": -194593000,
      "net_income": -187527000,
      "opex": 224919000,
      "cogs": null,
      "rd": null,
      "sga": null,
      "fcf": null,
      "ocf": null,
      "capex": null,
      "gross_margin": null,
      "op_margin": -6.416705137505771,
      "fcf_margin": null,
      "op_leverage_ratio": Infinity
    },
    {
      "date": "2024-03-31T00:00:00",
      "quarter_label": "2024-03 (Q1)",
      "revenue": 26721000,
      "gross_profit": null,
      "operating_income": -227422000,
      "net_income": -218914000,
      "opex": 254143000,
      "cogs": null,
      "rd": 101625000,
      "sga": null,
      "fcf": -209834000,
      "ocf": -207286000,
      "capex": -2548000,
      "gross_margin": null,
      "op_margin": -8.510983870364132,
      "fcf_margin": -7.852774970996594
    },
    {
      "date": "2024-06-30T00:00:00",
      "quarter_label": "2024-06 (Q2)",
      "revenue": 31970000,
      "gross_profit": null,
      "operating_income": -1641291000,
      "net_income": -1585337000,
      "opex": 1673261000,
      "cogs": null,
      "rd": 94196000,
      "sga": null,
      "fcf": -173185000,
      "ocf": -171799000,
      "capex": -1386000,
      "gross_margin": null,
      "op_margin": -51.33847356897091,
      "fcf_margin": -5.417109790428527,
      "incr_op_margin_yoy": -150.3687735454165,
      "rev_growth_yoy": 0.4263406799321852,
      "op_leverage_ratio": 0.03517900155980076,
      "fcf_margin_change": 2.4356651805680674
    },
    {
      "date": "2024-09-30T00:00:00",
      "quarter_label": "2024-09 (Q3)",
      "revenue": 28652000,
      "gross_profit": null,
      "operating_income": -183507000,
      "net_income": -125688000,
      "opex": 212159000,
      "cogs": null,
      "rd": 78231000,
      "sga": null,
      "fcf": -105552000,
      "ocf": -104581000,
      "capex": -971000,
      "gross_margin": null,
      "op_margin": -6.404683791707385,
      "fcf_margin": -3.683931313695379,
      "incr_op_margin_yoy": 91.91475409836066,
      "rev_growth_yoy": 0.38268506900878296,
      "rev_growth_yoy_accel": -0.043655610923402255,
      "fcf_margin_change": 1.7331784767331482
    },
    {
      "date": "2024-12-31T00:00:00",
      "quarter_label": "2024-12 (Q4)",
      "revenue": 38252000,
      "gross_profit": null,
      "operating_income": -136938000,
      "net_income": -97066000,
      "opex": 175190000,
      "cogs": null,
      "rd": 48328000,
      "sga": null,
      "fcf": -93793000,
      "ocf": -93490000,
      "capex": -303000,
      "gross_margin": null,
      "op_margin": -3.57989124751647,
      "fcf_margin": -2.451976367248771,
      "incr_op_margin_yoy": 7.274160989149634,
      "rev_growth_yoy": 0.2613598892039834,
      "rev_growth_yoy_accel": -0.12132517980479957,
      "op_leverage_ratio": Infinity,
      "fcf_margin_change": 1.2319549464466077
    },
    {
      "date": "2025-03-31T00:00:00",
      "quarter_label": "2025-03 (Q1)",
      "revenue": 31837000,
      "gross_profit": null,
      "operating_income": -153607000,
      "net_income": -106213000,
      "opex": 185444000,
      "cogs": null,
      "rd": 53625000,
      "sga": null,
      "fcf": -95074000,
      "ocf": -95012000,
      "capex": -62000,
      "gross_margin": null,
      "op_margin": -4.824795049784842,
      "fcf_margin": -2.9862738323334486,
      "incr_op_margin_yoy": 14.428264268960126,
      "rev_growth_yoy": 0.19145990045282738,
      "rev_growth_yoy_accel": -0.06989998875115602,
      "fcf_margin_change": -0.5342974650846775
    },
    {
      "date": "2025-06-30T00:00:00",
      "quarter_label": "2025-06 (Q2)",
      "revenue": 35544000,
      "gross_profit": null,
      "operating_income": -158854000,
      "net_income": -113985000,
      "opex": 194398000,
      "cogs": null,
      "rd": 46626000,
      "sga": null,
      "fcf": -77334000,
      "ocf": -76965000,
      "capex": -369000,
      "gross_margin": null,
      "op_margin": -4.469221246905244,
      "fcf_margin": -2.175725860904794,
      "incr_op_margin_yoy": 414.78371572467825,
      "rev_growth_yoy": 0.11179230528620582,
      "rev_growth_yoy_accel": -0.07966759516662156,
      "op_leverage_ratio": 2.4114937736824222,
      "fcf_margin_change": 0.8105479714286545
    },
    {
      "date": "2025-09-30T00:00:00",
      "quarter_label": "2025-09 (Q3)",
      "revenue": 36194000,
      "gross_profit": null,
      "operating_income": -125291000,
      "net_income": -88977000,
      "opex": 161485000,
      "cogs": null,
      "rd": 48647000,
      "sga": null,
      "fcf": -63629000,
      "ocf": -63245000,
      "capex": -384000,
      "gross_margin": null,
      "op_margin": -3.4616511023926617,
      "fcf_margin": -1.7579985632977841,
      "incr_op_margin_yoy": 7.718907451604349,
      "rev_growth_yoy": 0.2632276978919447,
      "rev_growth_yoy_accel": 0.1514353926057389,
      "op_leverage_ratio": Infinity,
      "fcf_margin_change": 0.4177272976070099
    }
  ],
  "signals": [
    {
      "quarter": "2025-09 (Q3)",
      "signal": "FCF MARGIN EXPANSION",
      "detail": "FCF margin: -217.6% -> -175.8% (+41.8%)",
      "severity": "MEDIUM"
    },
    {
      "quarter": "2025-09 (Q3)",
      "signal": "YoY REVENUE GROWTH ACCELERATION",
      "detail": "YoY growth: +26.3% vs prior quarter YoY: +11.2% (accel: +15.1%)",
      "severity": "HIGH"
    },
    {
      "quarter": "2025-06 (Q2)",
      "signal": "FCF MARGIN EXPANSION",
      "detail": "FCF margin: -298.6% -> -217.6% (+81.1%)",
      "severity": "MEDIUM"
    },
    {
      "quarter": "2025-06 (Q2)",
      "signal": "OPERATING LEVERAGE",
      "detail": "Rev growth +11.6% vs OpEx growth +4.8% (leverage: 2.4x)",
      "severity": "MEDIUM"
    },
    {
      "quarter": "2025-06 (Q2)",
      "signal": "YoY REVENUE GROWTH DECELERATION",
      "detail": "YoY growth: +11.2% vs prior quarter YoY: +19.1% (decel: -8.0%)",
      "severity": "WARNING"
    },
    {
      "quarter": "2025-03 (Q1)",
      "signal": "YoY REVENUE GROWTH DECELERATION",
      "detail": "YoY growth: +19.1% vs prior quarter YoY: +26.1% (decel: -7.0%)",
      "severity": "WARNING"
    },
    {
      "quarter": "2024-12 (Q4)",
      "signal": "FCF MARGIN EXPANSION",
      "detail": "FCF margin: -368.4% -> -245.2% (+123.2%)",
      "severity": "MEDIUM"
    },
    {
      "quarter": "2024-12 (Q4)",
      "signal": "YoY REVENUE GROWTH DECELERATION",
      "detail": "YoY growth: +26.1% vs prior quarter YoY: +38.3% (decel: -12.1%)",
      "severity": "WARNING"
    },
    {
      "quarter": "2024-09 (Q3)",
      "signal": "FCF MARGIN EXPANSION",
      "detail": "FCF margin: -541.7% -> -368.4% (+173.3%)",
      "severity": "MEDIUM"
    },
    {
      "quarter": "2024-06 (Q2)",
      "signal": "FCF MARGIN EXPANSION",
      "detail": "FCF margin: -785.3% -> -541.7% (+243.6%)",
      "severity": "MEDIUM"
    }
  ],
  "data_quality": {
    "n_quarters": 10,
    "coverage": {
      "revenue": [
        10,
        10
      ],
      "gross_profit": [
        0,
        10
      ],
      "op_income": [
        10,
        10
      ],
      "fcf": [
        8,
        10
      ]
    },
    "gaps": [],
    "warnings": [
      "gross_profit: no data"
    ]
  },
  "market_cap": null,
  "source": "SEC EDGAR",
  "last_updated": "2026-02-02T21:11:00.708779",
  "sector": "Healthcare",
  "industry": "Diagnostics & Research"
}