{
  "ticker": "GRBK-PA",
  "name": "Green Brick Partners, Inc.",
  "quarters": [
    {
      "date": "2020-12-31T00:00:00",
      "quarter_label": "2020-12 (Q4)",
      "revenue": 254100000,
      "gross_profit": 63854000,
      "operating_income": null,
      "net_income": 29310000,
      "opex": null,
      "cogs": 190246000,
      "rd": null,
      "sga": 30416000,
      "fcf": -30158000,
      "ocf": -28993000,
      "capex": -1165000,
      "gross_margin": 0.25129476584022037,
      "op_margin": null,
      "fcf_margin": -0.11868555686737504
    },
    {
      "date": "2021-03-31T00:00:00",
      "quarter_label": "2021-03 (Q1)",
      "revenue": 234479000,
      "gross_profit": 58989000,
      "operating_income": null,
      "net_income": 25969000,
      "opex": null,
      "cogs": 175490000,
      "rd": null,
      "sga": 29488000,
      "fcf": -8753000,
      "ocf": -8013000,
      "capex": -740000,
      "gross_margin": 0.25157476788966177,
      "op_margin": null,
      "fcf_margin": -0.03732956895926714,
      "fcf_margin_change": 0.08135598790810791
    },
    {
      "date": "2021-06-30T00:00:00",
      "quarter_label": "2021-06 (Q2)",
      "revenue": 373806000,
      "gross_profit": 100976000,
      "operating_income": null,
      "net_income": 52263000,
      "opex": null,
      "cogs": 272830000,
      "rd": null,
      "sga": 33985000,
      "fcf": -111429000,
      "ocf": -110690000,
      "capex": -739000,
      "gross_margin": 0.27012942542388296,
      "op_margin": null,
      "fcf_margin": -0.29809312852121156,
      "fcf_margin_change": -0.2607635595619444
    },
    {
      "date": "2021-09-30T00:00:00",
      "quarter_label": "2021-09 (Q3)",
      "revenue": 342340000,
      "gross_profit": 91336000,
      "operating_income": null,
      "net_income": 48507000,
      "opex": null,
      "cogs": 251004000,
      "rd": null,
      "sga": 33709000,
      "fcf": 3901000,
      "ocf": 4204000,
      "capex": -303000,
      "gross_margin": 0.26679908862534324,
      "op_margin": null,
      "fcf_margin": 0.011395104282292458,
      "fcf_margin_change": 0.309488232803504
    },
    {
      "date": "2021-12-31T00:00:00",
      "quarter_label": "2021-12 (Q4)",
      "revenue": 452251000,
      "gross_profit": 110758000,
      "operating_income": null,
      "net_income": 63471000,
      "opex": null,
      "cogs": 341493000,
      "rd": null,
      "sga": 37087000,
      "fcf": 21874000,
      "ocf": 22117000,
      "capex": -243000,
      "gross_margin": 0.24490382553051293,
      "op_margin": null,
      "fcf_margin": 0.04836694667341808,
      "rev_growth_yoy": 0.7798150334513971,
      "fcf_margin_change": 0.03697184239112562
    },
    {
      "date": "2022-03-31T00:00:00",
      "quarter_label": "2022-03 (Q1)",
      "revenue": 393616000,
      "gross_profit": 108356000,
      "operating_income": null,
      "net_income": 61577000,
      "opex": null,
      "cogs": 285260000,
      "rd": null,
      "sga": 34265000,
      "fcf": -14442000,
      "ocf": -13994000,
      "capex": -448000,
      "gross_margin": 0.2752835250599569,
      "op_margin": null,
      "fcf_margin": -0.0366905816836714,
      "rev_growth_yoy": 0.6786833788953381,
      "rev_growth_yoy_accel": -0.10113165455605899,
      "fcf_margin_change": -0.08505752835708948
    },
    {
      "date": "2022-06-30T00:00:00",
      "quarter_label": "2022-06 (Q2)",
      "revenue": 525144000,
      "gross_profit": 168896000,
      "operating_income": null,
      "net_income": 101256000,
      "opex": null,
      "cogs": 356248000,
      "rd": null,
      "sga": 41798000,
      "fcf": 62790000,
      "ocf": 63414000,
      "capex": -624000,
      "gross_margin": 0.32161845132001887,
      "op_margin": null,
      "fcf_margin": 0.11956720442392943,
      "rev_growth_yoy": 0.4048570648946245,
      "rev_growth_yoy_accel": -0.27382631400071367,
      "fcf_margin_change": 0.15625778610760083
    },
    {
      "date": "2022-09-30T00:00:00",
      "quarter_label": "2022-09 (Q3)",
      "revenue": 407944000,
      "gross_profit": 133319000,
      "operating_income": null,
      "net_income": 73520000,
      "opex": null,
      "cogs": 274625000,
      "rd": null,
      "sga": 43251000,
      "fcf": -18357000,
      "ocf": -18080000,
      "capex": -277000,
      "gross_margin": 0.326807110779911,
      "op_margin": null,
      "fcf_margin": -0.04499882336791324,
      "rev_growth_yoy": 0.19163404802243383,
      "rev_growth_yoy_accel": -0.21322301687219064,
      "fcf_margin_change": -0.16456602779184268
    },
    {
      "date": "2022-12-31T00:00:00",
      "quarter_label": "2022-12 (Q4)",
      "revenue": 431089000,
      "gross_profit": 112454000,
      "operating_income": null,
      "net_income": 55547000,
      "opex": null,
      "cogs": 318635000,
      "rd": null,
      "sga": 44629000,
      "fcf": 58674000,
      "ocf": 59337000,
      "capex": -663000,
      "gross_margin": 0.26086028639097725,
      "op_margin": null,
      "fcf_margin": 0.13610646525427464,
      "rev_growth_yoy": -0.04679259968468837,
      "rev_growth_yoy_accel": -0.2384266477071222,
      "fcf_margin_change": 0.1811052886221879
    },
    {
      "date": "2023-03-31T00:00:00",
      "quarter_label": "2023-03 (Q1)",
      "revenue": 452061000,
      "gross_profit": 124606000,
      "operating_income": null,
      "net_income": 64180000,
      "opex": null,
      "cogs": 327455000,
      "rd": null,
      "sga": 45945000,
      "fcf": 153126000,
      "ocf": 154707000,
      "capex": -1581000,
      "gross_margin": 0.27563979197497684,
      "op_margin": null,
      "fcf_margin": 0.33872862290708555,
      "rev_growth_yoy": 0.14848227714320555,
      "rev_growth_yoy_accel": 0.19527487682789393,
      "fcf_margin_change": 0.2026221576528109
    },
    {
      "date": "2023-06-30T00:00:00",
      "quarter_label": "2023-06 (Q2)",
      "revenue": 456289000,
      "gross_profit": 142935000,
      "operating_income": null,
      "net_income": 75270000,
      "opex": null,
      "cogs": 313354000,
      "rd": null,
      "sga": 49229000,
      "fcf": 54190000,
      "ocf": 55461000,
      "capex": -1271000,
      "gross_margin": 0.3132554148796048,
      "op_margin": null,
      "fcf_margin": 0.11876245099049068,
      "rev_growth_yoy": -0.1311164175921271,
      "rev_growth_yoy_accel": -0.27959869473533266,
      "fcf_margin_change": -0.21996617191659487
    },
    {
      "date": "2023-09-30T00:00:00",
      "quarter_label": "2023-09 (Q3)",
      "revenue": 418978000,
      "gross_profit": 139013000,
      "operating_income": null,
      "net_income": 72156000,
      "opex": null,
      "cogs": 279965000,
      "rd": null,
      "sga": 46884000,
      "fcf": 20594000,
      "ocf": 22531000,
      "capex": -1937000,
      "gross_margin": 0.33179069068065625,
      "op_margin": null,
      "fcf_margin": 0.049152938817789954,
      "rev_growth_yoy": 0.027047830094326673,
      "rev_growth_yoy_accel": 0.1581642476864538,
      "fcf_margin_change": -0.06960951217270073
    },
    {
      "date": "2023-12-31T00:00:00",
      "quarter_label": "2023-12 (Q4)",
      "revenue": 450382000,
      "gross_profit": 141628000,
      "operating_income": null,
      "net_income": 73020000,
      "opex": null,
      "cogs": 308754000,
      "rd": null,
      "sga": 50919000,
      "fcf": -22370000,
      "ocf": -19357000,
      "capex": -3013000,
      "gross_margin": 0.31446194563725904,
      "op_margin": null,
      "fcf_margin": -0.04966894769329147,
      "rev_growth_yoy": 0.04475409950149505,
      "rev_growth_yoy_accel": 0.01770626940716838,
      "fcf_margin_change": -0.09882188651108142
    },
    {
      "date": "2024-03-31T00:00:00",
      "quarter_label": "2024-03 (Q1)",
      "revenue": 447338000,
      "gross_profit": 148257000,
      "operating_income": null,
      "net_income": 83301000,
      "opex": null,
      "cogs": 299081000,
      "rd": null,
      "sga": 50570000,
      "fcf": 75000,
      "ocf": 1017000,
      "capex": -942000,
      "gross_margin": 0.33142053659648857,
      "op_margin": null,
      "fcf_margin": 0.00016765845959878213,
      "rev_growth_yoy": -0.010447705066351665,
      "rev_growth_yoy_accel": -0.05520180456784672,
      "fcf_margin_change": 0.049836606152890255
    },
    {
      "date": "2024-06-30T00:00:00",
      "quarter_label": "2024-06 (Q2)",
      "revenue": 560631000,
      "gross_profit": 189666000,
      "operating_income": null,
      "net_income": 105358000,
      "opex": null,
      "cogs": 370965000,
      "rd": null,
      "sga": 57602000,
      "fcf": 780000,
      "ocf": 2162000,
      "capex": -1382000,
      "gross_margin": 0.33830808499708365,
      "op_margin": null,
      "fcf_margin": 0.0013912894577716895,
      "rev_growth_yoy": 0.22867524748569437,
      "rev_growth_yoy_accel": 0.23912295255204605,
      "fcf_margin_change": 0.0012236309981729073
    },
    {
      "date": "2024-09-30T00:00:00",
      "quarter_label": "2024-09 (Q3)",
      "revenue": 523660000,
      "gross_profit": 171563000,
      "operating_income": null,
      "net_income": 89111000,
      "opex": null,
      "cogs": 352097000,
      "rd": null,
      "sga": 57740000,
      "fcf": -7359000,
      "ocf": -6201000,
      "capex": -1158000,
      "gross_margin": 0.3276228850781041,
      "op_margin": null,
      "fcf_margin": -0.014053011496008861,
      "rev_growth_yoy": 0.24985082748974888,
      "rev_growth_yoy_accel": 0.021175580004054506,
      "fcf_margin_change": -0.01544430095378055
    },
    {
      "date": "2024-12-31T00:00:00",
      "quarter_label": "2024-12 (Q4)",
      "revenue": 567314000,
      "gross_profit": 194035000,
      "operating_income": null,
      "net_income": 103813000,
      "opex": null,
      "cogs": 373279000,
      "rd": null,
      "sga": 60654000,
      "fcf": 28051000,
      "ocf": 28934000,
      "capex": -883000,
      "gross_margin": 0.34202399376712017,
      "op_margin": null,
      "fcf_margin": 0.04944528074399715,
      "rev_growth_yoy": 0.25962849314581843,
      "rev_growth_yoy_accel": 0.00977766565606955,
      "fcf_margin_change": 0.06349829224000601
    },
    {
      "date": "2025-03-31T00:00:00",
      "quarter_label": "2025-03 (Q1)",
      "revenue": 497621000,
      "gross_profit": 155785000,
      "operating_income": null,
      "net_income": 75059000,
      "opex": null,
      "cogs": 341836000,
      "rd": null,
      "sga": 54895000,
      "fcf": 68034000,
      "ocf": 68747000,
      "capex": -713000,
      "gross_margin": 0.3130595372783705,
      "op_margin": null,
      "fcf_margin": 0.1367185066546629,
      "rev_growth_yoy": 0.11240493765340749,
      "rev_growth_yoy_accel": -0.14722355549241095,
      "fcf_margin_change": 0.08727322591066575
    },
    {
      "date": "2025-06-30T00:00:00",
      "quarter_label": "2025-06 (Q2)",
      "revenue": 549147000,
      "gross_profit": 167514000,
      "operating_income": null,
      "net_income": 81948000,
      "opex": null,
      "cogs": 381633000,
      "rd": null,
      "sga": 59772000,
      "fcf": 74026000,
      "ocf": 74713000,
      "capex": -687000,
      "gross_margin": 0.3050440046107873,
      "op_margin": null,
      "fcf_margin": 0.13480179259833888,
      "rev_growth_yoy": -0.020484061709038565,
      "rev_growth_yoy_accel": -0.13288899936244605,
      "fcf_margin_change": -0.0019167140563240148
    },
    {
      "date": "2025-09-30T00:00:00",
      "quarter_label": "2025-09 (Q3)",
      "revenue": 499091000,
      "gross_profit": 155462000,
      "operating_income": null,
      "net_income": 77853000,
      "opex": null,
      "cogs": 343629000,
      "rd": null,
      "sga": 58140000,
      "fcf": -12017000,
      "ocf": -10193000,
      "capex": -1824000,
      "gross_margin": 0.31149028934603107,
      "op_margin": null,
      "fcf_margin": -0.024077773392026703,
      "rev_growth_yoy": -0.04691784745827445,
      "rev_growth_yoy_accel": -0.026433785749235886,
      "fcf_margin_change": -0.1588795659903656
    }
  ],
  "signals": [
    {
      "quarter": "2025-06 (Q2)",
      "signal": "YoY REVENUE GROWTH DECELERATION",
      "detail": "YoY growth: -2.0% vs prior quarter YoY: +11.2% (decel: -13.3%)",
      "severity": "WARNING"
    },
    {
      "quarter": "2025-03 (Q1)",
      "signal": "FCF MARGIN EXPANSION",
      "detail": "FCF margin: +4.9% -> +13.7% (+8.7%)",
      "severity": "MEDIUM"
    },
    {
      "quarter": "2025-03 (Q1)",
      "signal": "YoY REVENUE GROWTH DECELERATION",
      "detail": "YoY growth: +11.2% vs prior quarter YoY: +26.0% (decel: -14.7%)",
      "severity": "WARNING"
    },
    {
      "quarter": "2024-12 (Q4)",
      "signal": "FCF TURNED POSITIVE",
      "detail": "FCF margin: -1.4% -> +4.9%",
      "severity": "HIGH"
    },
    {
      "quarter": "2024-06 (Q2)",
      "signal": "YoY REVENUE GROWTH ACCELERATION",
      "detail": "YoY growth: +22.9% vs prior quarter YoY: -1.0% (accel: +23.9%)",
      "severity": "HIGH"
    },
    {
      "quarter": "2024-03 (Q1)",
      "signal": "FCF TURNED POSITIVE",
      "detail": "FCF margin: -5.0% -> +0.0%",
      "severity": "HIGH"
    },
    {
      "quarter": "2024-03 (Q1)",
      "signal": "YoY REVENUE GROWTH DECELERATION",
      "detail": "YoY growth: -1.0% vs prior quarter YoY: +4.5% (decel: -5.5%)",
      "severity": "WARNING"
    },
    {
      "quarter": "2023-09 (Q3)",
      "signal": "YoY REVENUE GROWTH ACCELERATION",
      "detail": "YoY growth: +2.7% vs prior quarter YoY: -13.1% (accel: +15.8%)",
      "severity": "HIGH"
    },
    {
      "quarter": "2023-06 (Q2)",
      "signal": "YoY REVENUE GROWTH DECELERATION",
      "detail": "YoY growth: -13.1% vs prior quarter YoY: +14.8% (decel: -28.0%)",
      "severity": "WARNING"
    },
    {
      "quarter": "2023-03 (Q1)",
      "signal": "FCF MARGIN EXPANSION",
      "detail": "FCF margin: +13.6% -> +33.9% (+20.3%)",
      "severity": "MEDIUM"
    },
    {
      "quarter": "2023-03 (Q1)",
      "signal": "YoY REVENUE GROWTH ACCELERATION",
      "detail": "YoY growth: +14.8% vs prior quarter YoY: -4.7% (accel: +19.5%)",
      "severity": "HIGH"
    },
    {
      "quarter": "2022-12 (Q4)",
      "signal": "FCF TURNED POSITIVE",
      "detail": "FCF margin: -4.5% -> +13.6%",
      "severity": "HIGH"
    },
    {
      "quarter": "2022-12 (Q4)",
      "signal": "YoY REVENUE GROWTH DECELERATION",
      "detail": "YoY growth: -4.7% vs prior quarter YoY: +19.2% (decel: -23.8%)",
      "severity": "WARNING"
    },
    {
      "quarter": "2022-09 (Q3)",
      "signal": "YoY REVENUE GROWTH DECELERATION",
      "detail": "YoY growth: +19.2% vs prior quarter YoY: +40.5% (decel: -21.3%)",
      "severity": "WARNING"
    },
    {
      "quarter": "2022-06 (Q2)",
      "signal": "FCF TURNED POSITIVE",
      "detail": "FCF margin: -3.7% -> +12.0%",
      "severity": "HIGH"
    },
    {
      "quarter": "2022-06 (Q2)",
      "signal": "YoY REVENUE GROWTH DECELERATION",
      "detail": "YoY growth: +40.5% vs prior quarter YoY: +67.9% (decel: -27.4%)",
      "severity": "WARNING"
    },
    {
      "quarter": "2022-03 (Q1)",
      "signal": "GROSS MARGIN INFLECTION",
      "detail": "GM: +26.7% -> +24.5% -> +27.5% (reversal +3.0%)",
      "severity": "MEDIUM"
    },
    {
      "quarter": "2022-03 (Q1)",
      "signal": "YoY REVENUE GROWTH DECELERATION",
      "detail": "YoY growth: +67.9% vs prior quarter YoY: +78.0% (decel: -10.1%)",
      "severity": "WARNING"
    },
    {
      "quarter": "2021-09 (Q3)",
      "signal": "FCF TURNED POSITIVE",
      "detail": "FCF margin: -29.8% -> +1.1%",
      "severity": "HIGH"
    },
    {
      "quarter": "2021-03 (Q1)",
      "signal": "FCF MARGIN EXPANSION",
      "detail": "FCF margin: -11.9% -> -3.7% (+8.1%)",
      "severity": "MEDIUM"
    }
  ],
  "data_quality": {
    "n_quarters": 20,
    "coverage": {
      "revenue": [
        20,
        20
      ],
      "gross_profit": [
        20,
        20
      ],
      "op_income": [
        0,
        20
      ],
      "fcf": [
        20,
        20
      ]
    },
    "gaps": [],
    "warnings": [
      "op_income: no data"
    ]
  },
  "market_cap": null,
  "source": "SEC EDGAR",
  "last_updated": "2026-02-03T01:08:24.519548"
}