{
  "ticker": "GREEL",
  "name": "Greenidge Generation Holdings Inc.",
  "quarters": [
    {
      "date": "2020-12-31T00:00:00",
      "quarter_label": "2020-12 (Q4)",
      "revenue": 6177000,
      "gross_profit": null,
      "operating_income": -529000,
      "net_income": -824000,
      "opex": null,
      "cogs": null,
      "rd": null,
      "sga": 1450000,
      "fcf": -231000,
      "ocf": -231000,
      "capex": null,
      "gross_margin": null,
      "op_margin": -0.08564027845232314,
      "fcf_margin": -0.03739679456046625
    },
    {
      "date": "2021-03-31T00:00:00",
      "quarter_label": "2021-03 (Q1)",
      "revenue": 11063000,
      "gross_profit": null,
      "operating_income": 1885000,
      "net_income": 1279000,
      "opex": null,
      "cogs": null,
      "rd": null,
      "sga": 3229000,
      "fcf": 2487000,
      "ocf": 2487000,
      "capex": null,
      "gross_margin": null,
      "op_margin": 0.17038777908343125,
      "fcf_margin": 0.2248033987164422,
      "fcf_margin_change": 0.26220019327690847
    },
    {
      "date": "2021-06-30T00:00:00",
      "quarter_label": "2021-06 (Q2)",
      "revenue": 16176000,
      "gross_profit": null,
      "operating_income": 5284000,
      "net_income": 3518000,
      "opex": null,
      "cogs": null,
      "rd": null,
      "sga": 4565000,
      "fcf": 6915000,
      "ocf": 6915000,
      "capex": null,
      "gross_margin": null,
      "op_margin": 0.32665677546983185,
      "fcf_margin": 0.4274851632047478,
      "fcf_margin_change": 0.20268176448830558
    },
    {
      "date": "2021-09-30T00:00:00",
      "quarter_label": "2021-09 (Q3)",
      "revenue": 35754000,
      "gross_profit": null,
      "operating_income": -11865000,
      "net_income": -7896000,
      "opex": null,
      "cogs": null,
      "rd": null,
      "sga": 5446000,
      "fcf": 17264000,
      "ocf": 17264000,
      "capex": null,
      "gross_margin": null,
      "op_margin": -0.3318509817083403,
      "fcf_margin": 0.4828550651675337,
      "fcf_margin_change": 0.055369901962785906
    },
    {
      "date": "2021-12-31T00:00:00",
      "quarter_label": "2021-12 (Q4)",
      "revenue": 44284000,
      "gross_profit": null,
      "operating_income": -32437000,
      "net_income": -41381000,
      "opex": null,
      "cogs": null,
      "rd": null,
      "sga": 15139000,
      "fcf": 13413000,
      "ocf": 13413000,
      "capex": null,
      "gross_margin": null,
      "op_margin": -0.7324767410351368,
      "fcf_margin": 0.3028859181645741,
      "incr_op_margin_yoy": -0.8373264754507046,
      "rev_growth_yoy": 6.169175975392585,
      "fcf_margin_change": -0.17996914700295957
    },
    {
      "date": "2022-03-31T00:00:00",
      "quarter_label": "2022-03 (Q1)",
      "revenue": 37655000,
      "gross_profit": null,
      "operating_income": 2522000,
      "net_income": -429000,
      "opex": null,
      "cogs": null,
      "rd": null,
      "sga": 14392000,
      "fcf": 6330000,
      "ocf": 6330000,
      "capex": null,
      "gross_margin": null,
      "op_margin": 0.06697649714513344,
      "fcf_margin": 0.168105165316691,
      "incr_op_margin_yoy": 0.02395457280385078,
      "rev_growth_yoy": 2.40368796890536,
      "rev_growth_yoy_accel": -3.7654880064872254,
      "fcf_margin_change": -0.1347807528478831
    },
    {
      "date": "2022-06-30T00:00:00",
      "quarter_label": "2022-06 (Q2)",
      "revenue": 31339000,
      "gross_profit": null,
      "operating_income": -86119000,
      "net_income": -107882000,
      "opex": null,
      "cogs": null,
      "rd": null,
      "sga": 11088000,
      "fcf": -3175000,
      "ocf": -3175000,
      "capex": null,
      "gross_margin": null,
      "op_margin": -2.747981747981748,
      "fcf_margin": -0.10131146494782858,
      "incr_op_margin_yoy": -6.028028754204313,
      "rev_growth_yoy": 0.9373763600395648,
      "rev_growth_yoy_accel": -1.4663116088657953,
      "fcf_margin_change": -0.26941663026451956
    },
    {
      "date": "2022-09-30T00:00:00",
      "quarter_label": "2022-09 (Q3)",
      "revenue": 29359000,
      "gross_profit": null,
      "operating_income": -17053000,
      "net_income": -23177000,
      "opex": null,
      "cogs": null,
      "rd": null,
      "sga": 10240000,
      "fcf": -4381000,
      "ocf": -4381000,
      "capex": null,
      "gross_margin": null,
      "op_margin": -0.5808440341973501,
      "fcf_margin": -0.14922170373650329,
      "incr_op_margin_yoy": 0.8112587959343237,
      "rev_growth_yoy": -0.17886110644962802,
      "rev_growth_yoy_accel": -1.1162374664891928,
      "fcf_margin_change": -0.0479102387886747
    },
    {
      "date": "2022-12-31T00:00:00",
      "quarter_label": "2022-12 (Q4)",
      "revenue": -8374000,
      "gross_profit": null,
      "operating_income": -132513000,
      "net_income": -139580000,
      "opex": null,
      "cogs": null,
      "rd": null,
      "sga": 1226000,
      "fcf": null,
      "ocf": null,
      "capex": null,
      "gross_margin": null,
      "op_margin": 15.824337234296632,
      "fcf_margin": null,
      "incr_op_margin_yoy": 1.9004899540430704,
      "rev_growth_yoy": -1.1890976424893867,
      "rev_growth_yoy_accel": -1.0102365360397587
    },
    {
      "date": "2023-03-31T00:00:00",
      "quarter_label": "2023-03 (Q1)",
      "revenue": 15157000,
      "gross_profit": null,
      "operating_income": -5667000,
      "net_income": -8171000,
      "opex": null,
      "cogs": null,
      "rd": null,
      "sga": 9013000,
      "fcf": null,
      "ocf": null,
      "capex": null,
      "gross_margin": null,
      "op_margin": -0.37388665303160257,
      "fcf_margin": null,
      "incr_op_margin_yoy": 0.3639879100364477,
      "rev_growth_yoy": -0.5974770946753419,
      "rev_growth_yoy_accel": 0.5916205478140447
    },
    {
      "date": "2023-06-30T00:00:00",
      "quarter_label": "2023-06 (Q2)",
      "revenue": 14710000,
      "gross_profit": null,
      "operating_income": -6637000,
      "net_income": -10042000,
      "opex": null,
      "cogs": null,
      "rd": null,
      "sga": 7049000,
      "fcf": null,
      "ocf": null,
      "capex": null,
      "gross_margin": null,
      "op_margin": -0.4511896668932699,
      "fcf_margin": null,
      "incr_op_margin_yoy": -4.779722172108967,
      "rev_growth_yoy": -0.5306168033440761,
      "rev_growth_yoy_accel": 0.06686029133126581
    },
    {
      "date": "2023-09-30T00:00:00",
      "quarter_label": "2023-09 (Q3)",
      "revenue": 20879000,
      "gross_profit": null,
      "operating_income": -10121000,
      "net_income": -14239000,
      "opex": null,
      "cogs": null,
      "rd": null,
      "sga": 6662000,
      "fcf": null,
      "ocf": null,
      "capex": null,
      "gross_margin": null,
      "op_margin": -0.4847454379999042,
      "fcf_margin": null,
      "incr_op_margin_yoy": -0.8174528301886792,
      "rev_growth_yoy": -0.2888381756871828,
      "rev_growth_yoy_accel": 0.24177862765689334
    },
    {
      "date": "2023-12-31T00:00:00",
      "quarter_label": "2023-12 (Q4)",
      "revenue": 19642000,
      "gross_profit": null,
      "operating_income": 5533000,
      "net_income": 2942000,
      "opex": null,
      "cogs": null,
      "rd": null,
      "sga": 3443000,
      "fcf": null,
      "ocf": null,
      "capex": null,
      "gross_margin": null,
      "op_margin": 0.28169229202728846,
      "fcf_margin": null,
      "incr_op_margin_yoy": 4.927398629354655
    },
    {
      "date": "2024-03-31T00:00:00",
      "quarter_label": "2024-03 (Q1)",
      "revenue": 19333000,
      "gross_profit": null,
      "operating_income": -1875000,
      "net_income": -3944000,
      "opex": null,
      "cogs": null,
      "rd": null,
      "sga": 5487000,
      "fcf": -5061000,
      "ocf": -5061000,
      "capex": null,
      "gross_margin": null,
      "op_margin": -0.0969844307660477,
      "fcf_margin": -0.2617803755237159,
      "incr_op_margin_yoy": 0.9080459770114943,
      "rev_growth_yoy": 0.2755162631127532
    },
    {
      "date": "2024-06-30T00:00:00",
      "quarter_label": "2024-06 (Q2)",
      "revenue": 13057000,
      "gross_profit": null,
      "operating_income": -3700000,
      "net_income": -5568000,
      "opex": null,
      "cogs": null,
      "rd": null,
      "sga": 4177000,
      "fcf": -1436000,
      "ocf": -1436000,
      "capex": null,
      "gross_margin": null,
      "op_margin": -0.283372903423451,
      "fcf_margin": -0.1099793214367772,
      "incr_op_margin_yoy": -1.7767695099818512,
      "rev_growth_yoy": -0.1123725356900068,
      "rev_growth_yoy_accel": -0.38788879880275995,
      "fcf_margin_change": 0.15180105408693872
    },
    {
      "date": "2024-09-30T00:00:00",
      "quarter_label": "2024-09 (Q3)",
      "revenue": 12351000,
      "gross_profit": null,
      "operating_income": -4610000,
      "net_income": -6367000,
      "opex": null,
      "cogs": null,
      "rd": null,
      "sga": 3730000,
      "fcf": -1851000,
      "ocf": -1851000,
      "capex": null,
      "gross_margin": null,
      "op_margin": -0.37324912962513157,
      "fcf_margin": -0.14986640757833375,
      "incr_op_margin_yoy": -0.6462242026266416,
      "rev_growth_yoy": -0.40844868049236077,
      "rev_growth_yoy_accel": -0.296076144802354,
      "fcf_margin_change": -0.039887086141556546
    },
    {
      "date": "2024-12-31T00:00:00",
      "quarter_label": "2024-12 (Q4)",
      "revenue": 14792000,
      "gross_profit": null,
      "operating_income": -1323000,
      "net_income": -3906000,
      "opex": null,
      "cogs": null,
      "rd": null,
      "sga": 3900000,
      "fcf": null,
      "ocf": null,
      "capex": null,
      "gross_margin": null,
      "op_margin": -0.08944023796646836,
      "fcf_margin": null,
      "incr_op_margin_yoy": 1.4136082474226803,
      "rev_growth_yoy": -0.246919865594135,
      "rev_growth_yoy_accel": 0.16152881489822576
    },
    {
      "date": "2025-03-31T00:00:00",
      "quarter_label": "2025-03 (Q1)",
      "revenue": 19242000,
      "gross_profit": null,
      "operating_income": -2389000,
      "net_income": -5564000,
      "opex": null,
      "cogs": null,
      "rd": null,
      "sga": 2776000,
      "fcf": -5726000,
      "ocf": -5726000,
      "capex": null,
      "gross_margin": null,
      "op_margin": -0.12415549319197589,
      "fcf_margin": -0.2975782143228355,
      "rev_growth_yoy": -0.004706977706512181,
      "rev_growth_yoy_accel": 0.24221288788762282
    },
    {
      "date": "2025-06-30T00:00:00",
      "quarter_label": "2025-06 (Q2)",
      "revenue": 12861000,
      "gross_profit": null,
      "operating_income": -3395000,
      "net_income": -4118000,
      "opex": null,
      "cogs": null,
      "rd": null,
      "sga": 3106000,
      "fcf": -4797000,
      "ocf": -4797000,
      "capex": null,
      "gross_margin": null,
      "op_margin": -0.26397636264676155,
      "fcf_margin": -0.3729881035689293,
      "rev_growth_yoy": -0.015011105154323351,
      "rev_growth_yoy_accel": -0.01030412744781117,
      "fcf_margin_change": -0.07540988924609382
    },
    {
      "date": "2025-09-30T00:00:00",
      "quarter_label": "2025-09 (Q3)",
      "revenue": 15220000,
      "gross_profit": null,
      "operating_income": 304000,
      "net_income": 11958000,
      "opex": null,
      "cogs": null,
      "rd": null,
      "sga": 3069000,
      "fcf": 120000,
      "ocf": 120000,
      "capex": null,
      "gross_margin": null,
      "op_margin": 0.01997371879106439,
      "fcf_margin": 0.00788436268068331,
      "incr_op_margin_yoy": 1.7127919135587313,
      "rev_growth_yoy": 0.2322888834912153,
      "rev_growth_yoy_accel": 0.24729998864553865,
      "fcf_margin_change": 0.38087246624961263
    }
  ],
  "signals": [
    {
      "quarter": "2025-09 (Q3)",
      "signal": "FCF TURNED POSITIVE",
      "detail": "FCF margin: -37.3% -> +0.8%",
      "severity": "HIGH"
    },
    {
      "quarter": "2025-09 (Q3)",
      "signal": "YoY REVENUE GROWTH ACCELERATION",
      "detail": "YoY growth: +23.2% vs prior quarter YoY: -1.5% (accel: +24.7%)",
      "severity": "HIGH"
    },
    {
      "quarter": "2025-09 (Q3)",
      "signal": "OP MARGIN TURNED POSITIVE (YoY)",
      "detail": "Op margin: -37.3% (year-ago) -> +2.0%",
      "severity": "HIGH"
    },
    {
      "quarter": "2025-09 (Q3)",
      "signal": "OP MARGIN TURNED POSITIVE (QoQ)",
      "detail": "Op margin: -26.4% -> +2.0%",
      "severity": "HIGH"
    },
    {
      "quarter": "2025-03 (Q1)",
      "signal": "YoY REVENUE GROWTH ACCELERATION",
      "detail": "YoY growth: -0.5% vs prior quarter YoY: -24.7% (accel: +24.2%)",
      "severity": "HIGH"
    },
    {
      "quarter": "2024-12 (Q4)",
      "signal": "YoY REVENUE GROWTH ACCELERATION",
      "detail": "YoY growth: -24.7% vs prior quarter YoY: -40.8% (accel: +16.2%)",
      "severity": "HIGH"
    },
    {
      "quarter": "2024-09 (Q3)",
      "signal": "YoY REVENUE GROWTH DECELERATION",
      "detail": "YoY growth: -40.8% vs prior quarter YoY: -11.2% (decel: -29.6%)",
      "severity": "WARNING"
    },
    {
      "quarter": "2024-06 (Q2)",
      "signal": "FCF MARGIN EXPANSION",
      "detail": "FCF margin: -26.2% -> -11.0% (+15.2%)",
      "severity": "MEDIUM"
    },
    {
      "quarter": "2024-06 (Q2)",
      "signal": "YoY REVENUE GROWTH DECELERATION",
      "detail": "YoY growth: -11.2% vs prior quarter YoY: +27.6% (decel: -38.8%)",
      "severity": "WARNING"
    },
    {
      "quarter": "2023-12 (Q4)",
      "signal": "OP MARGIN TURNED POSITIVE (QoQ)",
      "detail": "Op margin: -48.5% -> +28.2%",
      "severity": "HIGH"
    },
    {
      "quarter": "2023-09 (Q3)",
      "signal": "YoY REVENUE GROWTH ACCELERATION",
      "detail": "YoY growth: -28.9% vs prior quarter YoY: -53.1% (accel: +24.2%)",
      "severity": "HIGH"
    },
    {
      "quarter": "2023-06 (Q2)",
      "signal": "YoY REVENUE GROWTH ACCELERATION",
      "detail": "YoY growth: -53.1% vs prior quarter YoY: -59.7% (accel: +6.7%)",
      "severity": "MEDIUM"
    },
    {
      "quarter": "2023-03 (Q1)",
      "signal": "YoY REVENUE GROWTH ACCELERATION",
      "detail": "YoY growth: -59.7% vs prior quarter YoY: -118.9% (accel: +59.2%)",
      "severity": "HIGH"
    },
    {
      "quarter": "2022-12 (Q4)",
      "signal": "YoY REVENUE GROWTH DECELERATION",
      "detail": "YoY growth: -118.9% vs prior quarter YoY: -17.9% (decel: -101.0%)",
      "severity": "WARNING"
    },
    {
      "quarter": "2022-12 (Q4)",
      "signal": "OP MARGIN TURNED POSITIVE (YoY)",
      "detail": "Op margin: -73.2% (year-ago) -> +1582.4%",
      "severity": "HIGH"
    },
    {
      "quarter": "2022-12 (Q4)",
      "signal": "OP MARGIN TURNED POSITIVE (QoQ)",
      "detail": "Op margin: -58.1% -> +1582.4%",
      "severity": "HIGH"
    },
    {
      "quarter": "2022-09 (Q3)",
      "signal": "YoY REVENUE GROWTH DECELERATION",
      "detail": "YoY growth: -17.9% vs prior quarter YoY: +93.7% (decel: -111.6%)",
      "severity": "WARNING"
    },
    {
      "quarter": "2022-06 (Q2)",
      "signal": "YoY REVENUE GROWTH DECELERATION",
      "detail": "YoY growth: +93.7% vs prior quarter YoY: +240.4% (decel: -146.6%)",
      "severity": "WARNING"
    },
    {
      "quarter": "2022-03 (Q1)",
      "signal": "YoY REVENUE GROWTH DECELERATION",
      "detail": "YoY growth: +240.4% vs prior quarter YoY: +616.9% (decel: -376.5%)",
      "severity": "WARNING"
    },
    {
      "quarter": "2022-03 (Q1)",
      "signal": "OP MARGIN TURNED POSITIVE (QoQ)",
      "detail": "Op margin: -73.2% -> +6.7%",
      "severity": "HIGH"
    },
    {
      "quarter": "2021-09 (Q3)",
      "signal": "FCF MARGIN EXPANSION",
      "detail": "FCF margin: +42.7% -> +48.3% (+5.5%)",
      "severity": "MEDIUM"
    },
    {
      "quarter": "2021-06 (Q2)",
      "signal": "FCF MARGIN EXPANSION",
      "detail": "FCF margin: +22.5% -> +42.7% (+20.3%)",
      "severity": "MEDIUM"
    },
    {
      "quarter": "2021-03 (Q1)",
      "signal": "FCF TURNED POSITIVE",
      "detail": "FCF margin: -3.7% -> +22.5%",
      "severity": "HIGH"
    },
    {
      "quarter": "2021-03 (Q1)",
      "signal": "OP MARGIN TURNED POSITIVE (QoQ)",
      "detail": "Op margin: -8.6% -> +17.0%",
      "severity": "HIGH"
    }
  ],
  "data_quality": {
    "n_quarters": 20,
    "coverage": {
      "revenue": [
        20,
        20
      ],
      "gross_profit": [
        0,
        20
      ],
      "op_income": [
        20,
        20
      ],
      "fcf": [
        14,
        20
      ]
    },
    "gaps": [],
    "warnings": [
      "gross_profit: no data",
      "fcf: 14/20Q"
    ]
  },
  "market_cap": null,
  "source": "SEC EDGAR",
  "last_updated": "2026-02-03T01:11:56.990680"
}