{
  "ticker": "GRNT",
  "name": "GRANITE RIDGE RESOURCES, INC.",
  "quarters": [
    {
      "date": "2021-09-30T00:00:00",
      "quarter_label": "2021-09 (Q3)",
      "revenue": 55717000,
      "gross_profit": null,
      "operating_income": 32032000,
      "net_income": 25121000,
      "opex": 23685000,
      "cogs": null,
      "rd": null,
      "sga": null,
      "fcf": null,
      "ocf": null,
      "capex": null,
      "gross_margin": null,
      "op_margin": 0.5749053251251862,
      "fcf_margin": null
    },
    {
      "date": "2021-12-31T00:00:00",
      "quarter_label": "2021-12 (Q4)",
      "revenue": 147561000,
      "gross_profit": null,
      "operating_income": 67521000,
      "net_income": 51788000,
      "opex": 80040000,
      "cogs": null,
      "rd": null,
      "sga": null,
      "fcf": 89281000,
      "ocf": 89281000,
      "capex": null,
      "gross_margin": null,
      "op_margin": 0.4575802549454124,
      "fcf_margin": 0.6050446933810424,
      "op_leverage_ratio": 0.6927938127797427
    },
    {
      "date": "2022-03-31T00:00:00",
      "quarter_label": "2022-03 (Q1)",
      "revenue": 93850000,
      "gross_profit": null,
      "operating_income": 61364000,
      "net_income": 27845000,
      "opex": 32486000,
      "cogs": null,
      "rd": null,
      "sga": null,
      "fcf": 56064000,
      "ocf": 56064000,
      "capex": null,
      "gross_margin": null,
      "op_margin": 0.6538518913159297,
      "fcf_margin": 0.5973787959509856,
      "fcf_margin_change": -0.007665897430056745
    },
    {
      "date": "2022-06-30T00:00:00",
      "quarter_label": "2022-06 (Q2)",
      "revenue": 150267000,
      "gross_profit": null,
      "operating_income": 99355000,
      "net_income": 66466000,
      "opex": 50912000,
      "cogs": null,
      "rd": null,
      "sga": null,
      "fcf": 81246000,
      "ocf": 81246000,
      "capex": null,
      "gross_margin": null,
      "op_margin": 0.6611897489136005,
      "fcf_margin": 0.5406775938828885,
      "op_leverage_ratio": 1.059841411463649,
      "fcf_margin_change": -0.056701202068097145
    },
    {
      "date": "2022-09-30T00:00:00",
      "quarter_label": "2022-09 (Q3)",
      "revenue": 136966000,
      "gross_profit": null,
      "operating_income": 37129000,
      "net_income": 42735000,
      "opex": 53065000,
      "cogs": null,
      "rd": null,
      "sga": null,
      "fcf": 114046000,
      "ocf": 114046000,
      "capex": null,
      "gross_margin": null,
      "op_margin": 0.2710818743337763,
      "fcf_margin": 0.8326592000934538,
      "incr_op_margin_yoy": 0.06273307979175129,
      "rev_growth_yoy": 1.4582443419423157,
      "fcf_margin_change": 0.29198160621056535
    },
    {
      "date": "2022-12-31T00:00:00",
      "quarter_label": "2022-12 (Q4)",
      "revenue": 116335000,
      "gross_profit": null,
      "operating_income": 144759000,
      "net_income": 125298000,
      "opex": 89395000,
      "cogs": null,
      "rd": null,
      "sga": null,
      "fcf": 95033000,
      "ocf": 95033000,
      "capex": null,
      "gross_margin": null,
      "op_margin": 1.2443288778097734,
      "fcf_margin": 0.8168908754888898,
      "incr_op_margin_yoy": -2.4735156600269006,
      "rev_growth_yoy": -0.21161417989848266,
      "rev_growth_yoy_accel": -1.6698585218407984,
      "fcf_margin_change": -0.01576832460456401
    },
    {
      "date": "2023-03-31T00:00:00",
      "quarter_label": "2023-03 (Q1)",
      "revenue": 91310000,
      "gross_profit": null,
      "operating_income": 29390000,
      "net_income": 36866000,
      "opex": 61920000,
      "cogs": null,
      "rd": null,
      "sga": null,
      "fcf": 81474000,
      "ocf": 81474000,
      "capex": null,
      "gross_margin": null,
      "op_margin": 0.3218705508706604,
      "fcf_margin": 0.8922790493921805,
      "incr_op_margin_yoy": 12.588188976377953,
      "rev_growth_yoy": -0.027064464571124134,
      "rev_growth_yoy_accel": 0.18454971532735853,
      "fcf_margin_change": 0.07538817390329067
    },
    {
      "date": "2023-06-30T00:00:00",
      "quarter_label": "2023-06 (Q2)",
      "revenue": 87557000,
      "gross_profit": null,
      "operating_income": 23868000,
      "net_income": 8737000,
      "opex": 63689000,
      "cogs": null,
      "rd": null,
      "sga": null,
      "fcf": 74186000,
      "ocf": 74186000,
      "capex": null,
      "gross_margin": null,
      "op_margin": 0.2725995637127814,
      "fcf_margin": 0.8472880523544662,
      "incr_op_margin_yoy": 1.2037474087067452,
      "rev_growth_yoy": -0.41732383024882375,
      "rev_growth_yoy_accel": -0.3902593656776996,
      "fcf_margin_change": -0.04499099703771425
    },
    {
      "date": "2023-09-30T00:00:00",
      "quarter_label": "2023-09 (Q3)",
      "revenue": 108404000,
      "gross_profit": null,
      "operating_income": 32603000,
      "net_income": 17957000,
      "opex": 75801000,
      "cogs": null,
      "rd": null,
      "sga": null,
      "fcf": 57032000,
      "ocf": 57032000,
      "capex": null,
      "gross_margin": null,
      "op_margin": 0.30075458470167155,
      "fcf_margin": 0.5261060477473156,
      "incr_op_margin_yoy": 0.15846229255654365,
      "rev_growth_yoy": -0.20853350466539142,
      "rev_growth_yoy_accel": 0.20879032558343233,
      "op_leverage_ratio": 1.2519911571399973,
      "fcf_margin_change": -0.32118200460715063
    },
    {
      "date": "2023-12-31T00:00:00",
      "quarter_label": "2023-12 (Q4)",
      "revenue": 106798000,
      "gross_profit": null,
      "operating_income": 4726000,
      "net_income": 17539000,
      "opex": 102072000,
      "cogs": null,
      "rd": null,
      "sga": null,
      "fcf": 90175000,
      "ocf": 90175000,
      "capex": null,
      "gross_margin": null,
      "op_margin": 0.04425176501432611,
      "fcf_margin": 0.8443510178093223,
      "incr_op_margin_yoy": 14.68312886651987,
      "rev_growth_yoy": -0.0819787682124898,
      "rev_growth_yoy_accel": 0.1265547364529016,
      "fcf_margin_change": 0.3182449700620067
    },
    {
      "date": "2024-03-31T00:00:00",
      "quarter_label": "2024-03 (Q1)",
      "revenue": 88996000,
      "gross_profit": null,
      "operating_income": 19603000,
      "net_income": 16227000,
      "opex": 69393000,
      "cogs": null,
      "rd": null,
      "sga": null,
      "fcf": 68656000,
      "ocf": 68656000,
      "capex": null,
      "gross_margin": null,
      "op_margin": 0.22026832666636703,
      "fcf_margin": 0.7714504022652704,
      "incr_op_margin_yoy": 4.229472774416594,
      "rev_growth_yoy": -0.025342240718431715,
      "rev_growth_yoy_accel": 0.05663652749405808,
      "fcf_margin_change": -0.07290061554405192
    },
    {
      "date": "2024-06-30T00:00:00",
      "quarter_label": "2024-06 (Q2)",
      "revenue": 90652000,
      "gross_profit": null,
      "operating_income": 21887000,
      "net_income": 5101000,
      "opex": 68765000,
      "cogs": null,
      "rd": null,
      "sga": null,
      "fcf": 64186000,
      "ocf": 64186000,
      "capex": null,
      "gross_margin": null,
      "op_margin": 0.24143979173101532,
      "fcf_margin": 0.7080483607642413,
      "incr_op_margin_yoy": -0.640064620355412,
      "rev_growth_yoy": 0.03534840161266375,
      "rev_growth_yoy_accel": 0.06069064233109546,
      "op_leverage_ratio": Infinity,
      "fcf_margin_change": -0.06340204150102913
    },
    {
      "date": "2024-09-30T00:00:00",
      "quarter_label": "2024-09 (Q3)",
      "revenue": 94075000,
      "gross_profit": null,
      "operating_income": 24682000,
      "net_income": 9054000,
      "opex": 69393000,
      "cogs": null,
      "rd": null,
      "sga": null,
      "fcf": 74694000,
      "ocf": 74694000,
      "capex": null,
      "gross_margin": null,
      "op_margin": 0.26236513420143504,
      "fcf_margin": 0.7939835237842148,
      "incr_op_margin_yoy": 0.5527950310559007,
      "rev_growth_yoy": -0.13218146931847533,
      "rev_growth_yoy_accel": -0.16752987093113908,
      "op_leverage_ratio": 4.134636294434291,
      "fcf_margin_change": 0.0859351630199735
    },
    {
      "date": "2024-12-31T00:00:00",
      "quarter_label": "2024-12 (Q4)",
      "revenue": 106307000,
      "gross_profit": null,
      "operating_income": -6916000,
      "net_income": -11622000,
      "opex": 113223000,
      "cogs": null,
      "rd": null,
      "sga": null,
      "fcf": 68197000,
      "ocf": 68197000,
      "capex": null,
      "gross_margin": null,
      "op_margin": -0.06505686361199169,
      "fcf_margin": 0.6415099664180157,
      "rev_growth_yoy": -0.004597464371991985,
      "rev_growth_yoy_accel": 0.12758400494648334,
      "op_leverage_ratio": 0.2058578525769575,
      "fcf_margin_change": -0.15247355736619905
    },
    {
      "date": "2025-03-31T00:00:00",
      "quarter_label": "2025-03 (Q1)",
      "revenue": 122931000,
      "gross_profit": null,
      "operating_income": 42535000,
      "net_income": 9812000,
      "opex": 80396000,
      "cogs": null,
      "rd": null,
      "sga": null,
      "fcf": 76091000,
      "ocf": 76091000,
      "capex": null,
      "gross_margin": null,
      "op_margin": 0.34600710967941367,
      "fcf_margin": 0.6189732451537855,
      "incr_op_margin_yoy": 0.6757624871077059,
      "rev_growth_yoy": 0.38130927232684614,
      "rev_growth_yoy_accel": 0.3859067366988381,
      "op_leverage_ratio": Infinity,
      "fcf_margin_change": -0.02253672126423023
    },
    {
      "date": "2025-06-30T00:00:00",
      "quarter_label": "2025-06 (Q2)",
      "revenue": 109219000,
      "gross_profit": null,
      "operating_income": 20735000,
      "net_income": 25081000,
      "opex": 88484000,
      "cogs": null,
      "rd": null,
      "sga": null,
      "fcf": 78043000,
      "ocf": 78043000,
      "capex": null,
      "gross_margin": null,
      "op_margin": 0.18984792023365898,
      "fcf_margin": 0.7145551598165154,
      "incr_op_margin_yoy": -0.06204556471158507,
      "rev_growth_yoy": 0.2048162202709262,
      "rev_growth_yoy_accel": -0.17649305205591995,
      "fcf_margin_change": 0.09558191466272992
    },
    {
      "date": "2025-09-30T00:00:00",
      "quarter_label": "2025-09 (Q3)",
      "revenue": 112671000,
      "gross_profit": null,
      "operating_income": 19589000,
      "net_income": 14523000,
      "opex": 93082000,
      "cogs": null,
      "rd": null,
      "sga": null,
      "fcf": 77780000,
      "ocf": 77780000,
      "capex": null,
      "gross_margin": null,
      "op_margin": 0.17386017697544176,
      "fcf_margin": 0.6903284784904723,
      "incr_op_margin_yoy": -0.27387610238761023,
      "rev_growth_yoy": 0.1976720701567898,
      "rev_growth_yoy_accel": -0.007144150114136383,
      "op_leverage_ratio": 0.6082307480107457,
      "fcf_margin_change": -0.02422668132604311
    }
  ],
  "signals": [
    {
      "quarter": "2025-06 (Q2)",
      "signal": "FCF MARGIN EXPANSION",
      "detail": "FCF margin: +61.9% -> +71.5% (+9.6%)",
      "severity": "MEDIUM"
    },
    {
      "quarter": "2025-06 (Q2)",
      "signal": "YoY REVENUE GROWTH DECELERATION",
      "detail": "YoY growth: +20.5% vs prior quarter YoY: +38.1% (decel: -17.6%)",
      "severity": "WARNING"
    },
    {
      "quarter": "2025-03 (Q1)",
      "signal": "YoY REVENUE GROWTH ACCELERATION",
      "detail": "YoY growth: +38.1% vs prior quarter YoY: -0.5% (accel: +38.6%)",
      "severity": "HIGH"
    },
    {
      "quarter": "2025-03 (Q1)",
      "signal": "INCREMENTAL MARGIN (YoY)",
      "detail": "YoY Incr OPM: +67.6% vs year-ago OPM: +22.0%",
      "severity": "HIGH"
    },
    {
      "quarter": "2025-03 (Q1)",
      "signal": "OP MARGIN TURNED POSITIVE (QoQ)",
      "detail": "Op margin: -6.5% -> +34.6%",
      "severity": "HIGH"
    },
    {
      "quarter": "2024-12 (Q4)",
      "signal": "YoY REVENUE GROWTH ACCELERATION",
      "detail": "YoY growth: -0.5% vs prior quarter YoY: -13.2% (accel: +12.8%)",
      "severity": "MEDIUM"
    },
    {
      "quarter": "2024-09 (Q3)",
      "signal": "FCF MARGIN EXPANSION",
      "detail": "FCF margin: +70.8% -> +79.4% (+8.6%)",
      "severity": "MEDIUM"
    },
    {
      "quarter": "2024-09 (Q3)",
      "signal": "OPERATING LEVERAGE",
      "detail": "Rev growth +3.8% vs OpEx growth +0.9% (leverage: 4.1x)",
      "severity": "MEDIUM"
    },
    {
      "quarter": "2024-09 (Q3)",
      "signal": "YoY REVENUE GROWTH DECELERATION",
      "detail": "YoY growth: -13.2% vs prior quarter YoY: +3.5% (decel: -16.8%)",
      "severity": "WARNING"
    },
    {
      "quarter": "2024-09 (Q3)",
      "signal": "INCREMENTAL MARGIN (YoY)",
      "detail": "YoY Incr OPM: +55.3% vs year-ago OPM: +30.1%",
      "severity": "HIGH"
    },
    {
      "quarter": "2024-06 (Q2)",
      "signal": "YoY REVENUE GROWTH ACCELERATION",
      "detail": "YoY growth: +3.5% vs prior quarter YoY: -2.5% (accel: +6.1%)",
      "severity": "MEDIUM"
    },
    {
      "quarter": "2024-03 (Q1)",
      "signal": "YoY REVENUE GROWTH ACCELERATION",
      "detail": "YoY growth: -2.5% vs prior quarter YoY: -8.2% (accel: +5.7%)",
      "severity": "MEDIUM"
    },
    {
      "quarter": "2024-03 (Q1)",
      "signal": "INCREMENTAL MARGIN (YoY)",
      "detail": "YoY Incr OPM: +422.9% vs year-ago OPM: +32.2%",
      "severity": "HIGH"
    },
    {
      "quarter": "2023-12 (Q4)",
      "signal": "FCF MARGIN EXPANSION",
      "detail": "FCF margin: +52.6% -> +84.4% (+31.8%)",
      "severity": "MEDIUM"
    },
    {
      "quarter": "2023-12 (Q4)",
      "signal": "YoY REVENUE GROWTH ACCELERATION",
      "detail": "YoY growth: -8.2% vs prior quarter YoY: -20.9% (accel: +12.7%)",
      "severity": "MEDIUM"
    },
    {
      "quarter": "2023-12 (Q4)",
      "signal": "INCREMENTAL MARGIN (YoY)",
      "detail": "YoY Incr OPM: +1468.3% vs year-ago OPM: +124.4%",
      "severity": "HIGH"
    },
    {
      "quarter": "2023-09 (Q3)",
      "signal": "YoY REVENUE GROWTH ACCELERATION",
      "detail": "YoY growth: -20.9% vs prior quarter YoY: -41.7% (accel: +20.9%)",
      "severity": "HIGH"
    },
    {
      "quarter": "2023-06 (Q2)",
      "signal": "YoY REVENUE GROWTH DECELERATION",
      "detail": "YoY growth: -41.7% vs prior quarter YoY: -2.7% (decel: -39.0%)",
      "severity": "WARNING"
    },
    {
      "quarter": "2023-06 (Q2)",
      "signal": "INCREMENTAL MARGIN (YoY)",
      "detail": "YoY Incr OPM: +120.4% vs year-ago OPM: +66.1%",
      "severity": "HIGH"
    },
    {
      "quarter": "2023-03 (Q1)",
      "signal": "FCF MARGIN EXPANSION",
      "detail": "FCF margin: +81.7% -> +89.2% (+7.5%)",
      "severity": "MEDIUM"
    },
    {
      "quarter": "2023-03 (Q1)",
      "signal": "YoY REVENUE GROWTH ACCELERATION",
      "detail": "YoY growth: -2.7% vs prior quarter YoY: -21.2% (accel: +18.5%)",
      "severity": "HIGH"
    },
    {
      "quarter": "2023-03 (Q1)",
      "signal": "INCREMENTAL MARGIN (YoY)",
      "detail": "YoY Incr OPM: +1258.8% vs year-ago OPM: +65.4%",
      "severity": "HIGH"
    },
    {
      "quarter": "2022-12 (Q4)",
      "signal": "YoY REVENUE GROWTH DECELERATION",
      "detail": "YoY growth: -21.2% vs prior quarter YoY: +145.8% (decel: -167.0%)",
      "severity": "WARNING"
    },
    {
      "quarter": "2022-09 (Q3)",
      "signal": "FCF MARGIN EXPANSION",
      "detail": "FCF margin: +54.1% -> +83.3% (+29.2%)",
      "severity": "MEDIUM"
    }
  ],
  "data_quality": {
    "n_quarters": 17,
    "coverage": {
      "revenue": [
        17,
        17
      ],
      "gross_profit": [
        0,
        17
      ],
      "op_income": [
        17,
        17
      ],
      "fcf": [
        16,
        17
      ]
    },
    "gaps": [],
    "warnings": [
      "gross_profit: no data"
    ]
  },
  "market_cap": null,
  "source": "SEC EDGAR",
  "last_updated": "2026-02-02T22:16:48.163985",
  "sector": "Energy",
  "industry": "Oil & Gas E&P"
}