{
  "ticker": "GRST",
  "name": "ETHEMA HEALTH CORPORATION.",
  "quarters": [
    {
      "date": "2020-12-31T00:00:00",
      "quarter_label": "2020-12 (Q4)",
      "revenue": 83324,
      "gross_profit": null,
      "operating_income": -28798,
      "net_income": 14617809,
      "opex": 112122,
      "cogs": null,
      "rd": null,
      "sga": null,
      "fcf": 333472,
      "ocf": 333472,
      "capex": null,
      "gross_margin": null,
      "op_margin": -0.34561470884739093,
      "fcf_margin": 4.002112236570496
    },
    {
      "date": "2021-03-31T00:00:00",
      "quarter_label": "2021-03 (Q1)",
      "revenue": 90793,
      "gross_profit": null,
      "operating_income": 38777,
      "net_income": -2368156,
      "opex": 52016,
      "cogs": null,
      "rd": null,
      "sga": null,
      "fcf": -77556,
      "ocf": -77556,
      "capex": null,
      "gross_margin": null,
      "op_margin": 0.42709239699095747,
      "fcf_margin": -0.8542068221118368,
      "op_leverage_ratio": Infinity,
      "fcf_margin_change": -4.856319058682333
    },
    {
      "date": "2021-06-30T00:00:00",
      "quarter_label": "2021-06 (Q2)",
      "revenue": 96158,
      "gross_profit": null,
      "operating_income": 65544,
      "net_income": -2626438,
      "opex": 30614,
      "cogs": null,
      "rd": null,
      "sga": null,
      "fcf": -305802,
      "ocf": -305802,
      "capex": null,
      "gross_margin": null,
      "op_margin": 0.6816281536637617,
      "fcf_margin": -3.1802034152124627,
      "op_leverage_ratio": Infinity,
      "fcf_margin_change": -2.325996593100626
    },
    {
      "date": "2021-09-30T00:00:00",
      "quarter_label": "2021-09 (Q3)",
      "revenue": 866432,
      "gross_profit": null,
      "operating_income": 118964,
      "net_income": 1550624,
      "opex": 747468,
      "cogs": null,
      "rd": null,
      "sga": null,
      "fcf": 459270,
      "ocf": 459270,
      "capex": null,
      "gross_margin": null,
      "op_margin": 0.1373033313635692,
      "fcf_margin": 0.530070449844881,
      "op_leverage_ratio": 0.3420969340546326,
      "fcf_margin_change": 3.710273865057344
    },
    {
      "date": "2021-12-31T00:00:00",
      "quarter_label": "2021-12 (Q4)",
      "revenue": 889205,
      "gross_profit": null,
      "operating_income": -221180,
      "net_income": 1901024,
      "opex": 1110385,
      "cogs": null,
      "rd": null,
      "sga": null,
      "fcf": -263097,
      "ocf": -161479,
      "capex": -101618,
      "gross_margin": null,
      "op_margin": -0.2487390421781254,
      "fcf_margin": -0.29587890306509745,
      "rev_growth_yoy": 9.671655225385242,
      "op_leverage_ratio": 0.05413411671224395,
      "fcf_margin_change": -0.8259493529099785
    },
    {
      "date": "2022-03-31T00:00:00",
      "quarter_label": "2022-03 (Q1)",
      "revenue": 1023315,
      "gross_profit": null,
      "operating_income": 74940,
      "net_income": -174447,
      "opex": 948375,
      "cogs": null,
      "rd": null,
      "sga": null,
      "fcf": -141932,
      "ocf": -69074,
      "capex": -72858,
      "gross_margin": null,
      "op_margin": 0.0732325823426804,
      "fcf_margin": -0.13869825029438637,
      "rev_growth_yoy": 10.270857885519808,
      "rev_growth_yoy_accel": 0.5992026601345657,
      "op_leverage_ratio": Infinity,
      "fcf_margin_change": 0.15718065277071108
    },
    {
      "date": "2022-06-30T00:00:00",
      "quarter_label": "2022-06 (Q2)",
      "revenue": 1138032,
      "gross_profit": null,
      "operating_income": 51762,
      "net_income": -193790,
      "opex": 1086270,
      "cogs": null,
      "rd": null,
      "sga": null,
      "fcf": 175146,
      "ocf": 316014,
      "capex": -140868,
      "gross_margin": null,
      "op_margin": 0.04548378252984099,
      "fcf_margin": 0.1539025264667426,
      "incr_op_margin_yoy": -0.01322808708154729,
      "rev_growth_yoy": 10.835021527070031,
      "rev_growth_yoy_accel": 0.5641636415502234,
      "op_leverage_ratio": 0.7709922611508375,
      "fcf_margin_change": 0.29260077676112894
    },
    {
      "date": "2022-09-30T00:00:00",
      "quarter_label": "2022-09 (Q3)",
      "revenue": 1424943,
      "gross_profit": null,
      "operating_income": 254982,
      "net_income": 512081,
      "opex": 1169961,
      "cogs": null,
      "rd": null,
      "sga": null,
      "fcf": 700796,
      "ocf": 772173,
      "capex": -71377,
      "gross_margin": null,
      "op_margin": 0.17894189451788597,
      "fcf_margin": 0.49180633892022346,
      "rev_growth_yoy": 0.6446103098685182,
      "rev_growth_yoy_accel": -10.190411217201513,
      "op_leverage_ratio": 3.2722897619885147,
      "fcf_margin_change": 0.3379038124534809
    },
    {
      "date": "2022-12-31T00:00:00",
      "quarter_label": "2022-12 (Q4)",
      "revenue": 1234457,
      "gross_profit": null,
      "operating_income": 107433,
      "net_income": null,
      "opex": 1127024,
      "cogs": null,
      "rd": null,
      "sga": null,
      "fcf": 527247,
      "ocf": 557966,
      "capex": -30719,
      "gross_margin": null,
      "op_margin": 0.08702854777444657,
      "fcf_margin": 0.4271084371509093,
      "rev_growth_yoy": 0.38827042133141404,
      "rev_growth_yoy_accel": -0.25633988853710415,
      "fcf_margin_change": -0.06469790176931417
    },
    {
      "date": "2023-03-31T00:00:00",
      "quarter_label": "2023-03 (Q1)",
      "revenue": 1300046,
      "gross_profit": null,
      "operating_income": 75026,
      "net_income": -175717,
      "opex": 1225020,
      "cogs": null,
      "rd": null,
      "sga": null,
      "fcf": 53456,
      "ocf": 105874,
      "capex": -52418,
      "gross_margin": null,
      "op_margin": 0.05771026563675439,
      "fcf_margin": 0.04111854503609872,
      "rev_growth_yoy": 0.2704260174042206,
      "rev_growth_yoy_accel": -0.11784440392719342,
      "op_leverage_ratio": 0.6110543754849364,
      "fcf_margin_change": -0.38598989211481055
    },
    {
      "date": "2023-06-30T00:00:00",
      "quarter_label": "2023-06 (Q2)",
      "revenue": 1565959,
      "gross_profit": null,
      "operating_income": 32146,
      "net_income": -232155,
      "opex": 1533813,
      "cogs": null,
      "rd": null,
      "sga": null,
      "fcf": -39610,
      "ocf": -70386,
      "capex": 30776,
      "gross_margin": null,
      "op_margin": 0.020527995943699674,
      "fcf_margin": -0.02529440425962621,
      "rev_growth_yoy": 0.3760236970489406,
      "rev_growth_yoy_accel": 0.10559767964472,
      "op_leverage_ratio": 0.8114403180568656,
      "fcf_margin_change": -0.06641294929572493
    },
    {
      "date": "2023-09-30T00:00:00",
      "quarter_label": "2023-09 (Q3)",
      "revenue": 1353899,
      "gross_profit": null,
      "operating_income": 33528,
      "net_income": 2107537,
      "opex": 1320371,
      "cogs": null,
      "rd": null,
      "sga": null,
      "fcf": -5833647,
      "ocf": -611278,
      "capex": -5222369,
      "gross_margin": null,
      "op_margin": 0.02476403335847061,
      "fcf_margin": -4.308775617679014,
      "rev_growth_yoy": -0.04985743289380698,
      "rev_growth_yoy_accel": -0.4258811299427476,
      "fcf_margin_change": -4.283481213419388
    },
    {
      "date": "2023-12-31T00:00:00",
      "quarter_label": "2023-12 (Q4)",
      "revenue": 1125072,
      "gross_profit": null,
      "operating_income": -682620,
      "net_income": -693250,
      "opex": 1807692,
      "cogs": null,
      "rd": null,
      "sga": null,
      "fcf": 5249042,
      "ocf": 45633,
      "capex": 5203409,
      "gross_margin": null,
      "op_margin": -0.6067345023251846,
      "fcf_margin": 4.6655165180539555,
      "rev_growth_yoy": -0.08860980981921605,
      "rev_growth_yoy_accel": -0.038752376925409074,
      "fcf_margin_change": 8.97429213573297
    },
    {
      "date": "2024-03-31T00:00:00",
      "quarter_label": "2024-03 (Q1)",
      "revenue": 1300100,
      "gross_profit": null,
      "operating_income": -229075,
      "net_income": -374203,
      "opex": 1529175,
      "cogs": null,
      "rd": null,
      "sga": null,
      "fcf": -138431,
      "ocf": -105969,
      "capex": -32462,
      "gross_margin": null,
      "op_margin": -0.17619798477040227,
      "fcf_margin": -0.10647719406199523,
      "rev_growth_yoy": 4.153699176798359e-05,
      "rev_growth_yoy_accel": 0.08865134681098404,
      "op_leverage_ratio": Infinity,
      "fcf_margin_change": -4.77199371211595
    },
    {
      "date": "2024-06-30T00:00:00",
      "quarter_label": "2024-06 (Q2)",
      "revenue": 1490100,
      "gross_profit": null,
      "operating_income": -277510,
      "net_income": -363433,
      "opex": 1767610,
      "cogs": null,
      "rd": null,
      "sga": null,
      "fcf": -190369,
      "ocf": -163951,
      "capex": -26418,
      "gross_margin": null,
      "op_margin": -0.18623582309912087,
      "fcf_margin": -0.12775585531172404,
      "rev_growth_yoy": -0.048442519887174566,
      "rev_growth_yoy_accel": -0.04848405687894255,
      "op_leverage_ratio": 0.9372685096834628,
      "fcf_margin_change": -0.02127866124972881
    },
    {
      "date": "2024-09-30T00:00:00",
      "quarter_label": "2024-09 (Q3)",
      "revenue": 1760000,
      "gross_profit": null,
      "operating_income": -723708,
      "net_income": -1000714,
      "opex": 2483708,
      "cogs": null,
      "rd": null,
      "sga": null,
      "fcf": -134676,
      "ocf": -108034,
      "capex": -26642,
      "gross_margin": null,
      "op_margin": -0.4111977272727273,
      "fcf_margin": -0.07652045454545454,
      "rev_growth_yoy": 0.2999492576624992,
      "rev_growth_yoy_accel": 0.34839177754967376,
      "op_leverage_ratio": 0.4470966943832446,
      "fcf_margin_change": 0.05123540076626949
    },
    {
      "date": "2024-12-31T00:00:00",
      "quarter_label": "2024-12 (Q4)",
      "revenue": 1467004,
      "gross_profit": null,
      "operating_income": -102836,
      "net_income": -325745,
      "opex": 1569840,
      "cogs": null,
      "rd": null,
      "sga": null,
      "fcf": -52487,
      "ocf": -77750,
      "capex": 25263,
      "gross_margin": null,
      "op_margin": -0.07009933169916374,
      "fcf_margin": -0.03577836188585716,
      "rev_growth_yoy": 0.30392010466885677,
      "rev_growth_yoy_accel": 0.003970847006357581,
      "fcf_margin_change": 0.040742092659597384
    },
    {
      "date": "2025-03-31T00:00:00",
      "quarter_label": "2025-03 (Q1)",
      "revenue": 3517775,
      "gross_profit": null,
      "operating_income": -647402,
      "net_income": -885097,
      "opex": 4165177,
      "cogs": null,
      "rd": null,
      "sga": null,
      "fcf": -86043,
      "ocf": -73416,
      "capex": -12627,
      "gross_margin": null,
      "op_margin": -0.18403735315646963,
      "fcf_margin": -0.024459494993284106,
      "incr_op_margin_yoy": -0.18863314056387884,
      "rev_growth_yoy": 1.7057726328743943,
      "rev_growth_yoy_accel": 1.4018525282055374,
      "op_leverage_ratio": 0.8455659810529521,
      "fcf_margin_change": 0.011318866892573054
    },
    {
      "date": "2025-06-30T00:00:00",
      "quarter_label": "2025-06 (Q2)",
      "revenue": 4905420,
      "gross_profit": null,
      "operating_income": 209468,
      "net_income": -295529,
      "opex": 4695952,
      "cogs": null,
      "rd": null,
      "sga": null,
      "fcf": -455536,
      "ocf": -389343,
      "capex": -66193,
      "gross_margin": null,
      "op_margin": 0.042701338519433606,
      "fcf_margin": -0.09286381186524294,
      "incr_op_margin_yoy": 0.14258634622817187,
      "rev_growth_yoy": 2.292007247835716,
      "rev_growth_yoy_accel": 0.5862346149613216,
      "op_leverage_ratio": 3.095517899148998,
      "fcf_margin_change": -0.06840431687195883
    },
    {
      "date": "2025-09-30T00:00:00",
      "quarter_label": "2025-09 (Q3)",
      "revenue": 5529402,
      "gross_profit": null,
      "operating_income": 546015,
      "net_income": 66136,
      "opex": 4983387,
      "cogs": null,
      "rd": null,
      "sga": null,
      "fcf": 43728,
      "ocf": 123624,
      "capex": -79896,
      "gross_margin": null,
      "op_margin": 0.09874756800102434,
      "fcf_margin": 0.007908269284815972,
      "incr_op_margin_yoy": 0.3368499831007677,
      "rev_growth_yoy": 2.141705681818182,
      "rev_growth_yoy_accel": -0.15030156601753397,
      "op_leverage_ratio": 2.0781642228259147,
      "fcf_margin_change": 0.10077208115005891
    }
  ],
  "signals": [
    {
      "quarter": "2025-09 (Q3)",
      "signal": "FCF TURNED POSITIVE",
      "detail": "FCF margin: -9.3% -> +0.8%",
      "severity": "HIGH"
    },
    {
      "quarter": "2025-09 (Q3)",
      "signal": "OPERATING LEVERAGE",
      "detail": "Rev growth +12.7% vs OpEx growth +6.1% (leverage: 2.1x)",
      "severity": "MEDIUM"
    },
    {
      "quarter": "2025-09 (Q3)",
      "signal": "YoY REVENUE GROWTH DECELERATION",
      "detail": "YoY growth: +214.2% vs prior quarter YoY: +229.2% (decel: -15.0%)",
      "severity": "WARNING"
    },
    {
      "quarter": "2025-09 (Q3)",
      "signal": "OP MARGIN TURNED POSITIVE (YoY)",
      "detail": "Op margin: -41.1% (year-ago) -> +9.9%",
      "severity": "HIGH"
    },
    {
      "quarter": "2025-06 (Q2)",
      "signal": "OPERATING LEVERAGE",
      "detail": "Rev growth +39.4% vs OpEx growth +12.7% (leverage: 3.1x)",
      "severity": "MEDIUM"
    },
    {
      "quarter": "2025-06 (Q2)",
      "signal": "YoY REVENUE GROWTH ACCELERATION",
      "detail": "YoY growth: +229.2% vs prior quarter YoY: +170.6% (accel: +58.6%)",
      "severity": "HIGH"
    },
    {
      "quarter": "2025-06 (Q2)",
      "signal": "OP MARGIN TURNED POSITIVE (YoY)",
      "detail": "Op margin: -18.6% (year-ago) -> +4.3%",
      "severity": "HIGH"
    },
    {
      "quarter": "2025-06 (Q2)",
      "signal": "OP MARGIN TURNED POSITIVE (QoQ)",
      "detail": "Op margin: -18.4% -> +4.3%",
      "severity": "HIGH"
    },
    {
      "quarter": "2025-03 (Q1)",
      "signal": "YoY REVENUE GROWTH ACCELERATION",
      "detail": "YoY growth: +170.6% vs prior quarter YoY: +30.4% (accel: +140.2%)",
      "severity": "HIGH"
    },
    {
      "quarter": "2024-09 (Q3)",
      "signal": "FCF MARGIN EXPANSION",
      "detail": "FCF margin: -12.8% -> -7.7% (+5.1%)",
      "severity": "MEDIUM"
    },
    {
      "quarter": "2024-09 (Q3)",
      "signal": "YoY REVENUE GROWTH ACCELERATION",
      "detail": "YoY growth: +30.0% vs prior quarter YoY: -4.8% (accel: +34.8%)",
      "severity": "HIGH"
    },
    {
      "quarter": "2024-03 (Q1)",
      "signal": "YoY REVENUE GROWTH ACCELERATION",
      "detail": "YoY growth: +0.0% vs prior quarter YoY: -8.9% (accel: +8.9%)",
      "severity": "MEDIUM"
    },
    {
      "quarter": "2023-12 (Q4)",
      "signal": "FCF TURNED POSITIVE",
      "detail": "FCF margin: -430.9% -> +466.6%",
      "severity": "HIGH"
    },
    {
      "quarter": "2023-09 (Q3)",
      "signal": "YoY REVENUE GROWTH DECELERATION",
      "detail": "YoY growth: -5.0% vs prior quarter YoY: +37.6% (decel: -42.6%)",
      "severity": "WARNING"
    },
    {
      "quarter": "2023-06 (Q2)",
      "signal": "YoY REVENUE GROWTH ACCELERATION",
      "detail": "YoY growth: +37.6% vs prior quarter YoY: +27.0% (accel: +10.6%)",
      "severity": "MEDIUM"
    },
    {
      "quarter": "2023-03 (Q1)",
      "signal": "YoY REVENUE GROWTH DECELERATION",
      "detail": "YoY growth: +27.0% vs prior quarter YoY: +38.8% (decel: -11.8%)",
      "severity": "WARNING"
    },
    {
      "quarter": "2022-12 (Q4)",
      "signal": "YoY REVENUE GROWTH DECELERATION",
      "detail": "YoY growth: +38.8% vs prior quarter YoY: +64.5% (decel: -25.6%)",
      "severity": "WARNING"
    },
    {
      "quarter": "2022-12 (Q4)",
      "signal": "OP MARGIN TURNED POSITIVE (YoY)",
      "detail": "Op margin: -24.9% (year-ago) -> +8.7%",
      "severity": "HIGH"
    },
    {
      "quarter": "2022-09 (Q3)",
      "signal": "FCF MARGIN EXPANSION",
      "detail": "FCF margin: +15.4% -> +49.2% (+33.8%)",
      "severity": "MEDIUM"
    },
    {
      "quarter": "2022-09 (Q3)",
      "signal": "OPERATING LEVERAGE",
      "detail": "Rev growth +25.2% vs OpEx growth +7.7% (leverage: 3.3x)",
      "severity": "MEDIUM"
    },
    {
      "quarter": "2022-09 (Q3)",
      "signal": "YoY REVENUE GROWTH DECELERATION",
      "detail": "YoY growth: +64.5% vs prior quarter YoY: +1083.5% (decel: -1019.0%)",
      "severity": "WARNING"
    },
    {
      "quarter": "2022-06 (Q2)",
      "signal": "FCF TURNED POSITIVE",
      "detail": "FCF margin: -13.9% -> +15.4%",
      "severity": "HIGH"
    },
    {
      "quarter": "2022-06 (Q2)",
      "signal": "YoY REVENUE GROWTH ACCELERATION",
      "detail": "YoY growth: +1083.5% vs prior quarter YoY: +1027.1% (accel: +56.4%)",
      "severity": "HIGH"
    },
    {
      "quarter": "2022-03 (Q1)",
      "signal": "FCF MARGIN EXPANSION",
      "detail": "FCF margin: -29.6% -> -13.9% (+15.7%)",
      "severity": "MEDIUM"
    },
    {
      "quarter": "2022-03 (Q1)",
      "signal": "YoY REVENUE GROWTH ACCELERATION",
      "detail": "YoY growth: +1027.1% vs prior quarter YoY: +967.2% (accel: +59.9%)",
      "severity": "HIGH"
    },
    {
      "quarter": "2022-03 (Q1)",
      "signal": "OP MARGIN TURNED POSITIVE (QoQ)",
      "detail": "Op margin: -24.9% -> +7.3%",
      "severity": "HIGH"
    },
    {
      "quarter": "2021-09 (Q3)",
      "signal": "FCF TURNED POSITIVE",
      "detail": "FCF margin: -318.0% -> +53.0%",
      "severity": "HIGH"
    },
    {
      "quarter": "2021-03 (Q1)",
      "signal": "OP MARGIN TURNED POSITIVE (QoQ)",
      "detail": "Op margin: -34.6% -> +42.7%",
      "severity": "HIGH"
    }
  ],
  "data_quality": {
    "n_quarters": 20,
    "coverage": {
      "revenue": [
        20,
        20
      ],
      "gross_profit": [
        0,
        20
      ],
      "op_income": [
        20,
        20
      ],
      "fcf": [
        20,
        20
      ]
    },
    "gaps": [],
    "warnings": [
      "gross_profit: no data"
    ]
  },
  "market_cap": null,
  "source": "SEC EDGAR",
  "last_updated": "2026-02-03T01:03:43.330498"
}