{
  "ticker": "GSAT",
  "name": "GLOBALSTAR, INC.",
  "quarters": [
    {
      "date": "2020-12-31T00:00:00",
      "quarter_label": "2020-12 (Q4)",
      "revenue": 33172000,
      "gross_profit": null,
      "operating_income": -15064000,
      "net_income": -21734000,
      "opex": 48236000,
      "cogs": null,
      "rd": null,
      "sga": 10331000,
      "fcf": -1472000,
      "ocf": -1472000,
      "capex": null,
      "gross_margin": null,
      "op_margin": -0.4541179307849994,
      "fcf_margin": -0.04437477390570361
    },
    {
      "date": "2021-03-31T00:00:00",
      "quarter_label": "2021-03 (Q1)",
      "revenue": 26929000,
      "gross_profit": null,
      "operating_income": -19260000,
      "net_income": -36333000,
      "opex": 46189000,
      "cogs": null,
      "rd": null,
      "sga": 10097000,
      "fcf": 4512000,
      "ocf": 4512000,
      "capex": null,
      "gross_margin": null,
      "op_margin": -0.7152140814735044,
      "fcf_margin": 0.16755171005235991,
      "fcf_margin_change": 0.21192648395806352
    },
    {
      "date": "2021-06-30T00:00:00",
      "quarter_label": "2021-06 (Q2)",
      "revenue": 30279000,
      "gross_profit": null,
      "operating_income": -16008000,
      "net_income": -21449000,
      "opex": 46287000,
      "cogs": null,
      "rd": null,
      "sga": 9681000,
      "fcf": 51408000,
      "ocf": 51408000,
      "capex": null,
      "gross_margin": null,
      "op_margin": -0.5286832458139304,
      "fcf_margin": 1.6978103636183492,
      "op_leverage_ratio": 58.63231809118612,
      "fcf_margin_change": 1.5302586535659892
    },
    {
      "date": "2021-09-30T00:00:00",
      "quarter_label": "2021-09 (Q3)",
      "revenue": 32614000,
      "gross_profit": null,
      "operating_income": -14714000,
      "net_income": -30885000,
      "opex": 47328000,
      "cogs": null,
      "rd": null,
      "sga": 9196000,
      "fcf": 51246000,
      "ocf": 51246000,
      "capex": null,
      "gross_margin": null,
      "op_margin": -0.4511559452995646,
      "fcf_margin": 1.5712884037529895,
      "op_leverage_ratio": 3.428890853963043,
      "fcf_margin_change": -0.12652195986535975
    },
    {
      "date": "2021-12-31T00:00:00",
      "quarter_label": "2021-12 (Q4)",
      "revenue": 34475000,
      "gross_profit": null,
      "operating_income": -15521000,
      "net_income": -23958000,
      "opex": 49996000,
      "cogs": null,
      "rd": null,
      "sga": 12384000,
      "fcf": 24715000,
      "ocf": 24715000,
      "capex": null,
      "gross_margin": null,
      "op_margin": -0.4502102973168963,
      "fcf_margin": 0.7168963016678753,
      "incr_op_margin_yoy": -0.35072908672294706,
      "rev_growth_yoy": 0.03928011576027975,
      "op_leverage_ratio": 1.012219345653107,
      "fcf_margin_change": -0.8543921020851142
    },
    {
      "date": "2022-03-31T00:00:00",
      "quarter_label": "2022-03 (Q1)",
      "revenue": 32772000,
      "gross_profit": null,
      "operating_income": -13712000,
      "net_income": -20462000,
      "opex": 46484000,
      "cogs": null,
      "rd": null,
      "sga": 9341000,
      "fcf": 7569000,
      "ocf": 7569000,
      "capex": null,
      "gross_margin": null,
      "op_margin": -0.4184059563041621,
      "fcf_margin": 0.23095935554741853,
      "incr_op_margin_yoy": 0.9495122368646244,
      "rev_growth_yoy": 0.21697797913030561,
      "rev_growth_yoy_accel": 0.17769786337002585,
      "fcf_margin_change": -0.4859369461204568
    },
    {
      "date": "2022-06-30T00:00:00",
      "quarter_label": "2022-06 (Q2)",
      "revenue": 36800000,
      "gross_profit": null,
      "operating_income": -11356000,
      "net_income": -26757000,
      "opex": 48156000,
      "cogs": null,
      "rd": null,
      "sga": 9693000,
      "fcf": 13202000,
      "ocf": 13202000,
      "capex": null,
      "gross_margin": null,
      "op_margin": -0.3085869565217391,
      "fcf_margin": 0.35875,
      "incr_op_margin_yoy": 0.7133875172519553,
      "rev_growth_yoy": 0.2153637834802999,
      "rev_growth_yoy_accel": -0.0016141956500057286,
      "op_leverage_ratio": 3.417068894732754,
      "fcf_margin_change": 0.12779064445258148
    },
    {
      "date": "2022-09-30T00:00:00",
      "quarter_label": "2022-09 (Q3)",
      "revenue": 37626000,
      "gross_profit": null,
      "operating_income": -186641000,
      "net_income": -204361000,
      "opex": 224267000,
      "cogs": null,
      "rd": null,
      "sga": 10707000,
      "fcf": 10934000,
      "ocf": 10934000,
      "capex": null,
      "gross_margin": null,
      "op_margin": -4.960426300962101,
      "fcf_margin": 0.2905969276564078,
      "incr_op_margin_yoy": -34.30307262569833,
      "rev_growth_yoy": 0.1536763353161219,
      "rev_growth_yoy_accel": -0.06168744816417798,
      "op_leverage_ratio": 0.006137565660787552,
      "fcf_margin_change": -0.06815307234359219
    },
    {
      "date": "2022-12-31T00:00:00",
      "quarter_label": "2022-12 (Q4)",
      "revenue": 41306000,
      "gross_profit": null,
      "operating_income": -9320000,
      "net_income": -5335000,
      "opex": 50626000,
      "cogs": null,
      "rd": null,
      "sga": 14362000,
      "fcf": 32095000,
      "ocf": 32095000,
      "capex": null,
      "gross_margin": null,
      "op_margin": -0.2256330799399603,
      "fcf_margin": 0.7770057618747882,
      "incr_op_margin_yoy": 0.9077733860342556,
      "rev_growth_yoy": 0.19814358230601886,
      "rev_growth_yoy_accel": 0.04446724698989696,
      "op_leverage_ratio": Infinity,
      "fcf_margin_change": 0.4864088342183804
    },
    {
      "date": "2023-03-31T00:00:00",
      "quarter_label": "2023-03 (Q1)",
      "revenue": 58644000,
      "gross_profit": null,
      "operating_income": 7191000,
      "net_income": -3480000,
      "opex": 51453000,
      "cogs": null,
      "rd": null,
      "sga": 13391000,
      "fcf": 22805000,
      "ocf": 22805000,
      "capex": null,
      "gross_margin": null,
      "op_margin": 0.12262124002455495,
      "fcf_margin": 0.38887183684605414,
      "incr_op_margin_yoy": 0.807939084724799,
      "rev_growth_yoy": 0.7894544123031857,
      "rev_growth_yoy_accel": 0.5913108299971668,
      "op_leverage_ratio": 25.69531600967235,
      "fcf_margin_change": -0.38813392502873406
    },
    {
      "date": "2023-06-30T00:00:00",
      "quarter_label": "2023-06 (Q2)",
      "revenue": 55072000,
      "gross_profit": null,
      "operating_income": 2620000,
      "net_income": 9000,
      "opex": 52452000,
      "cogs": null,
      "rd": null,
      "sga": 12654000,
      "fcf": 20188000,
      "ocf": 20188000,
      "capex": null,
      "gross_margin": null,
      "op_margin": 0.04757408483439861,
      "fcf_margin": 0.3665746658919233,
      "incr_op_margin_yoy": 0.7648861646234676,
      "rev_growth_yoy": 0.4965217391304348,
      "rev_growth_yoy_accel": -0.2929326731727509,
      "fcf_margin_change": -0.022297170954130863
    },
    {
      "date": "2023-09-30T00:00:00",
      "quarter_label": "2023-09 (Q3)",
      "revenue": 57683000,
      "gross_profit": null,
      "operating_income": 2017000,
      "net_income": -6169000,
      "opex": 55666000,
      "cogs": null,
      "rd": null,
      "sga": 12090000,
      "fcf": 25563000,
      "ocf": 25563000,
      "capex": null,
      "gross_margin": null,
      "op_margin": 0.03496697467191374,
      "fcf_margin": 0.4431634970441898,
      "incr_op_margin_yoy": 9.406092635987436,
      "rev_growth_yoy": 0.5330622441928454,
      "rev_growth_yoy_accel": 0.03654050506241063,
      "op_leverage_ratio": 0.7737349298373943,
      "fcf_margin_change": 0.0765888311522665
    },
    {
      "date": "2023-12-31T00:00:00",
      "quarter_label": "2023-12 (Q4)",
      "revenue": 52409000,
      "gross_profit": null,
      "operating_income": -11993000,
      "net_income": -15078000,
      "opex": 64402000,
      "cogs": null,
      "rd": null,
      "sga": 11615000,
      "fcf": 5785000,
      "ocf": 5785000,
      "capex": null,
      "gross_margin": null,
      "op_margin": -0.22883474212444427,
      "fcf_margin": 0.11038180465187276,
      "incr_op_margin_yoy": -0.24074574439340718,
      "rev_growth_yoy": 0.26879872173534114,
      "rev_growth_yoy_accel": -0.2642635224575043,
      "fcf_margin_change": -0.33278169239231703
    },
    {
      "date": "2024-03-31T00:00:00",
      "quarter_label": "2024-03 (Q1)",
      "revenue": 56480000,
      "gross_profit": null,
      "operating_income": -4712000,
      "net_income": -13196000,
      "opex": 61192000,
      "cogs": null,
      "rd": null,
      "sga": 10646000,
      "fcf": 29818000,
      "ocf": 29818000,
      "capex": null,
      "gross_margin": null,
      "op_margin": -0.08342776203966006,
      "fcf_margin": 0.5279390934844193,
      "incr_op_margin_yoy": 5.500462107208873,
      "rev_growth_yoy": -0.03690062069435918,
      "rev_growth_yoy_accel": -0.3056993424297003,
      "op_leverage_ratio": Infinity,
      "fcf_margin_change": 0.4175572888325465
    },
    {
      "date": "2024-06-30T00:00:00",
      "quarter_label": "2024-06 (Q2)",
      "revenue": 60385000,
      "gross_profit": null,
      "operating_income": -1422000,
      "net_income": -9683000,
      "opex": 61807000,
      "cogs": null,
      "rd": null,
      "sga": 10353000,
      "fcf": 36668000,
      "ocf": 36668000,
      "capex": null,
      "gross_margin": null,
      "op_margin": -0.02354889459302807,
      "fcf_margin": 0.6072368965802766,
      "incr_op_margin_yoy": -0.7607754564276303,
      "rev_growth_yoy": 0.09647370714700755,
      "rev_growth_yoy_accel": 0.13337432784136674,
      "op_leverage_ratio": 6.879325871162394,
      "fcf_margin_change": 0.07929780309585732
    },
    {
      "date": "2024-09-30T00:00:00",
      "quarter_label": "2024-09 (Q3)",
      "revenue": 72307000,
      "gross_profit": null,
      "operating_income": 9434000,
      "net_income": 9934000,
      "opex": 62873000,
      "cogs": null,
      "rd": null,
      "sga": 10439000,
      "fcf": 32049000,
      "ocf": 32049000,
      "capex": null,
      "gross_margin": null,
      "op_margin": 0.130471461960806,
      "fcf_margin": 0.4432350948040992,
      "incr_op_margin_yoy": 0.507179978118162,
      "rev_growth_yoy": 0.25352356846904633,
      "rev_growth_yoy_accel": 0.1570498613220388,
      "op_leverage_ratio": 11.447232571611707,
      "fcf_margin_change": -0.1640018017761774
    },
    {
      "date": "2024-12-31T00:00:00",
      "quarter_label": "2024-12 (Q4)",
      "revenue": 61177000,
      "gross_profit": null,
      "operating_income": -4249000,
      "net_income": -50219000,
      "opex": 65426000,
      "cogs": null,
      "rd": null,
      "sga": 11996000,
      "fcf": 340657000,
      "ocf": 340657000,
      "capex": null,
      "gross_margin": null,
      "op_margin": -0.06945420664628864,
      "fcf_margin": 5.5683835428347255,
      "incr_op_margin_yoy": 0.8832116788321168,
      "rev_growth_yoy": 0.16729950962620924,
      "rev_growth_yoy_accel": -0.0862240588428371,
      "fcf_margin_change": 5.125148448030626
    },
    {
      "date": "2025-03-31T00:00:00",
      "quarter_label": "2025-03 (Q1)",
      "revenue": 60032000,
      "gross_profit": null,
      "operating_income": -8501000,
      "net_income": -17331000,
      "opex": 68533000,
      "cogs": null,
      "rd": null,
      "sga": 11589000,
      "fcf": 51864000,
      "ocf": 51864000,
      "capex": null,
      "gross_margin": null,
      "op_margin": -0.1416078091684435,
      "fcf_margin": 0.8639392324093816,
      "incr_op_margin_yoy": -1.066722972972973,
      "rev_growth_yoy": 0.06288951841359773,
      "rev_growth_yoy_accel": -0.1044099912126115,
      "fcf_margin_change": -4.704444310425344
    },
    {
      "date": "2025-06-30T00:00:00",
      "quarter_label": "2025-06 (Q2)",
      "revenue": 67148000,
      "gross_profit": null,
      "operating_income": 6146000,
      "net_income": 19208000,
      "opex": 61002000,
      "cogs": null,
      "rd": null,
      "sga": 9683000,
      "fcf": 157877000,
      "ocf": 157877000,
      "capex": null,
      "gross_margin": null,
      "op_margin": 0.09152915946863645,
      "fcf_margin": 2.35117948412462,
      "incr_op_margin_yoy": 1.1190300162649711,
      "rev_growth_yoy": 0.11199801275151114,
      "rev_growth_yoy_accel": 0.04910849433791341,
      "op_leverage_ratio": Infinity,
      "fcf_margin_change": 1.4872402517152383
    },
    {
      "date": "2025-09-30T00:00:00",
      "quarter_label": "2025-09 (Q3)",
      "revenue": 73845000,
      "gross_profit": null,
      "operating_income": 10156000,
      "net_income": 1090000,
      "opex": 63689000,
      "cogs": null,
      "rd": null,
      "sga": 11347000,
      "fcf": 236021000,
      "ocf": 236021000,
      "capex": null,
      "gross_margin": null,
      "op_margin": 0.1375313155934728,
      "fcf_margin": 3.1961676484528403,
      "incr_op_margin_yoy": 0.4694408322496749,
      "rev_growth_yoy": 0.021270416418880608,
      "rev_growth_yoy_accel": -0.09072759633263053,
      "op_leverage_ratio": 2.264246080773555,
      "fcf_margin_change": 0.8449881643282202
    }
  ],
  "signals": [
    {
      "quarter": "2025-09 (Q3)",
      "signal": "FCF MARGIN EXPANSION",
      "detail": "FCF margin: +235.1% -> +319.6% (+84.5%)",
      "severity": "MEDIUM"
    },
    {
      "quarter": "2025-09 (Q3)",
      "signal": "OPERATING LEVERAGE",
      "detail": "Rev growth +10.0% vs OpEx growth +4.4% (leverage: 2.3x)",
      "severity": "MEDIUM"
    },
    {
      "quarter": "2025-09 (Q3)",
      "signal": "YoY REVENUE GROWTH DECELERATION",
      "detail": "YoY growth: +2.1% vs prior quarter YoY: +11.2% (decel: -9.1%)",
      "severity": "WARNING"
    },
    {
      "quarter": "2025-09 (Q3)",
      "signal": "INCREMENTAL MARGIN (YoY)",
      "detail": "YoY Incr OPM: +46.9% vs year-ago OPM: +13.0%",
      "severity": "HIGH"
    },
    {
      "quarter": "2025-06 (Q2)",
      "signal": "FCF MARGIN EXPANSION",
      "detail": "FCF margin: +86.4% -> +235.1% (+148.7%)",
      "severity": "MEDIUM"
    },
    {
      "quarter": "2025-06 (Q2)",
      "signal": "OP MARGIN TURNED POSITIVE (YoY)",
      "detail": "Op margin: -2.4% (year-ago) -> +9.2%",
      "severity": "HIGH"
    },
    {
      "quarter": "2025-06 (Q2)",
      "signal": "OP MARGIN TURNED POSITIVE (QoQ)",
      "detail": "Op margin: -14.2% -> +9.2%",
      "severity": "HIGH"
    },
    {
      "quarter": "2025-03 (Q1)",
      "signal": "YoY REVENUE GROWTH DECELERATION",
      "detail": "YoY growth: +6.3% vs prior quarter YoY: +16.7% (decel: -10.4%)",
      "severity": "WARNING"
    },
    {
      "quarter": "2024-12 (Q4)",
      "signal": "FCF MARGIN EXPANSION",
      "detail": "FCF margin: +44.3% -> +556.8% (+512.5%)",
      "severity": "MEDIUM"
    },
    {
      "quarter": "2024-12 (Q4)",
      "signal": "YoY REVENUE GROWTH DECELERATION",
      "detail": "YoY growth: +16.7% vs prior quarter YoY: +25.4% (decel: -8.6%)",
      "severity": "WARNING"
    },
    {
      "quarter": "2024-09 (Q3)",
      "signal": "OPERATING LEVERAGE",
      "detail": "Rev growth +19.7% vs OpEx growth +1.7% (leverage: 11.4x)",
      "severity": "MEDIUM"
    },
    {
      "quarter": "2024-09 (Q3)",
      "signal": "YoY REVENUE GROWTH ACCELERATION",
      "detail": "YoY growth: +25.4% vs prior quarter YoY: +9.6% (accel: +15.7%)",
      "severity": "HIGH"
    },
    {
      "quarter": "2024-09 (Q3)",
      "signal": "INCREMENTAL MARGIN (YoY)",
      "detail": "YoY Incr OPM: +50.7% vs year-ago OPM: +3.5%",
      "severity": "HIGH"
    },
    {
      "quarter": "2024-09 (Q3)",
      "signal": "OP MARGIN TURNED POSITIVE (QoQ)",
      "detail": "Op margin: -2.4% -> +13.0%",
      "severity": "HIGH"
    },
    {
      "quarter": "2024-06 (Q2)",
      "signal": "FCF MARGIN EXPANSION",
      "detail": "FCF margin: +52.8% -> +60.7% (+7.9%)",
      "severity": "MEDIUM"
    },
    {
      "quarter": "2024-06 (Q2)",
      "signal": "OPERATING LEVERAGE",
      "detail": "Rev growth +6.9% vs OpEx growth +1.0% (leverage: 6.9x)",
      "severity": "MEDIUM"
    },
    {
      "quarter": "2024-06 (Q2)",
      "signal": "YoY REVENUE GROWTH ACCELERATION",
      "detail": "YoY growth: +9.6% vs prior quarter YoY: -3.7% (accel: +13.3%)",
      "severity": "MEDIUM"
    },
    {
      "quarter": "2024-03 (Q1)",
      "signal": "FCF MARGIN EXPANSION",
      "detail": "FCF margin: +11.0% -> +52.8% (+41.8%)",
      "severity": "MEDIUM"
    },
    {
      "quarter": "2024-03 (Q1)",
      "signal": "YoY REVENUE GROWTH DECELERATION",
      "detail": "YoY growth: -3.7% vs prior quarter YoY: +26.9% (decel: -30.6%)",
      "severity": "WARNING"
    },
    {
      "quarter": "2023-12 (Q4)",
      "signal": "YoY REVENUE GROWTH DECELERATION",
      "detail": "YoY growth: +26.9% vs prior quarter YoY: +53.3% (decel: -26.4%)",
      "severity": "WARNING"
    },
    {
      "quarter": "2023-09 (Q3)",
      "signal": "FCF MARGIN EXPANSION",
      "detail": "FCF margin: +36.7% -> +44.3% (+7.7%)",
      "severity": "MEDIUM"
    },
    {
      "quarter": "2023-09 (Q3)",
      "signal": "OP MARGIN TURNED POSITIVE (YoY)",
      "detail": "Op margin: -496.0% (year-ago) -> +3.5%",
      "severity": "HIGH"
    },
    {
      "quarter": "2023-06 (Q2)",
      "signal": "YoY REVENUE GROWTH DECELERATION",
      "detail": "YoY growth: +49.7% vs prior quarter YoY: +78.9% (decel: -29.3%)",
      "severity": "WARNING"
    },
    {
      "quarter": "2023-06 (Q2)",
      "signal": "OP MARGIN TURNED POSITIVE (YoY)",
      "detail": "Op margin: -30.9% (year-ago) -> +4.8%",
      "severity": "HIGH"
    },
    {
      "quarter": "2023-03 (Q1)",
      "signal": "OPERATING LEVERAGE",
      "detail": "Rev growth +42.0% vs OpEx growth +1.6% (leverage: 25.7x)",
      "severity": "MEDIUM"
    },
    {
      "quarter": "2023-03 (Q1)",
      "signal": "YoY REVENUE GROWTH ACCELERATION",
      "detail": "YoY growth: +78.9% vs prior quarter YoY: +19.8% (accel: +59.1%)",
      "severity": "HIGH"
    },
    {
      "quarter": "2023-03 (Q1)",
      "signal": "OP MARGIN TURNED POSITIVE (YoY)",
      "detail": "Op margin: -41.8% (year-ago) -> +12.3%",
      "severity": "HIGH"
    },
    {
      "quarter": "2023-03 (Q1)",
      "signal": "OP MARGIN TURNED POSITIVE (QoQ)",
      "detail": "Op margin: -22.6% -> +12.3%",
      "severity": "HIGH"
    },
    {
      "quarter": "2022-12 (Q4)",
      "signal": "FCF MARGIN EXPANSION",
      "detail": "FCF margin: +29.1% -> +77.7% (+48.6%)",
      "severity": "MEDIUM"
    },
    {
      "quarter": "2022-09 (Q3)",
      "signal": "YoY REVENUE GROWTH DECELERATION",
      "detail": "YoY growth: +15.4% vs prior quarter YoY: +21.5% (decel: -6.2%)",
      "severity": "WARNING"
    },
    {
      "quarter": "2022-06 (Q2)",
      "signal": "FCF MARGIN EXPANSION",
      "detail": "FCF margin: +23.1% -> +35.9% (+12.8%)",
      "severity": "MEDIUM"
    },
    {
      "quarter": "2022-06 (Q2)",
      "signal": "OPERATING LEVERAGE",
      "detail": "Rev growth +12.3% vs OpEx growth +3.6% (leverage: 3.4x)",
      "severity": "MEDIUM"
    },
    {
      "quarter": "2022-03 (Q1)",
      "signal": "YoY REVENUE GROWTH ACCELERATION",
      "detail": "YoY growth: +21.7% vs prior quarter YoY: +3.9% (accel: +17.8%)",
      "severity": "HIGH"
    },
    {
      "quarter": "2021-09 (Q3)",
      "signal": "OPERATING LEVERAGE",
      "detail": "Rev growth +7.7% vs OpEx growth +2.2% (leverage: 3.4x)",
      "severity": "MEDIUM"
    },
    {
      "quarter": "2021-06 (Q2)",
      "signal": "FCF MARGIN EXPANSION",
      "detail": "FCF margin: +16.8% -> +169.8% (+153.0%)",
      "severity": "MEDIUM"
    },
    {
      "quarter": "2021-06 (Q2)",
      "signal": "OPERATING LEVERAGE",
      "detail": "Rev growth +12.4% vs OpEx growth +0.2% (leverage: 58.6x)",
      "severity": "MEDIUM"
    },
    {
      "quarter": "2021-03 (Q1)",
      "signal": "FCF TURNED POSITIVE",
      "detail": "FCF margin: -4.4% -> +16.8%",
      "severity": "HIGH"
    }
  ],
  "data_quality": {
    "n_quarters": 20,
    "coverage": {
      "revenue": [
        20,
        20
      ],
      "gross_profit": [
        0,
        20
      ],
      "op_income": [
        20,
        20
      ],
      "fcf": [
        20,
        20
      ]
    },
    "gaps": [],
    "warnings": [
      "gross_profit: no data"
    ]
  },
  "market_cap": null,
  "source": "SEC EDGAR",
  "last_updated": "2026-02-02T20:45:18.898348"
}