{
  "ticker": "GSG",
  "name": "iShares S&P GSCI Commodity-Indexed Trust",
  "quarters": [
    {
      "date": "2020-12-31T00:00:00",
      "quarter_label": "2020-12 (Q4)",
      "revenue": 162386,
      "gross_profit": null,
      "operating_income": -1505963,
      "net_income": 99968411,
      "opex": 1668349,
      "cogs": null,
      "rd": null,
      "sga": null,
      "fcf": -11032130,
      "ocf": -11032130,
      "capex": null,
      "gross_margin": null,
      "op_margin": -9.273970662495536,
      "fcf_margin": -67.93769167292747
    },
    {
      "date": "2021-03-31T00:00:00",
      "quarter_label": "2021-03 (Q1)",
      "revenue": 143437,
      "gross_profit": null,
      "operating_income": -2080345,
      "net_income": 113299050,
      "opex": 2223782,
      "cogs": null,
      "rd": null,
      "sga": null,
      "fcf": -180473917,
      "ocf": -180473917,
      "capex": null,
      "gross_margin": null,
      "op_margin": -14.5035451103969,
      "fcf_margin": -1258.2103432168826,
      "fcf_margin_change": -1190.2726515439551
    },
    {
      "date": "2021-06-30T00:00:00",
      "quarter_label": "2021-06 (Q2)",
      "revenue": 52562,
      "gross_profit": null,
      "operating_income": -2702412,
      "net_income": 179290566,
      "opex": 2754974,
      "cogs": null,
      "rd": null,
      "sga": null,
      "fcf": -60341645,
      "ocf": -60341645,
      "capex": null,
      "gross_margin": null,
      "op_margin": -51.413797039686465,
      "fcf_margin": -1148.0089227959363,
      "fcf_margin_change": 110.2014204209463
    },
    {
      "date": "2021-09-30T00:00:00",
      "quarter_label": "2021-09 (Q3)",
      "revenue": 94407,
      "gross_profit": null,
      "operating_income": -2710384,
      "net_income": 60122626,
      "opex": 2804791,
      "cogs": null,
      "rd": null,
      "sga": null,
      "fcf": 96939935,
      "ocf": 96939935,
      "capex": null,
      "gross_margin": null,
      "op_margin": -28.70956602794284,
      "fcf_margin": 1026.8299490503882,
      "op_leverage_ratio": 44.026242791129135,
      "fcf_margin_change": 2174.8388718463248
    },
    {
      "date": "2021-12-31T00:00:00",
      "quarter_label": "2021-12 (Q4)",
      "revenue": 135628,
      "gross_profit": null,
      "operating_income": -2892074,
      "net_income": 13296715,
      "opex": 3027702,
      "cogs": null,
      "rd": null,
      "sga": null,
      "fcf": -62503571,
      "ocf": -62503571,
      "capex": null,
      "gross_margin": null,
      "op_margin": -21.323576252691186,
      "fcf_margin": -460.8456292211048,
      "rev_growth_yoy": -0.16478021504316875,
      "op_leverage_ratio": 5.493932651317485,
      "fcf_margin_change": -1487.6755782714931
    },
    {
      "date": "2022-03-31T00:00:00",
      "quarter_label": "2022-03 (Q1)",
      "revenue": 447870,
      "gross_profit": null,
      "operating_income": -3421562,
      "net_income": 508785102,
      "opex": 3869432,
      "cogs": null,
      "rd": null,
      "sga": null,
      "fcf": -206445340,
      "ocf": -206445340,
      "capex": null,
      "gross_margin": null,
      "op_margin": -7.639632036081899,
      "fcf_margin": -460.94924866590753,
      "rev_growth_yoy": 2.122416112997344,
      "rev_growth_yoy_accel": 2.2871963280405128,
      "op_leverage_ratio": 8.28099045571953,
      "fcf_margin_change": -0.10361944480274587
    },
    {
      "date": "2022-06-30T00:00:00",
      "quarter_label": "2022-06 (Q2)",
      "revenue": 2968486,
      "gross_profit": null,
      "operating_income": -1508916,
      "net_income": 35367071,
      "opex": 4477402,
      "cogs": null,
      "rd": null,
      "sga": null,
      "fcf": 165286912,
      "ocf": 165286912,
      "capex": null,
      "gross_margin": null,
      "op_margin": -0.5083116443870714,
      "fcf_margin": 55.680542876065445,
      "incr_op_margin_yoy": 0.4093028487710928,
      "rev_growth_yoy": 55.47589513336631,
      "rev_growth_yoy_accel": 53.353479020368965,
      "op_leverage_ratio": 35.81952192420779,
      "fcf_margin_change": 516.629791541973
    },
    {
      "date": "2022-09-30T00:00:00",
      "quarter_label": "2022-09 (Q3)",
      "revenue": 7031116,
      "gross_profit": null,
      "operating_income": 3616275,
      "net_income": -190253708,
      "opex": 3414841,
      "cogs": null,
      "rd": null,
      "sga": null,
      "fcf": 364286078,
      "ocf": 364286078,
      "capex": null,
      "gross_margin": null,
      "op_margin": 0.5143244685480939,
      "fcf_margin": 51.810562931972676,
      "incr_op_margin_yoy": 0.912054837531746,
      "rev_growth_yoy": 73.47663838486552,
      "rev_growth_yoy_accel": 18.000743251499216,
      "op_leverage_ratio": Infinity,
      "fcf_margin_change": -3.869979944092769
    },
    {
      "date": "2022-12-31T00:00:00",
      "quarter_label": "2022-12 (Q4)",
      "revenue": 11858606,
      "gross_profit": null,
      "operating_income": 8838126,
      "net_income": 36910157,
      "opex": 3020480,
      "cogs": null,
      "rd": null,
      "sga": null,
      "fcf": 241936720,
      "ocf": 241936720,
      "capex": null,
      "gross_margin": null,
      "op_margin": 0.7452921532261043,
      "fcf_margin": 20.401784155743094,
      "incr_op_margin_yoy": 1.0006160550672363,
      "rev_growth_yoy": 86.43479222579408,
      "rev_growth_yoy_accel": 12.95815384092856,
      "op_leverage_ratio": Infinity,
      "fcf_margin_change": -31.408778776229582
    },
    {
      "date": "2023-03-31T00:00:00",
      "quarter_label": "2023-03 (Q1)",
      "revenue": 12440489,
      "gross_profit": null,
      "operating_income": 10110125,
      "net_income": -63342116,
      "opex": 2330364,
      "cogs": null,
      "rd": null,
      "sga": null,
      "fcf": 72683259,
      "ocf": 72683259,
      "capex": null,
      "gross_margin": null,
      "op_margin": 0.8126790675189697,
      "fcf_margin": 5.842476047364376,
      "incr_op_margin_yoy": 1.1283346031421493,
      "rev_growth_yoy": 26.77700895349097,
      "rev_growth_yoy_accel": -59.657783272303114,
      "op_leverage_ratio": Infinity,
      "fcf_margin_change": -14.559308108378719
    },
    {
      "date": "2023-06-30T00:00:00",
      "quarter_label": "2023-06 (Q2)",
      "revenue": 11771724,
      "gross_profit": null,
      "operating_income": 9640397,
      "net_income": -32544171,
      "opex": 2131327,
      "cogs": null,
      "rd": null,
      "sga": null,
      "fcf": 58359641,
      "ocf": 58359641,
      "capex": null,
      "gross_margin": null,
      "op_margin": 0.8189452114235773,
      "fcf_margin": 4.957612071095109,
      "incr_op_margin_yoy": 1.2665013714271953,
      "rev_growth_yoy": 2.965564937816786,
      "rev_growth_yoy_accel": -23.811444015674184,
      "fcf_margin_change": -0.8848639762692674
    },
    {
      "date": "2023-09-30T00:00:00",
      "quarter_label": "2023-09 (Q3)",
      "revenue": 14165520,
      "gross_profit": null,
      "operating_income": 11887642,
      "net_income": 154105273,
      "opex": 2277878,
      "cogs": null,
      "rd": null,
      "sga": null,
      "fcf": -1967932,
      "ocf": -1967932,
      "capex": null,
      "gross_margin": null,
      "op_margin": 0.83919559606707,
      "fcf_margin": -0.13892409173824893,
      "incr_op_margin_yoy": 1.1593634170422644,
      "rev_growth_yoy": 1.0146901288501,
      "rev_growth_yoy_accel": -1.950874808966686,
      "op_leverage_ratio": 2.9573884086433133,
      "fcf_margin_change": -5.096536162833358
    },
    {
      "date": "2023-12-31T00:00:00",
      "quarter_label": "2023-12 (Q4)",
      "revenue": 14182155,
      "gross_profit": null,
      "operating_income": 12011902,
      "net_income": -124760661,
      "opex": 2170253,
      "cogs": null,
      "rd": null,
      "sga": null,
      "fcf": 54695555,
      "ocf": 54695555,
      "capex": null,
      "gross_margin": null,
      "op_margin": 0.846972974135454,
      "fcf_margin": 3.856646257215494,
      "incr_op_margin_yoy": 1.3659173961900524,
      "rev_growth_yoy": 0.19593778560481728,
      "rev_growth_yoy_accel": -0.8187523432452828,
      "fcf_margin_change": 3.9955703489537426
    },
    {
      "date": "2024-03-31T00:00:00",
      "quarter_label": "2024-03 (Q1)",
      "revenue": 13015780,
      "gross_profit": null,
      "operating_income": 10997080,
      "net_income": 92339756,
      "opex": 2018700,
      "cogs": null,
      "rd": null,
      "sga": null,
      "fcf": 26451735,
      "ocf": 26451735,
      "capex": null,
      "gross_margin": null,
      "op_margin": 0.8449036477260679,
      "fcf_margin": 2.032281968502848,
      "rev_growth_yoy": 0.0462434394660853,
      "rev_growth_yoy_accel": -0.14969434613873198,
      "fcf_margin_change": -1.8243642887126459
    },
    {
      "date": "2024-06-30T00:00:00",
      "quarter_label": "2024-06 (Q2)",
      "revenue": 14145807,
      "gross_profit": null,
      "operating_income": 11931547,
      "net_income": 4499014,
      "opex": 2214260,
      "cogs": null,
      "rd": null,
      "sga": null,
      "fcf": -60349449,
      "ocf": -60349449,
      "capex": null,
      "gross_margin": null,
      "op_margin": 0.8434688102276526,
      "fcf_margin": -4.266242922726148,
      "incr_op_margin_yoy": 0.9650673544269514,
      "rev_growth_yoy": 0.20167674675349168,
      "rev_growth_yoy_accel": 0.15543330728740637,
      "op_leverage_ratio": 0.8962112173811346,
      "fcf_margin_change": -6.298524891228996
    },
    {
      "date": "2024-09-30T00:00:00",
      "quarter_label": "2024-09 (Q3)",
      "revenue": 13037036,
      "gross_profit": null,
      "operating_income": 11075954,
      "net_income": -59879999,
      "opex": 1961082,
      "cogs": null,
      "rd": null,
      "sga": null,
      "fcf": 155107877,
      "ocf": 155107877,
      "capex": null,
      "gross_margin": null,
      "op_margin": 0.8495760846253704,
      "fcf_margin": 11.897480148095012,
      "incr_op_margin_yoy": 0.7192729360806179,
      "rev_growth_yoy": -0.07966414222704143,
      "rev_growth_yoy_accel": -0.2813408889805331,
      "fcf_margin_change": 16.16372307082116
    },
    {
      "date": "2024-12-31T00:00:00",
      "quarter_label": "2024-12 (Q4)",
      "revenue": 11052512,
      "gross_profit": null,
      "operating_income": 9129960,
      "net_income": 33032251,
      "opex": 1922552,
      "cogs": null,
      "rd": null,
      "sga": null,
      "fcf": -51649796,
      "ocf": -51649796,
      "capex": null,
      "gross_margin": null,
      "op_margin": 0.8260529371060624,
      "fcf_margin": -4.673127339739599,
      "incr_op_margin_yoy": 0.9208532730410466,
      "rev_growth_yoy": -0.22067471410374517,
      "rev_growth_yoy_accel": -0.14101057187670374,
      "fcf_margin_change": -16.57060748783461
    },
    {
      "date": "2025-03-31T00:00:00",
      "quarter_label": "2025-03 (Q1)",
      "revenue": 11133496,
      "gross_profit": null,
      "operating_income": 9023634,
      "net_income": 45558944,
      "opex": 2109862,
      "cogs": null,
      "rd": null,
      "sga": null,
      "fcf": -40542051,
      "ocf": -40542051,
      "capex": null,
      "gross_margin": null,
      "op_margin": 0.810494205952919,
      "fcf_margin": -3.6414483824308195,
      "incr_op_margin_yoy": 1.0484315863068485,
      "rev_growth_yoy": -0.1446155359110249,
      "rev_growth_yoy_accel": 0.07605917819272026,
      "fcf_margin_change": 1.0316789573087797
    },
    {
      "date": "2025-06-30T00:00:00",
      "quarter_label": "2025-06 (Q2)",
      "revenue": 9844942,
      "gross_profit": null,
      "operating_income": 7934274,
      "net_income": -36143954,
      "opex": 1910668,
      "cogs": null,
      "rd": null,
      "sga": null,
      "fcf": 57288061,
      "ocf": 57288061,
      "capex": null,
      "gross_margin": null,
      "op_margin": 0.8059238947268557,
      "fcf_margin": 5.81903489121622,
      "incr_op_margin_yoy": 0.9294114091002624,
      "rev_growth_yoy": -0.30403815066895795,
      "rev_growth_yoy_accel": -0.15942261475793304,
      "fcf_margin_change": 9.46048327364704
    },
    {
      "date": "2025-09-30T00:00:00",
      "quarter_label": "2025-09 (Q3)",
      "revenue": 10836500,
      "gross_profit": null,
      "operating_income": 8782825,
      "net_income": 38642473,
      "opex": 2053675,
      "cogs": null,
      "rd": null,
      "sga": null,
      "fcf": 6845217,
      "ocf": 6845217,
      "capex": null,
      "gross_margin": null,
      "op_margin": 0.8104853965763854,
      "fcf_margin": 0.6316815392423754,
      "incr_op_margin_yoy": 1.042077475669564,
      "rev_growth_yoy": -0.16879112706293056,
      "rev_growth_yoy_accel": 0.1352470236060274,
      "op_leverage_ratio": 1.3456524141645403,
      "fcf_margin_change": -5.187353351973845
    }
  ],
  "signals": [
    {
      "quarter": "2025-09 (Q3)",
      "signal": "YoY REVENUE GROWTH ACCELERATION",
      "detail": "YoY growth: -16.9% vs prior quarter YoY: -30.4% (accel: +13.5%)",
      "severity": "MEDIUM"
    },
    {
      "quarter": "2025-09 (Q3)",
      "signal": "INCREMENTAL MARGIN (YoY)",
      "detail": "YoY Incr OPM: +104.2% vs year-ago OPM: +85.0%",
      "severity": "MEDIUM"
    },
    {
      "quarter": "2025-06 (Q2)",
      "signal": "FCF TURNED POSITIVE",
      "detail": "FCF margin: -364.1% -> +581.9%",
      "severity": "HIGH"
    },
    {
      "quarter": "2025-06 (Q2)",
      "signal": "YoY REVENUE GROWTH DECELERATION",
      "detail": "YoY growth: -30.4% vs prior quarter YoY: -14.5% (decel: -15.9%)",
      "severity": "WARNING"
    },
    {
      "quarter": "2025-03 (Q1)",
      "signal": "FCF MARGIN EXPANSION",
      "detail": "FCF margin: -467.3% -> -364.1% (+103.2%)",
      "severity": "MEDIUM"
    },
    {
      "quarter": "2025-03 (Q1)",
      "signal": "YoY REVENUE GROWTH ACCELERATION",
      "detail": "YoY growth: -14.5% vs prior quarter YoY: -22.1% (accel: +7.6%)",
      "severity": "MEDIUM"
    },
    {
      "quarter": "2025-03 (Q1)",
      "signal": "INCREMENTAL MARGIN (YoY)",
      "detail": "YoY Incr OPM: +104.8% vs year-ago OPM: +84.5%",
      "severity": "HIGH"
    },
    {
      "quarter": "2024-12 (Q4)",
      "signal": "YoY REVENUE GROWTH DECELERATION",
      "detail": "YoY growth: -22.1% vs prior quarter YoY: -8.0% (decel: -14.1%)",
      "severity": "WARNING"
    },
    {
      "quarter": "2024-09 (Q3)",
      "signal": "FCF TURNED POSITIVE",
      "detail": "FCF margin: -426.6% -> +1189.7%",
      "severity": "HIGH"
    },
    {
      "quarter": "2024-09 (Q3)",
      "signal": "YoY REVENUE GROWTH DECELERATION",
      "detail": "YoY growth: -8.0% vs prior quarter YoY: +20.2% (decel: -28.1%)",
      "severity": "WARNING"
    },
    {
      "quarter": "2024-06 (Q2)",
      "signal": "YoY REVENUE GROWTH ACCELERATION",
      "detail": "YoY growth: +20.2% vs prior quarter YoY: +4.6% (accel: +15.5%)",
      "severity": "HIGH"
    },
    {
      "quarter": "2024-06 (Q2)",
      "signal": "INCREMENTAL MARGIN (YoY)",
      "detail": "YoY Incr OPM: +96.5% vs year-ago OPM: +81.9%",
      "severity": "MEDIUM"
    },
    {
      "quarter": "2024-03 (Q1)",
      "signal": "YoY REVENUE GROWTH DECELERATION",
      "detail": "YoY growth: +4.6% vs prior quarter YoY: +19.6% (decel: -15.0%)",
      "severity": "WARNING"
    },
    {
      "quarter": "2023-12 (Q4)",
      "signal": "FCF TURNED POSITIVE",
      "detail": "FCF margin: -13.9% -> +385.7%",
      "severity": "HIGH"
    },
    {
      "quarter": "2023-12 (Q4)",
      "signal": "YoY REVENUE GROWTH DECELERATION",
      "detail": "YoY growth: +19.6% vs prior quarter YoY: +101.5% (decel: -81.9%)",
      "severity": "WARNING"
    },
    {
      "quarter": "2023-12 (Q4)",
      "signal": "INCREMENTAL MARGIN (YoY)",
      "detail": "YoY Incr OPM: +136.6% vs year-ago OPM: +74.5%",
      "severity": "HIGH"
    },
    {
      "quarter": "2023-09 (Q3)",
      "signal": "OPERATING LEVERAGE",
      "detail": "Rev growth +20.3% vs OpEx growth +6.9% (leverage: 3.0x)",
      "severity": "MEDIUM"
    },
    {
      "quarter": "2023-09 (Q3)",
      "signal": "YoY REVENUE GROWTH DECELERATION",
      "detail": "YoY growth: +101.5% vs prior quarter YoY: +296.6% (decel: -195.1%)",
      "severity": "WARNING"
    },
    {
      "quarter": "2023-09 (Q3)",
      "signal": "INCREMENTAL MARGIN (YoY)",
      "detail": "YoY Incr OPM: +115.9% vs year-ago OPM: +51.4%",
      "severity": "HIGH"
    },
    {
      "quarter": "2023-06 (Q2)",
      "signal": "YoY REVENUE GROWTH DECELERATION",
      "detail": "YoY growth: +296.6% vs prior quarter YoY: +2677.7% (decel: -2381.1%)",
      "severity": "WARNING"
    },
    {
      "quarter": "2023-06 (Q2)",
      "signal": "OP MARGIN TURNED POSITIVE (YoY)",
      "detail": "Op margin: -50.8% (year-ago) -> +81.9%",
      "severity": "HIGH"
    },
    {
      "quarter": "2023-03 (Q1)",
      "signal": "YoY REVENUE GROWTH DECELERATION",
      "detail": "YoY growth: +2677.7% vs prior quarter YoY: +8643.5% (decel: -5965.8%)",
      "severity": "WARNING"
    },
    {
      "quarter": "2023-03 (Q1)",
      "signal": "OP MARGIN TURNED POSITIVE (YoY)",
      "detail": "Op margin: -764.0% (year-ago) -> +81.3%",
      "severity": "HIGH"
    },
    {
      "quarter": "2022-12 (Q4)",
      "signal": "YoY REVENUE GROWTH ACCELERATION",
      "detail": "YoY growth: +8643.5% vs prior quarter YoY: +7347.7% (accel: +1295.8%)",
      "severity": "HIGH"
    },
    {
      "quarter": "2022-12 (Q4)",
      "signal": "OP MARGIN TURNED POSITIVE (YoY)",
      "detail": "Op margin: -2132.4% (year-ago) -> +74.5%",
      "severity": "HIGH"
    },
    {
      "quarter": "2022-09 (Q3)",
      "signal": "YoY REVENUE GROWTH ACCELERATION",
      "detail": "YoY growth: +7347.7% vs prior quarter YoY: +5547.6% (accel: +1800.1%)",
      "severity": "HIGH"
    },
    {
      "quarter": "2022-09 (Q3)",
      "signal": "OP MARGIN TURNED POSITIVE (YoY)",
      "detail": "Op margin: -2871.0% (year-ago) -> +51.4%",
      "severity": "HIGH"
    },
    {
      "quarter": "2022-09 (Q3)",
      "signal": "OP MARGIN TURNED POSITIVE (QoQ)",
      "detail": "Op margin: -50.8% -> +51.4%",
      "severity": "HIGH"
    },
    {
      "quarter": "2022-06 (Q2)",
      "signal": "FCF TURNED POSITIVE",
      "detail": "FCF margin: -46094.9% -> +5568.1%",
      "severity": "HIGH"
    },
    {
      "quarter": "2022-06 (Q2)",
      "signal": "OPERATING LEVERAGE",
      "detail": "Rev growth +562.8% vs OpEx growth +15.7% (leverage: 35.8x)",
      "severity": "MEDIUM"
    },
    {
      "quarter": "2022-06 (Q2)",
      "signal": "YoY REVENUE GROWTH ACCELERATION",
      "detail": "YoY growth: +5547.6% vs prior quarter YoY: +212.2% (accel: +5335.3%)",
      "severity": "HIGH"
    },
    {
      "quarter": "2022-03 (Q1)",
      "signal": "OPERATING LEVERAGE",
      "detail": "Rev growth +230.2% vs OpEx growth +27.8% (leverage: 8.3x)",
      "severity": "MEDIUM"
    },
    {
      "quarter": "2022-03 (Q1)",
      "signal": "YoY REVENUE GROWTH ACCELERATION",
      "detail": "YoY growth: +212.2% vs prior quarter YoY: -16.5% (accel: +228.7%)",
      "severity": "HIGH"
    },
    {
      "quarter": "2021-12 (Q4)",
      "signal": "OPERATING LEVERAGE",
      "detail": "Rev growth +43.7% vs OpEx growth +7.9% (leverage: 5.5x)",
      "severity": "MEDIUM"
    },
    {
      "quarter": "2021-09 (Q3)",
      "signal": "FCF TURNED POSITIVE",
      "detail": "FCF margin: -114800.9% -> +102683.0%",
      "severity": "HIGH"
    },
    {
      "quarter": "2021-09 (Q3)",
      "signal": "OPERATING LEVERAGE",
      "detail": "Rev growth +79.6% vs OpEx growth +1.8% (leverage: 44.0x)",
      "severity": "MEDIUM"
    },
    {
      "quarter": "2021-06 (Q2)",
      "signal": "FCF MARGIN EXPANSION",
      "detail": "FCF margin: -125821.0% -> -114800.9% (+11020.1%)",
      "severity": "MEDIUM"
    }
  ],
  "data_quality": {
    "n_quarters": 20,
    "coverage": {
      "revenue": [
        20,
        20
      ],
      "gross_profit": [
        0,
        20
      ],
      "op_income": [
        20,
        20
      ],
      "fcf": [
        20,
        20
      ]
    },
    "gaps": [],
    "warnings": [
      "gross_profit: no data"
    ]
  },
  "market_cap": null,
  "source": "SEC EDGAR",
  "last_updated": "2026-02-02T21:46:26.533730"
}