{
  "ticker": "GSHD",
  "name": "GOOSEHEAD INSURANCE, INC.",
  "sector": "Financial Services",
  "industry": "Insurance Brokers",
  "quarters": [
    {
      "date": "2021-03-31T00:00:00",
      "quarter_label": "2021-03 (Q1)",
      "revenue": 31228000,
      "gross_profit": null,
      "operating_income": -802000,
      "net_income": -396000,
      "opex": 32030000,
      "cogs": null,
      "rd": null,
      "sga": null,
      "fcf": 5943000,
      "ocf": 7888000,
      "capex": -1945000,
      "gross_margin": null,
      "op_margin": -0.025682080184449854,
      "fcf_margin": 0.19030997822467016
    },
    {
      "date": "2021-06-30T00:00:00",
      "quarter_label": "2021-06 (Q2)",
      "revenue": 38173000,
      "gross_profit": null,
      "operating_income": 3786000,
      "net_income": 1487000,
      "opex": 34387000,
      "cogs": null,
      "rd": null,
      "sga": null,
      "fcf": 6115000,
      "ocf": 12104000,
      "capex": -5989000,
      "gross_margin": null,
      "op_margin": 0.099180048725539,
      "fcf_margin": 0.16019175857281326,
      "op_leverage_ratio": 3.0222155481039477,
      "fcf_margin_change": -0.030118219651856903
    },
    {
      "date": "2021-09-30T00:00:00",
      "quarter_label": "2021-09 (Q3)",
      "revenue": 41681000,
      "gross_profit": null,
      "operating_income": 3542000,
      "net_income": 4036000,
      "opex": 38139000,
      "cogs": null,
      "rd": null,
      "sga": null,
      "fcf": 6564000,
      "ocf": 6811000,
      "capex": -247000,
      "gross_margin": null,
      "op_margin": 0.08497876730404741,
      "fcf_margin": 0.1574818262517694,
      "op_leverage_ratio": 0.842237843568979,
      "fcf_margin_change": -0.0027099323210438564
    },
    {
      "date": "2021-12-31T00:00:00",
      "quarter_label": "2021-12 (Q4)",
      "revenue": 40230000,
      "gross_profit": null,
      "operating_income": 2147000,
      "net_income": 276000,
      "opex": 38083000,
      "cogs": null,
      "rd": null,
      "sga": null,
      "fcf": 4084000,
      "ocf": 8641000,
      "capex": -4557000,
      "gross_margin": null,
      "op_margin": 0.053368133233905046,
      "fcf_margin": 0.1015162813820532,
      "fcf_margin_change": -0.05596554486971621
    },
    {
      "date": "2022-03-31T00:00:00",
      "quarter_label": "2022-03 (Q1)",
      "revenue": 41278000,
      "gross_profit": null,
      "operating_income": -6102000,
      "net_income": -2257000,
      "opex": 47380000,
      "cogs": null,
      "rd": null,
      "sga": null,
      "fcf": -6882000,
      "ocf": -5154000,
      "capex": -1728000,
      "gross_margin": null,
      "op_margin": -0.1478269295993023,
      "fcf_margin": -0.1667231939531954,
      "incr_op_margin_yoy": -0.527363184079602,
      "rev_growth_yoy": 0.3218265659023953,
      "op_leverage_ratio": 0.10670863680443879,
      "fcf_margin_change": -0.2682394753352486
    },
    {
      "date": "2022-06-30T00:00:00",
      "quarter_label": "2022-06 (Q2)",
      "revenue": 53022000,
      "gross_profit": null,
      "operating_income": 5667000,
      "net_income": 342000,
      "opex": 47355000,
      "cogs": null,
      "rd": null,
      "sga": null,
      "fcf": 11443000,
      "ocf": 15246000,
      "capex": -3803000,
      "gross_margin": null,
      "op_margin": 0.10688016295122779,
      "fcf_margin": 0.21581607634566782,
      "incr_op_margin_yoy": 0.1266751969829618,
      "rev_growth_yoy": 0.38899221963167685,
      "rev_growth_yoy_accel": 0.06716565372928157,
      "op_leverage_ratio": null,
      "fcf_margin_change": 0.38253927029886325
    },
    {
      "date": "2022-09-30T00:00:00",
      "quarter_label": "2022-09 (Q3)",
      "revenue": 57687000,
      "gross_profit": null,
      "operating_income": 3788000,
      "net_income": 1979000,
      "opex": 53899000,
      "cogs": null,
      "rd": null,
      "sga": null,
      "fcf": 13685000,
      "ocf": 22925000,
      "capex": -9240000,
      "gross_margin": null,
      "op_margin": 0.06566470781978609,
      "fcf_margin": 0.23722849168790194,
      "incr_op_margin_yoy": 0.015369236536298889,
      "rev_growth_yoy": 0.3840118999064322,
      "rev_growth_yoy_accel": -0.004980319725244653,
      "op_leverage_ratio": 0.6366754339597375,
      "fcf_margin_change": 0.02141241534223412
    },
    {
      "date": "2022-12-31T00:00:00",
      "quarter_label": "2022-12 (Q4)",
      "revenue": 57403000,
      "gross_profit": null,
      "operating_income": 6775000,
      "net_income": 501000,
      "opex": 50628000,
      "cogs": null,
      "rd": null,
      "sga": null,
      "fcf": 7657000,
      "ocf": 3016000,
      "capex": 4641000,
      "gross_margin": null,
      "op_margin": 0.11802519032106336,
      "fcf_margin": 0.13339024092817447,
      "incr_op_margin_yoy": 0.26949280847842544,
      "rev_growth_yoy": 0.42687049465572957,
      "rev_growth_yoy_accel": 0.042858594749297374,
      "fcf_margin_change": -0.10383825075972747
    },
    {
      "date": "2023-03-31T00:00:00",
      "quarter_label": "2023-03 (Q1)",
      "revenue": 57955000,
      "gross_profit": null,
      "operating_income": 1469000,
      "net_income": -81000,
      "opex": 56486000,
      "cogs": null,
      "rd": null,
      "sga": null,
      "fcf": -2395000,
      "ocf": -639000,
      "capex": -1756000,
      "gross_margin": null,
      "op_margin": 0.025347252178414287,
      "fcf_margin": -0.04132516607712881,
      "incr_op_margin_yoy": 0.45397853330934823,
      "rev_growth_yoy": 0.40401666747419934,
      "rev_growth_yoy_accel": -0.02285382718153023,
      "fcf_margin_change": -0.17471540700530327
    },
    {
      "date": "2023-06-30T00:00:00",
      "quarter_label": "2023-06 (Q2)",
      "revenue": 69277000,
      "gross_profit": null,
      "operating_income": 11190000,
      "net_income": 3666000,
      "opex": 58087000,
      "cogs": null,
      "rd": null,
      "sga": null,
      "fcf": 15084000,
      "ocf": 16860000,
      "capex": -1776000,
      "gross_margin": null,
      "op_margin": 0.16152547021377947,
      "fcf_margin": 0.21773460167155045,
      "incr_op_margin_yoy": 0.33977237772992924,
      "rev_growth_yoy": 0.3065708573799555,
      "rev_growth_yoy_accel": -0.09744581009424386,
      "op_leverage_ratio": 6.892578645119297,
      "fcf_margin_change": 0.2590597677486793
    },
    {
      "date": "2023-09-30T00:00:00",
      "quarter_label": "2023-09 (Q3)",
      "revenue": 71030000,
      "gross_profit": null,
      "operating_income": 13614000,
      "net_income": 6934000,
      "opex": 57416000,
      "cogs": null,
      "rd": null,
      "sga": null,
      "fcf": 20725000,
      "ocf": 21148000,
      "capex": -423000,
      "gross_margin": null,
      "op_margin": 0.19166549345347036,
      "fcf_margin": 0.2917781219203154,
      "incr_op_margin_yoy": 0.7364160983287117,
      "rev_growth_yoy": 0.23129994626172273,
      "rev_growth_yoy_accel": -0.07527091111823275,
      "op_leverage_ratio": null,
      "fcf_margin_change": 0.07404352024876493
    },
    {
      "date": "2023-12-31T00:00:00",
      "quarter_label": "2023-12 (Q4)",
      "revenue": 63014000,
      "gross_profit": null,
      "operating_income": 6683000,
      "net_income": 3621000,
      "opex": 56331000,
      "cogs": null,
      "rd": null,
      "sga": null,
      "fcf": 12967000,
      "ocf": 13464000,
      "capex": -497000,
      "gross_margin": null,
      "op_margin": 0.10605579712444854,
      "fcf_margin": 0.20577966801028344,
      "incr_op_margin_yoy": -0.016396364284441276,
      "rev_growth_yoy": 0.09774750448582827,
      "rev_growth_yoy_accel": -0.13355244177589448,
      "fcf_margin_change": -0.08599845391003194
    },
    {
      "date": "2024-03-31T00:00:00",
      "quarter_label": "2024-03 (Q1)",
      "revenue": 64460000,
      "gross_profit": null,
      "operating_income": 1455000,
      "net_income": 1814000,
      "opex": 63005000,
      "cogs": null,
      "rd": null,
      "sga": null,
      "fcf": 11845000,
      "ocf": 12067000,
      "capex": -222000,
      "gross_margin": null,
      "op_margin": 0.02257213775985107,
      "fcf_margin": 0.18375736891095254,
      "incr_op_margin_yoy": -0.0021521906225980014,
      "rev_growth_yoy": 0.11224225692347511,
      "rev_growth_yoy_accel": 0.014494752437646849,
      "op_leverage_ratio": 0.19368344581331245,
      "fcf_margin_change": -0.0220222990993309
    },
    {
      "date": "2024-06-30T00:00:00",
      "quarter_label": "2024-06 (Q2)",
      "revenue": 78088000,
      "gross_profit": null,
      "operating_income": 15397000,
      "net_income": 6198000,
      "opex": 62691000,
      "cogs": null,
      "rd": null,
      "sga": null,
      "fcf": 18650000,
      "ocf": 18875000,
      "capex": -225000,
      "gross_margin": null,
      "op_margin": 0.19717498207150908,
      "fcf_margin": 0.2388331113615408,
      "incr_op_margin_yoy": 0.47747134263988195,
      "rev_growth_yoy": 0.12718506863749873,
      "rev_growth_yoy_accel": 0.014942811714023618,
      "op_leverage_ratio": null,
      "fcf_margin_change": 0.05507574245058827
    },
    {
      "date": "2024-09-30T00:00:00",
      "quarter_label": "2024-09 (Q3)",
      "revenue": 78035000,
      "gross_profit": null,
      "operating_income": 16438000,
      "net_income": 7559000,
      "opex": 61597000,
      "cogs": null,
      "rd": null,
      "sga": null,
      "fcf": 27991000,
      "ocf": 28101000,
      "capex": -110000,
      "gross_margin": null,
      "op_margin": 0.21064906772602038,
      "fcf_margin": 0.3586980201191773,
      "incr_op_margin_yoy": 0.40314061384725197,
      "rev_growth_yoy": 0.0986203012811488,
      "rev_growth_yoy_accel": -0.028564767356349927,
      "fcf_margin_change": 0.11986490875763647
    },
    {
      "date": "2024-12-31T00:00:00",
      "quarter_label": "2024-12 (Q4)",
      "revenue": 93922000,
      "gross_profit": null,
      "operating_income": 27850000,
      "net_income": 14855000,
      "opex": 66072000,
      "cogs": null,
      "rd": null,
      "sga": null,
      "fcf": 12079000,
      "ocf": 12501000,
      "capex": -422000,
      "gross_margin": null,
      "op_margin": 0.29652264645131066,
      "fcf_margin": 0.1286067162113243,
      "incr_op_margin_yoy": 0.6848388766662353,
      "rev_growth_yoy": 0.4904941758974196,
      "rev_growth_yoy_accel": 0.3918738746162708,
      "op_leverage_ratio": 2.802328103024964,
      "fcf_margin_change": -0.23009130390785298
    },
    {
      "date": "2025-03-31T00:00:00",
      "quarter_label": "2025-03 (Q1)",
      "revenue": 75583000,
      "gross_profit": null,
      "operating_income": 6614000,
      "net_income": 2342000,
      "opex": 68969000,
      "cogs": null,
      "rd": null,
      "sga": null,
      "fcf": 14905000,
      "ocf": 15484000,
      "capex": -579000,
      "gross_margin": null,
      "op_margin": 0.08750644986306444,
      "fcf_margin": 0.19720042866782214,
      "incr_op_margin_yoy": 0.4638137193203272,
      "rev_growth_yoy": 0.17255662426310892,
      "rev_growth_yoy_accel": -0.3179375516343107,
      "fcf_margin_change": 0.06859371245649784
    },
    {
      "date": "2025-06-30T00:00:00",
      "quarter_label": "2025-06 (Q2)",
      "revenue": 94027000,
      "gross_profit": null,
      "operating_income": 15660000,
      "net_income": 5150000,
      "opex": 78367000,
      "cogs": null,
      "rd": null,
      "sga": null,
      "fcf": 27175000,
      "ocf": 28913000,
      "capex": -1738000,
      "gross_margin": null,
      "op_margin": 0.16654790645240197,
      "fcf_margin": 0.289012730385953,
      "incr_op_margin_yoy": 0.016500407804755632,
      "rev_growth_yoy": 0.20411586927568898,
      "rev_growth_yoy_accel": 0.03155924501258006,
      "op_leverage_ratio": 1.7908098572808724,
      "fcf_margin_change": 0.09181230171813085
    },
    {
      "date": "2025-09-30T00:00:00",
      "quarter_label": "2025-09 (Q3)",
      "revenue": 90435000,
      "gross_profit": null,
      "operating_income": 21277000,
      "net_income": 7908000,
      "opex": 69158000,
      "cogs": null,
      "rd": null,
      "sga": null,
      "fcf": 23731000,
      "ocf": 24208000,
      "capex": -477000,
      "gross_margin": null,
      "op_margin": 0.2352739536683806,
      "fcf_margin": 0.2624094653618621,
      "incr_op_margin_yoy": 0.390241935483871,
      "rev_growth_yoy": 0.15890305632088167,
      "rev_growth_yoy_accel": -0.04521281295480731,
      "fcf_margin_change": -0.026603265024090883
    },
    {
      "date": "2025-12-31T00:00:00",
      "quarter_label": "2025-12 (Q4)",
      "revenue": 105258000,
      "gross_profit": null,
      "operating_income": 30898000,
      "net_income": 12431000,
      "opex": 74360000,
      "cogs": null,
      "rd": null,
      "sga": null,
      "fcf": 20275000,
      "ocf": 23152000,
      "capex": -2877000,
      "gross_margin": null,
      "op_margin": 0.29354538372380246,
      "fcf_margin": 0.19262193847498527,
      "incr_op_margin_yoy": 0.26887791107974596,
      "rev_growth_yoy": 0.12069589659504695,
      "rev_growth_yoy_accel": -0.038207159725834716,
      "op_leverage_ratio": 2.1790723154120712,
      "fcf_margin_change": -0.06978752688687684
    }
  ],
  "signals": [
    {
      "quarter": "2025-12 (Q4)",
      "signal": "OPERATING LEVERAGE",
      "detail": "Rev growth +16.4% vs OpEx growth +7.5% (leverage: 2.2x)",
      "severity": "MEDIUM"
    },
    {
      "quarter": "2025-09 (Q3)",
      "signal": "INCREMENTAL MARGIN (YoY)",
      "detail": "YoY Incr OPM: +39.0% vs year-ago OPM: +21.1%",
      "severity": "MEDIUM"
    },
    {
      "quarter": "2025-06 (Q2)",
      "signal": "FCF MARGIN EXPANSION",
      "detail": "FCF margin: +19.7% -> +28.9% (+9.2%)",
      "severity": "MEDIUM"
    },
    {
      "quarter": "2025-06 (Q2)",
      "signal": "OPERATING LEVERAGE",
      "detail": "Rev growth +24.4% vs OpEx growth +13.6% (leverage: 1.8x)",
      "severity": "MEDIUM"
    },
    {
      "quarter": "2025-03 (Q1)",
      "signal": "FCF MARGIN EXPANSION",
      "detail": "FCF margin: +12.9% -> +19.7% (+6.9%)",
      "severity": "MEDIUM"
    },
    {
      "quarter": "2025-03 (Q1)",
      "signal": "YoY REVENUE GROWTH DECELERATION",
      "detail": "YoY growth: +17.3% vs prior quarter YoY: +49.0% (decel: -31.8%)",
      "severity": "WARNING"
    },
    {
      "quarter": "2025-03 (Q1)",
      "signal": "INCREMENTAL MARGIN (YoY)",
      "detail": "YoY Incr OPM: +46.4% vs year-ago OPM: +2.3%",
      "severity": "HIGH"
    },
    {
      "quarter": "2024-12 (Q4)",
      "signal": "OPERATING LEVERAGE",
      "detail": "Rev growth +20.4% vs OpEx growth +7.3% (leverage: 2.8x)",
      "severity": "MEDIUM"
    },
    {
      "quarter": "2024-12 (Q4)",
      "signal": "YoY REVENUE GROWTH ACCELERATION",
      "detail": "YoY growth: +49.0% vs prior quarter YoY: +9.9% (accel: +39.2%)",
      "severity": "HIGH"
    },
    {
      "quarter": "2024-12 (Q4)",
      "signal": "INCREMENTAL MARGIN (YoY)",
      "detail": "YoY Incr OPM: +68.5% vs year-ago OPM: +10.6%",
      "severity": "HIGH"
    },
    {
      "quarter": "2024-09 (Q3)",
      "signal": "FCF MARGIN EXPANSION",
      "detail": "FCF margin: +23.9% -> +35.9% (+12.0%)",
      "severity": "MEDIUM"
    },
    {
      "quarter": "2024-09 (Q3)",
      "signal": "INCREMENTAL MARGIN (YoY)",
      "detail": "YoY Incr OPM: +40.3% vs year-ago OPM: +19.2%",
      "severity": "HIGH"
    },
    {
      "quarter": "2024-06 (Q2)",
      "signal": "FCF MARGIN EXPANSION",
      "detail": "FCF margin: +18.4% -> +23.9% (+5.5%)",
      "severity": "MEDIUM"
    },
    {
      "quarter": "2024-06 (Q2)",
      "signal": "INCREMENTAL MARGIN (YoY)",
      "detail": "YoY Incr OPM: +47.7% vs year-ago OPM: +16.2%",
      "severity": "HIGH"
    },
    {
      "quarter": "2023-12 (Q4)",
      "signal": "YoY REVENUE GROWTH DECELERATION",
      "detail": "YoY growth: +9.8% vs prior quarter YoY: +23.1% (decel: -13.4%)",
      "severity": "WARNING"
    },
    {
      "quarter": "2023-09 (Q3)",
      "signal": "FCF MARGIN EXPANSION",
      "detail": "FCF margin: +21.8% -> +29.2% (+7.4%)",
      "severity": "MEDIUM"
    },
    {
      "quarter": "2023-09 (Q3)",
      "signal": "YoY REVENUE GROWTH DECELERATION",
      "detail": "YoY growth: +23.1% vs prior quarter YoY: +30.7% (decel: -7.5%)",
      "severity": "WARNING"
    },
    {
      "quarter": "2023-09 (Q3)",
      "signal": "INCREMENTAL MARGIN (YoY)",
      "detail": "YoY Incr OPM: +73.6% vs year-ago OPM: +6.6%",
      "severity": "HIGH"
    },
    {
      "quarter": "2023-06 (Q2)",
      "signal": "FCF TURNED POSITIVE",
      "detail": "FCF margin: -4.1% -> +21.8%",
      "severity": "HIGH"
    },
    {
      "quarter": "2023-06 (Q2)",
      "signal": "OPERATING LEVERAGE",
      "detail": "Rev growth +19.5% vs OpEx growth +2.8% (leverage: 6.9x)",
      "severity": "MEDIUM"
    },
    {
      "quarter": "2023-06 (Q2)",
      "signal": "YoY REVENUE GROWTH DECELERATION",
      "detail": "YoY growth: +30.7% vs prior quarter YoY: +40.4% (decel: -9.7%)",
      "severity": "WARNING"
    },
    {
      "quarter": "2023-06 (Q2)",
      "signal": "INCREMENTAL MARGIN (YoY)",
      "detail": "YoY Incr OPM: +34.0% vs year-ago OPM: +10.7%",
      "severity": "HIGH"
    },
    {
      "quarter": "2023-03 (Q1)",
      "signal": "OP MARGIN TURNED POSITIVE (YoY)",
      "detail": "Op margin: -14.8% (year-ago) -> +2.5%",
      "severity": "HIGH"
    },
    {
      "quarter": "2022-12 (Q4)",
      "signal": "INCREMENTAL MARGIN (YoY)",
      "detail": "YoY Incr OPM: +26.9% vs year-ago OPM: +5.3%",
      "severity": "HIGH"
    },
    {
      "quarter": "2022-06 (Q2)",
      "signal": "FCF TURNED POSITIVE",
      "detail": "FCF margin: -16.7% -> +21.6%",
      "severity": "HIGH"
    },
    {
      "quarter": "2022-06 (Q2)",
      "signal": "YoY REVENUE GROWTH ACCELERATION",
      "detail": "YoY growth: +38.9% vs prior quarter YoY: +32.2% (accel: +6.7%)",
      "severity": "MEDIUM"
    },
    {
      "quarter": "2022-06 (Q2)",
      "signal": "OP MARGIN TURNED POSITIVE (QoQ)",
      "detail": "Op margin: -14.8% -> +10.7%",
      "severity": "HIGH"
    },
    {
      "quarter": "2021-06 (Q2)",
      "signal": "OPERATING LEVERAGE",
      "detail": "Rev growth +22.2% vs OpEx growth +7.4% (leverage: 3.0x)",
      "severity": "MEDIUM"
    },
    {
      "quarter": "2021-06 (Q2)",
      "signal": "OP MARGIN TURNED POSITIVE (QoQ)",
      "detail": "Op margin: -2.6% -> +9.9%",
      "severity": "HIGH"
    }
  ],
  "data_quality": {
    "n_quarters": 20,
    "coverage": {
      "revenue": [
        20,
        20
      ],
      "gross_profit": [
        0,
        20
      ],
      "op_income": [
        20,
        20
      ],
      "fcf": [
        20,
        20
      ]
    },
    "gaps": [],
    "warnings": [
      "gross_profit: no data"
    ]
  },
  "market_cap": null,
  "source": "SEC EDGAR",
  "last_updated": "2026-02-24T10:19:25.942884"
}