{
  "ticker": "GT",
  "name": "THE GOODYEAR TIRE & RUBBER COMPANY",
  "quarters": [
    {
      "date": "2020-12-31T00:00:00",
      "quarter_label": "2020-12 (Q4)",
      "revenue": 3656000000,
      "gross_profit": 862000000,
      "operating_income": null,
      "net_income": 63000000,
      "opex": null,
      "cogs": 2794000000,
      "rd": null,
      "sga": 605000000,
      "fcf": 1194000000,
      "ocf": 1354000000,
      "capex": -160000000,
      "gross_margin": 0.23577680525164113,
      "op_margin": null,
      "fcf_margin": 0.3265864332603939
    },
    {
      "date": "2021-03-31T00:00:00",
      "quarter_label": "2021-03 (Q1)",
      "revenue": 3511000000,
      "gross_profit": 760000000,
      "operating_income": null,
      "net_income": 12000000,
      "opex": null,
      "cogs": 2751000000,
      "rd": null,
      "sga": 564000000,
      "fcf": -467000000,
      "ocf": -282000000,
      "capex": -185000000,
      "gross_margin": 0.21646254628311024,
      "op_margin": null,
      "fcf_margin": -0.1330105383081743,
      "fcf_margin_change": -0.45959697156856816
    },
    {
      "date": "2021-06-30T00:00:00",
      "quarter_label": "2021-06 (Q2)",
      "revenue": 3979000000,
      "gross_profit": 901000000,
      "operating_income": null,
      "net_income": 67000000,
      "opex": null,
      "cogs": 3078000000,
      "rd": null,
      "sga": 658000000,
      "fcf": 11000000,
      "ocf": 211000000,
      "capex": -200000000,
      "gross_margin": 0.22643880371952751,
      "op_margin": null,
      "fcf_margin": 0.002764513696908771,
      "fcf_margin_change": 0.13577505200508308
    },
    {
      "date": "2021-09-30T00:00:00",
      "quarter_label": "2021-09 (Q3)",
      "revenue": 4934000000,
      "gross_profit": 1040000000,
      "operating_income": null,
      "net_income": 132000000,
      "opex": null,
      "cogs": 3894000000,
      "rd": null,
      "sga": 727000000,
      "fcf": -212000000,
      "ocf": 69000000,
      "capex": -281000000,
      "gross_margin": 0.2107823267126064,
      "op_margin": null,
      "fcf_margin": -0.04296716659910823,
      "fcf_margin_change": -0.045731680296017
    },
    {
      "date": "2021-12-31T00:00:00",
      "quarter_label": "2021-12 (Q4)",
      "revenue": 5054000000,
      "gross_profit": 1085000000,
      "operating_income": null,
      "net_income": 553000000,
      "opex": null,
      "cogs": 3969000000,
      "rd": null,
      "sga": 750000000,
      "fcf": 749000000,
      "ocf": 1064000000,
      "capex": -315000000,
      "gross_margin": 0.2146814404432133,
      "op_margin": null,
      "fcf_margin": 0.1481994459833795,
      "rev_growth_yoy": 0.3823851203501094,
      "fcf_margin_change": 0.19116661258248774
    },
    {
      "date": "2022-03-31T00:00:00",
      "quarter_label": "2022-03 (Q1)",
      "revenue": 4908000000,
      "gross_profit": 942000000,
      "operating_income": null,
      "net_income": 96000000,
      "opex": null,
      "cogs": 3966000000,
      "rd": null,
      "sga": 688000000,
      "fcf": -987000000,
      "ocf": -711000000,
      "capex": -276000000,
      "gross_margin": 0.19193154034229828,
      "op_margin": null,
      "fcf_margin": -0.2011002444987775,
      "rev_growth_yoy": 0.39789233836513815,
      "rev_growth_yoy_accel": 0.015507218015028745,
      "fcf_margin_change": -0.34929969048215703
    },
    {
      "date": "2022-06-30T00:00:00",
      "quarter_label": "2022-06 (Q2)",
      "revenue": 5212000000,
      "gross_profit": 1040000000,
      "operating_income": null,
      "net_income": 166000000,
      "opex": null,
      "cogs": 4172000000,
      "rd": null,
      "sga": 717000000,
      "fcf": -57000000,
      "ocf": 178000000,
      "capex": -235000000,
      "gross_margin": 0.1995395241749808,
      "op_margin": null,
      "fcf_margin": -0.010936300844205679,
      "rev_growth_yoy": 0.30987685348077404,
      "rev_growth_yoy_accel": -0.08801548488436411,
      "fcf_margin_change": 0.19016394365457182
    },
    {
      "date": "2022-09-30T00:00:00",
      "quarter_label": "2022-09 (Q3)",
      "revenue": 5311000000,
      "gross_profit": 1006000000,
      "operating_income": null,
      "net_income": 44000000,
      "opex": null,
      "cogs": 4305000000,
      "rd": null,
      "sga": 696000000,
      "fcf": -348000000,
      "ocf": -94000000,
      "capex": -254000000,
      "gross_margin": 0.18941818866503482,
      "op_margin": null,
      "fcf_margin": -0.06552438335530032,
      "rev_growth_yoy": 0.07640859343331982,
      "rev_growth_yoy_accel": -0.23346826004745422,
      "fcf_margin_change": -0.05458808251109464
    },
    {
      "date": "2022-12-31T00:00:00",
      "quarter_label": "2022-12 (Q4)",
      "revenue": 5374000000,
      "gross_profit": 864000000,
      "operating_income": null,
      "net_income": -104000000,
      "opex": null,
      "cogs": 4510000000,
      "rd": null,
      "sga": 697000000,
      "fcf": 852000000,
      "ocf": 1148000000,
      "capex": -296000000,
      "gross_margin": 0.16077409750651284,
      "op_margin": null,
      "fcf_margin": 0.1585411239300335,
      "rev_growth_yoy": 0.06331618519984171,
      "rev_growth_yoy_accel": -0.013092408233478112,
      "fcf_margin_change": 0.2240655072853338
    },
    {
      "date": "2023-03-31T00:00:00",
      "quarter_label": "2023-03 (Q1)",
      "revenue": 4941000000,
      "gross_profit": 748000000,
      "operating_income": null,
      "net_income": -101000000,
      "opex": null,
      "cogs": 4193000000,
      "rd": null,
      "sga": 664000000,
      "fcf": -1066000000,
      "ocf": -775000000,
      "capex": -291000000,
      "gross_margin": 0.15138635903663225,
      "op_margin": null,
      "fcf_margin": -0.215745800445254,
      "rev_growth_yoy": 0.006723716381418093,
      "rev_growth_yoy_accel": -0.056592468818423614,
      "fcf_margin_change": -0.3742869243752875
    },
    {
      "date": "2023-06-30T00:00:00",
      "quarter_label": "2023-06 (Q2)",
      "revenue": 4867000000,
      "gross_profit": 744000000,
      "operating_income": null,
      "net_income": -208000000,
      "opex": null,
      "cogs": 4123000000,
      "rd": null,
      "sga": 708000000,
      "fcf": 96000000,
      "ocf": 341000000,
      "capex": -245000000,
      "gross_margin": 0.15286624203821655,
      "op_margin": null,
      "fcf_margin": 0.019724676392027945,
      "rev_growth_yoy": -0.06619339984650806,
      "rev_growth_yoy_accel": -0.07291711622792615,
      "fcf_margin_change": 0.23547047683728192
    },
    {
      "date": "2023-09-30T00:00:00",
      "quarter_label": "2023-09 (Q3)",
      "revenue": 5142000000,
      "gross_profit": 971000000,
      "operating_income": null,
      "net_income": -89000000,
      "opex": null,
      "cogs": 4171000000,
      "rd": null,
      "sga": 673000000,
      "fcf": -41000000,
      "ocf": 230000000,
      "capex": -271000000,
      "gross_margin": 0.18883702839362115,
      "op_margin": null,
      "fcf_margin": -0.007973551147413457,
      "rev_growth_yoy": -0.031820749388062515,
      "rev_growth_yoy_accel": 0.03437265045844554,
      "fcf_margin_change": -0.0276982275394414
    },
    {
      "date": "2023-12-31T00:00:00",
      "quarter_label": "2023-12 (Q4)",
      "revenue": 5116000000,
      "gross_profit": 1046000000,
      "operating_income": null,
      "net_income": -291000000,
      "opex": null,
      "cogs": 4070000000,
      "rd": null,
      "sga": 769000000,
      "fcf": 993000000,
      "ocf": 1236000000,
      "capex": -243000000,
      "gross_margin": 0.20445660672400312,
      "op_margin": null,
      "fcf_margin": 0.19409695074276778,
      "rev_growth_yoy": -0.04800893189430592,
      "rev_growth_yoy_accel": -0.016188182506243404,
      "fcf_margin_change": 0.20207050189018125
    },
    {
      "date": "2024-03-31T00:00:00",
      "quarter_label": "2024-03 (Q1)",
      "revenue": 4537000000,
      "gross_profit": 822000000,
      "operating_income": null,
      "net_income": -57000000,
      "opex": null,
      "cogs": 3715000000,
      "rd": null,
      "sga": 696000000,
      "fcf": -769000000,
      "ocf": -451000000,
      "capex": -318000000,
      "gross_margin": 0.18117698919991185,
      "op_margin": null,
      "fcf_margin": -0.1694952611858056,
      "rev_growth_yoy": -0.08176482493422384,
      "rev_growth_yoy_accel": -0.03375589303991792,
      "fcf_margin_change": -0.3635922119285734
    },
    {
      "date": "2024-06-30T00:00:00",
      "quarter_label": "2024-06 (Q2)",
      "revenue": 4570000000,
      "gross_profit": 948000000,
      "operating_income": null,
      "net_income": 85000000,
      "opex": null,
      "cogs": 3622000000,
      "rd": null,
      "sga": 731000000,
      "fcf": -383000000,
      "ocf": -67000000,
      "capex": -316000000,
      "gross_margin": 0.2074398249452954,
      "op_margin": null,
      "fcf_margin": -0.08380743982494529,
      "rev_growth_yoy": -0.06102321758783645,
      "rev_growth_yoy_accel": 0.020741607346387386,
      "fcf_margin_change": 0.08568782136086031
    },
    {
      "date": "2024-09-30T00:00:00",
      "quarter_label": "2024-09 (Q3)",
      "revenue": 4824000000,
      "gross_profit": 943000000,
      "operating_income": null,
      "net_income": -34000000,
      "opex": null,
      "cogs": 3881000000,
      "rd": null,
      "sga": 663000000,
      "fcf": -351000000,
      "ocf": -73000000,
      "capex": -278000000,
      "gross_margin": 0.19548092868988393,
      "op_margin": null,
      "fcf_margin": -0.07276119402985075,
      "rev_growth_yoy": -0.061843640606767794,
      "rev_growth_yoy_accel": -0.0008204230189313433,
      "fcf_margin_change": 0.011046245795094542
    },
    {
      "date": "2024-12-31T00:00:00",
      "quarter_label": "2024-12 (Q4)",
      "revenue": 4947000000,
      "gross_profit": 989000000,
      "operating_income": null,
      "net_income": 76000000,
      "opex": null,
      "cogs": 3958000000,
      "rd": null,
      "sga": 692000000,
      "fcf": 1013000000,
      "ocf": 1289000000,
      "capex": -276000000,
      "gross_margin": 0.19991914291489793,
      "op_margin": null,
      "fcf_margin": 0.20477056802102284,
      "rev_growth_yoy": -0.03303362001563721,
      "rev_growth_yoy_accel": 0.02881002059113058,
      "fcf_margin_change": 0.2775317620508736
    },
    {
      "date": "2025-03-31T00:00:00",
      "quarter_label": "2025-03 (Q1)",
      "revenue": 4253000000,
      "gross_profit": 740000000,
      "operating_income": null,
      "net_income": 115000000,
      "opex": null,
      "cogs": 3513000000,
      "rd": null,
      "sga": 650000000,
      "fcf": -797000000,
      "ocf": -538000000,
      "capex": -259000000,
      "gross_margin": 0.17399482718081355,
      "op_margin": null,
      "fcf_margin": -0.18739713143663297,
      "rev_growth_yoy": -0.06259642935860701,
      "rev_growth_yoy_accel": -0.0295628093429698,
      "fcf_margin_change": -0.39216769945765584
    },
    {
      "date": "2025-06-30T00:00:00",
      "quarter_label": "2025-06 (Q2)",
      "revenue": 4465000000,
      "gross_profit": 760000000,
      "operating_income": null,
      "net_income": 254000000,
      "opex": null,
      "cogs": 3705000000,
      "rd": null,
      "sga": 692000000,
      "fcf": -387000000,
      "ocf": -180000000,
      "capex": -207000000,
      "gross_margin": 0.1702127659574468,
      "op_margin": null,
      "fcf_margin": -0.08667413213885779,
      "rev_growth_yoy": -0.022975929978118162,
      "rev_growth_yoy_accel": 0.03962049938048885,
      "fcf_margin_change": 0.10072299929777519
    },
    {
      "date": "2025-09-30T00:00:00",
      "quarter_label": "2025-09 (Q3)",
      "revenue": 4645000000,
      "gross_profit": 844000000,
      "operating_income": null,
      "net_income": -2195000000,
      "opex": null,
      "cogs": 3801000000,
      "rd": null,
      "sga": 676000000,
      "fcf": -181000000,
      "ocf": 2000000,
      "capex": -183000000,
      "gross_margin": 0.18170075349838535,
      "op_margin": null,
      "fcf_margin": -0.03896663078579117,
      "rev_growth_yoy": -0.037106135986733,
      "rev_growth_yoy_accel": -0.014130206008614837,
      "fcf_margin_change": 0.04770750135306662
    }
  ],
  "signals": [
    {
      "quarter": "2025-06 (Q2)",
      "signal": "FCF MARGIN EXPANSION",
      "detail": "FCF margin: -18.7% -> -8.7% (+10.1%)",
      "severity": "MEDIUM"
    },
    {
      "quarter": "2024-12 (Q4)",
      "signal": "FCF TURNED POSITIVE",
      "detail": "FCF margin: -7.3% -> +20.5%",
      "severity": "HIGH"
    },
    {
      "quarter": "2024-06 (Q2)",
      "signal": "FCF MARGIN EXPANSION",
      "detail": "FCF margin: -16.9% -> -8.4% (+8.6%)",
      "severity": "MEDIUM"
    },
    {
      "quarter": "2024-06 (Q2)",
      "signal": "GROSS MARGIN INFLECTION",
      "detail": "GM: +20.4% -> +18.1% -> +20.7% (reversal +2.6%)",
      "severity": "MEDIUM"
    },
    {
      "quarter": "2023-12 (Q4)",
      "signal": "FCF TURNED POSITIVE",
      "detail": "FCF margin: -0.8% -> +19.4%",
      "severity": "HIGH"
    },
    {
      "quarter": "2023-06 (Q2)",
      "signal": "FCF TURNED POSITIVE",
      "detail": "FCF margin: -21.6% -> +2.0%",
      "severity": "HIGH"
    },
    {
      "quarter": "2023-06 (Q2)",
      "signal": "YoY REVENUE GROWTH DECELERATION",
      "detail": "YoY growth: -6.6% vs prior quarter YoY: +0.7% (decel: -7.3%)",
      "severity": "WARNING"
    },
    {
      "quarter": "2023-03 (Q1)",
      "signal": "YoY REVENUE GROWTH DECELERATION",
      "detail": "YoY growth: +0.7% vs prior quarter YoY: +6.3% (decel: -5.7%)",
      "severity": "WARNING"
    },
    {
      "quarter": "2022-12 (Q4)",
      "signal": "FCF TURNED POSITIVE",
      "detail": "FCF margin: -6.6% -> +15.9%",
      "severity": "HIGH"
    },
    {
      "quarter": "2022-09 (Q3)",
      "signal": "YoY REVENUE GROWTH DECELERATION",
      "detail": "YoY growth: +7.6% vs prior quarter YoY: +31.0% (decel: -23.3%)",
      "severity": "WARNING"
    },
    {
      "quarter": "2022-06 (Q2)",
      "signal": "FCF MARGIN EXPANSION",
      "detail": "FCF margin: -20.1% -> -1.1% (+19.0%)",
      "severity": "MEDIUM"
    },
    {
      "quarter": "2022-06 (Q2)",
      "signal": "YoY REVENUE GROWTH DECELERATION",
      "detail": "YoY growth: +31.0% vs prior quarter YoY: +39.8% (decel: -8.8%)",
      "severity": "WARNING"
    },
    {
      "quarter": "2021-12 (Q4)",
      "signal": "FCF TURNED POSITIVE",
      "detail": "FCF margin: -4.3% -> +14.8%",
      "severity": "HIGH"
    },
    {
      "quarter": "2021-06 (Q2)",
      "signal": "FCF TURNED POSITIVE",
      "detail": "FCF margin: -13.3% -> +0.3%",
      "severity": "HIGH"
    }
  ],
  "data_quality": {
    "n_quarters": 20,
    "coverage": {
      "revenue": [
        20,
        20
      ],
      "gross_profit": [
        20,
        20
      ],
      "op_income": [
        0,
        20
      ],
      "fcf": [
        20,
        20
      ]
    },
    "gaps": [],
    "warnings": [
      "op_income: no data"
    ]
  },
  "market_cap": null,
  "source": "SEC EDGAR",
  "last_updated": "2026-02-02T21:26:26.468197"
}