{
  "ticker": "GTE",
  "name": "GRAN TIERRA ENERGY INC.",
  "quarters": [
    {
      "date": "2020-12-31T00:00:00",
      "quarter_label": "2020-12 (Q4)",
      "revenue": 64793000,
      "gross_profit": null,
      "operating_income": null,
      "net_income": -47871000,
      "opex": 125353000,
      "cogs": null,
      "rd": null,
      "sga": null,
      "fcf": 21728000,
      "ocf": 21728000,
      "capex": null,
      "gross_margin": null,
      "op_margin": null,
      "fcf_margin": 0.33534486750111897
    },
    {
      "date": "2021-03-31T00:00:00",
      "quarter_label": "2021-03 (Q1)",
      "revenue": 95493000,
      "gross_profit": null,
      "operating_income": null,
      "net_income": -37422000,
      "opex": 124264000,
      "cogs": null,
      "rd": null,
      "sga": null,
      "fcf": 41932000,
      "ocf": 41932000,
      "capex": null,
      "gross_margin": null,
      "op_margin": null,
      "fcf_margin": 0.43911072015749847,
      "op_leverage_ratio": Infinity,
      "fcf_margin_change": 0.1037658526563795
    },
    {
      "date": "2021-06-30T00:00:00",
      "quarter_label": "2021-06 (Q2)",
      "revenue": 96623000,
      "gross_profit": null,
      "operating_income": null,
      "net_income": -17627000,
      "opex": 105061000,
      "cogs": null,
      "rd": null,
      "sga": null,
      "fcf": 37222000,
      "ocf": 37222000,
      "capex": null,
      "gross_margin": null,
      "op_margin": null,
      "fcf_margin": 0.38522918973743314,
      "op_leverage_ratio": Infinity,
      "fcf_margin_change": -0.05388153042006533
    },
    {
      "date": "2021-09-30T00:00:00",
      "quarter_label": "2021-09 (Q3)",
      "revenue": 135319000,
      "gross_profit": null,
      "operating_income": null,
      "net_income": 35007000,
      "opex": 91357000,
      "cogs": null,
      "rd": null,
      "sga": null,
      "fcf": 59667000,
      "ocf": 59667000,
      "capex": null,
      "gross_margin": null,
      "op_margin": null,
      "fcf_margin": 0.44093586266525764,
      "op_leverage_ratio": Infinity,
      "fcf_margin_change": 0.0557066729278245
    },
    {
      "date": "2021-12-31T00:00:00",
      "quarter_label": "2021-12 (Q4)",
      "revenue": 146287000,
      "gross_profit": null,
      "operating_income": null,
      "net_income": 62524000,
      "opex": 129860000,
      "cogs": null,
      "rd": null,
      "sga": null,
      "fcf": 106013000,
      "ocf": 106013000,
      "capex": null,
      "gross_margin": null,
      "op_margin": null,
      "fcf_margin": 0.7246918728253365,
      "rev_growth_yoy": 1.2577593258531015,
      "op_leverage_ratio": 0.19231622360415968,
      "fcf_margin_change": 0.2837560101600789
    },
    {
      "date": "2022-03-31T00:00:00",
      "quarter_label": "2022-03 (Q1)",
      "revenue": 174569000,
      "gross_profit": null,
      "operating_income": null,
      "net_income": 14119000,
      "opex": 120910000,
      "cogs": null,
      "rd": null,
      "sga": null,
      "fcf": 103825000,
      "ocf": 103825000,
      "capex": null,
      "gross_margin": null,
      "op_margin": null,
      "fcf_margin": 0.5947504998023704,
      "rev_growth_yoy": 0.8280816394919,
      "rev_growth_yoy_accel": -0.4296776863612015,
      "op_leverage_ratio": Infinity,
      "fcf_margin_change": -0.12994137302296616
    },
    {
      "date": "2022-06-30T00:00:00",
      "quarter_label": "2022-06 (Q2)",
      "revenue": 205785000,
      "gross_profit": null,
      "operating_income": null,
      "net_income": 52972000,
      "opex": 114147000,
      "cogs": null,
      "rd": null,
      "sga": null,
      "fcf": 143197000,
      "ocf": 143197000,
      "capex": null,
      "gross_margin": null,
      "op_margin": null,
      "fcf_margin": 0.6958573268216828,
      "rev_growth_yoy": 1.1297724144354864,
      "rev_growth_yoy_accel": 0.3016907749435864,
      "op_leverage_ratio": Infinity,
      "fcf_margin_change": 0.1011068270193124
    },
    {
      "date": "2022-09-30T00:00:00",
      "quarter_label": "2022-09 (Q3)",
      "revenue": 168397000,
      "gross_profit": null,
      "operating_income": null,
      "net_income": 38663000,
      "opex": 108000000,
      "cogs": null,
      "rd": null,
      "sga": null,
      "fcf": 108824000,
      "ocf": 108824000,
      "capex": null,
      "gross_margin": null,
      "op_margin": null,
      "fcf_margin": 0.6462347904060048,
      "rev_growth_yoy": 0.2444446086654498,
      "rev_growth_yoy_accel": -0.8853278057700366,
      "fcf_margin_change": -0.04962253641567793
    },
    {
      "date": "2022-12-31T00:00:00",
      "quarter_label": "2022-12 (Q4)",
      "revenue": 162637000,
      "gross_profit": null,
      "operating_income": null,
      "net_income": 33275000,
      "opex": 126437000,
      "cogs": null,
      "rd": null,
      "sga": null,
      "fcf": 71865000,
      "ocf": 71865000,
      "capex": null,
      "gross_margin": null,
      "op_margin": null,
      "fcf_margin": 0.44187362039388334,
      "rev_growth_yoy": 0.11176659580140409,
      "rev_growth_yoy_accel": -0.13267801286404568,
      "fcf_margin_change": -0.2043611700121215
    },
    {
      "date": "2023-03-31T00:00:00",
      "quarter_label": "2023-03 (Q1)",
      "revenue": 144190000,
      "gross_profit": null,
      "operating_income": null,
      "net_income": -9700000,
      "opex": 121775000,
      "cogs": null,
      "rd": null,
      "sga": null,
      "fcf": 49253000,
      "ocf": 49253000,
      "capex": null,
      "gross_margin": null,
      "op_margin": null,
      "fcf_margin": 0.3415840210832929,
      "rev_growth_yoy": -0.1740228792053572,
      "rev_growth_yoy_accel": -0.2857894750067613,
      "fcf_margin_change": -0.10028959931059045
    },
    {
      "date": "2023-06-30T00:00:00",
      "quarter_label": "2023-06 (Q2)",
      "revenue": 157902000,
      "gross_profit": null,
      "operating_income": null,
      "net_income": -10825000,
      "opex": 135642000,
      "cogs": null,
      "rd": null,
      "sga": null,
      "fcf": 37877000,
      "ocf": 37877000,
      "capex": null,
      "gross_margin": null,
      "op_margin": null,
      "fcf_margin": 0.23987663234157897,
      "rev_growth_yoy": -0.2326845980027699,
      "rev_growth_yoy_accel": -0.05866171879741269,
      "op_leverage_ratio": 0.8351053874818914,
      "fcf_margin_change": -0.10170738874171392
    },
    {
      "date": "2023-09-30T00:00:00",
      "quarter_label": "2023-09 (Q3)",
      "revenue": 179921000,
      "gross_profit": null,
      "operating_income": null,
      "net_income": 6527000,
      "opex": 133332000,
      "cogs": null,
      "rd": null,
      "sga": null,
      "fcf": 70381000,
      "ocf": 70381000,
      "capex": null,
      "gross_margin": null,
      "op_margin": null,
      "fcf_margin": 0.3911772388992947,
      "rev_growth_yoy": 0.06843352316252665,
      "rev_growth_yoy_accel": 0.30111812116529657,
      "op_leverage_ratio": Infinity,
      "fcf_margin_change": 0.1513006065577157
    },
    {
      "date": "2023-12-31T00:00:00",
      "quarter_label": "2023-12 (Q4)",
      "revenue": 154944000,
      "gross_profit": null,
      "operating_income": null,
      "net_income": 7711000,
      "opex": 139734000,
      "cogs": null,
      "rd": null,
      "sga": null,
      "fcf": 70481000,
      "ocf": 70481000,
      "capex": null,
      "gross_margin": null,
      "op_margin": null,
      "fcf_margin": 0.454880472945064,
      "rev_growth_yoy": -0.04730165952397056,
      "rev_growth_yoy_accel": -0.11573518268649721,
      "fcf_margin_change": 0.06370323404576933
    },
    {
      "date": "2024-03-31T00:00:00",
      "quarter_label": "2024-03 (Q1)",
      "revenue": 157577000,
      "gross_profit": null,
      "operating_income": null,
      "net_income": -78000,
      "opex": 140952000,
      "cogs": null,
      "rd": null,
      "sga": null,
      "fcf": 60827000,
      "ocf": 60827000,
      "capex": null,
      "gross_margin": null,
      "op_margin": null,
      "fcf_margin": 0.3860144564244782,
      "rev_growth_yoy": 0.09284277689160136,
      "rev_growth_yoy_accel": 0.14014443641557192,
      "op_leverage_ratio": 1.9495343812759047,
      "fcf_margin_change": -0.06886601652058583
    },
    {
      "date": "2024-06-30T00:00:00",
      "quarter_label": "2024-06 (Q2)",
      "revenue": 165609000,
      "gross_profit": null,
      "operating_income": null,
      "net_income": 36371000,
      "opex": 139327000,
      "cogs": null,
      "rd": null,
      "sga": null,
      "fcf": 73233000,
      "ocf": 73233000,
      "capex": null,
      "gross_margin": null,
      "op_margin": null,
      "fcf_margin": 0.4422042280310853,
      "rev_growth_yoy": 0.04880875479727932,
      "rev_growth_yoy_accel": -0.04403402209432204,
      "op_leverage_ratio": Infinity,
      "fcf_margin_change": 0.0561897716066071
    },
    {
      "date": "2024-09-30T00:00:00",
      "quarter_label": "2024-09 (Q3)",
      "revenue": 151373000,
      "gross_profit": null,
      "operating_income": null,
      "net_income": 1133000,
      "opex": 130157000,
      "cogs": null,
      "rd": null,
      "sga": null,
      "fcf": 78654000,
      "ocf": 78654000,
      "capex": null,
      "gross_margin": null,
      "op_margin": null,
      "fcf_margin": 0.5196038923718233,
      "rev_growth_yoy": -0.158669638341272,
      "rev_growth_yoy_accel": -0.20747839313855132,
      "fcf_margin_change": 0.07739966434073797
    },
    {
      "date": "2024-12-31T00:00:00",
      "quarter_label": "2024-12 (Q4)",
      "revenue": 147290000,
      "gross_profit": null,
      "operating_income": null,
      "net_income": -34210000,
      "opex": 171952000,
      "cogs": null,
      "rd": null,
      "sga": null,
      "fcf": 26607000,
      "ocf": 26607000,
      "capex": null,
      "gross_margin": null,
      "op_margin": null,
      "fcf_margin": 0.18064362821644375,
      "rev_growth_yoy": -0.049398492358529535,
      "rev_growth_yoy_accel": 0.10927114598274248,
      "fcf_margin_change": -0.3389602641553795
    },
    {
      "date": "2025-03-31T00:00:00",
      "quarter_label": "2025-03 (Q1)",
      "revenue": 170533000,
      "gross_profit": null,
      "operating_income": null,
      "net_income": -19280000,
      "opex": 186633000,
      "cogs": null,
      "rd": null,
      "sga": null,
      "fcf": 73230000,
      "ocf": 73230000,
      "capex": null,
      "gross_margin": null,
      "op_margin": null,
      "fcf_margin": 0.42941835304603804,
      "rev_growth_yoy": 0.08222012095673861,
      "rev_growth_yoy_accel": 0.13161861331526814,
      "op_leverage_ratio": 1.848291698500839,
      "fcf_margin_change": 0.24877472482959428
    },
    {
      "date": "2025-06-30T00:00:00",
      "quarter_label": "2025-06 (Q2)",
      "revenue": 152481000,
      "gross_profit": null,
      "operating_income": null,
      "net_income": -12741000,
      "opex": 161164000,
      "cogs": null,
      "rd": null,
      "sga": null,
      "fcf": 34677000,
      "ocf": 34677000,
      "capex": null,
      "gross_margin": null,
      "op_margin": null,
      "fcf_margin": 0.22741849804237904,
      "rev_growth_yoy": -0.07927105410937811,
      "rev_growth_yoy_accel": -0.1614911750661167,
      "fcf_margin_change": -0.201999855003659
    },
    {
      "date": "2025-09-30T00:00:00",
      "quarter_label": "2025-09 (Q3)",
      "revenue": 149254000,
      "gross_profit": null,
      "operating_income": null,
      "net_income": -19950000,
      "opex": 181680000,
      "cogs": null,
      "rd": null,
      "sga": null,
      "fcf": 48149000,
      "ocf": 48149000,
      "capex": null,
      "gross_margin": null,
      "op_margin": null,
      "fcf_margin": 0.3225977193241052,
      "rev_growth_yoy": -0.013998533424058452,
      "rev_growth_yoy_accel": 0.06527252068531966,
      "fcf_margin_change": 0.09517922128172615
    }
  ],
  "signals": [
    {
      "quarter": "2025-09 (Q3)",
      "signal": "FCF MARGIN EXPANSION",
      "detail": "FCF margin: +22.7% -> +32.3% (+9.5%)",
      "severity": "MEDIUM"
    },
    {
      "quarter": "2025-09 (Q3)",
      "signal": "YoY REVENUE GROWTH ACCELERATION",
      "detail": "YoY growth: -1.4% vs prior quarter YoY: -7.9% (accel: +6.5%)",
      "severity": "MEDIUM"
    },
    {
      "quarter": "2025-06 (Q2)",
      "signal": "YoY REVENUE GROWTH DECELERATION",
      "detail": "YoY growth: -7.9% vs prior quarter YoY: +8.2% (decel: -16.1%)",
      "severity": "WARNING"
    },
    {
      "quarter": "2025-03 (Q1)",
      "signal": "FCF MARGIN EXPANSION",
      "detail": "FCF margin: +18.1% -> +42.9% (+24.9%)",
      "severity": "MEDIUM"
    },
    {
      "quarter": "2025-03 (Q1)",
      "signal": "OPERATING LEVERAGE",
      "detail": "Rev growth +15.8% vs OpEx growth +8.5% (leverage: 1.8x)",
      "severity": "MEDIUM"
    },
    {
      "quarter": "2025-03 (Q1)",
      "signal": "YoY REVENUE GROWTH ACCELERATION",
      "detail": "YoY growth: +8.2% vs prior quarter YoY: -4.9% (accel: +13.2%)",
      "severity": "MEDIUM"
    },
    {
      "quarter": "2024-12 (Q4)",
      "signal": "YoY REVENUE GROWTH ACCELERATION",
      "detail": "YoY growth: -4.9% vs prior quarter YoY: -15.9% (accel: +10.9%)",
      "severity": "MEDIUM"
    },
    {
      "quarter": "2024-09 (Q3)",
      "signal": "FCF MARGIN EXPANSION",
      "detail": "FCF margin: +44.2% -> +52.0% (+7.7%)",
      "severity": "MEDIUM"
    },
    {
      "quarter": "2024-09 (Q3)",
      "signal": "YoY REVENUE GROWTH DECELERATION",
      "detail": "YoY growth: -15.9% vs prior quarter YoY: +4.9% (decel: -20.7%)",
      "severity": "WARNING"
    },
    {
      "quarter": "2024-06 (Q2)",
      "signal": "FCF MARGIN EXPANSION",
      "detail": "FCF margin: +38.6% -> +44.2% (+5.6%)",
      "severity": "MEDIUM"
    },
    {
      "quarter": "2024-03 (Q1)",
      "signal": "OPERATING LEVERAGE",
      "detail": "Rev growth +1.7% vs OpEx growth +0.9% (leverage: 1.9x)",
      "severity": "MEDIUM"
    },
    {
      "quarter": "2024-03 (Q1)",
      "signal": "YoY REVENUE GROWTH ACCELERATION",
      "detail": "YoY growth: +9.3% vs prior quarter YoY: -4.7% (accel: +14.0%)",
      "severity": "MEDIUM"
    },
    {
      "quarter": "2023-12 (Q4)",
      "signal": "FCF MARGIN EXPANSION",
      "detail": "FCF margin: +39.1% -> +45.5% (+6.4%)",
      "severity": "MEDIUM"
    },
    {
      "quarter": "2023-12 (Q4)",
      "signal": "YoY REVENUE GROWTH DECELERATION",
      "detail": "YoY growth: -4.7% vs prior quarter YoY: +6.8% (decel: -11.6%)",
      "severity": "WARNING"
    },
    {
      "quarter": "2023-09 (Q3)",
      "signal": "FCF MARGIN EXPANSION",
      "detail": "FCF margin: +24.0% -> +39.1% (+15.1%)",
      "severity": "MEDIUM"
    },
    {
      "quarter": "2023-09 (Q3)",
      "signal": "YoY REVENUE GROWTH ACCELERATION",
      "detail": "YoY growth: +6.8% vs prior quarter YoY: -23.3% (accel: +30.1%)",
      "severity": "HIGH"
    },
    {
      "quarter": "2023-06 (Q2)",
      "signal": "YoY REVENUE GROWTH DECELERATION",
      "detail": "YoY growth: -23.3% vs prior quarter YoY: -17.4% (decel: -5.9%)",
      "severity": "WARNING"
    },
    {
      "quarter": "2023-03 (Q1)",
      "signal": "YoY REVENUE GROWTH DECELERATION",
      "detail": "YoY growth: -17.4% vs prior quarter YoY: +11.2% (decel: -28.6%)",
      "severity": "WARNING"
    },
    {
      "quarter": "2022-12 (Q4)",
      "signal": "YoY REVENUE GROWTH DECELERATION",
      "detail": "YoY growth: +11.2% vs prior quarter YoY: +24.4% (decel: -13.3%)",
      "severity": "WARNING"
    },
    {
      "quarter": "2022-09 (Q3)",
      "signal": "YoY REVENUE GROWTH DECELERATION",
      "detail": "YoY growth: +24.4% vs prior quarter YoY: +113.0% (decel: -88.5%)",
      "severity": "WARNING"
    },
    {
      "quarter": "2022-06 (Q2)",
      "signal": "FCF MARGIN EXPANSION",
      "detail": "FCF margin: +59.5% -> +69.6% (+10.1%)",
      "severity": "MEDIUM"
    },
    {
      "quarter": "2022-06 (Q2)",
      "signal": "YoY REVENUE GROWTH ACCELERATION",
      "detail": "YoY growth: +113.0% vs prior quarter YoY: +82.8% (accel: +30.2%)",
      "severity": "HIGH"
    },
    {
      "quarter": "2022-03 (Q1)",
      "signal": "YoY REVENUE GROWTH DECELERATION",
      "detail": "YoY growth: +82.8% vs prior quarter YoY: +125.8% (decel: -43.0%)",
      "severity": "WARNING"
    },
    {
      "quarter": "2021-12 (Q4)",
      "signal": "FCF MARGIN EXPANSION",
      "detail": "FCF margin: +44.1% -> +72.5% (+28.4%)",
      "severity": "MEDIUM"
    },
    {
      "quarter": "2021-09 (Q3)",
      "signal": "FCF MARGIN EXPANSION",
      "detail": "FCF margin: +38.5% -> +44.1% (+5.6%)",
      "severity": "MEDIUM"
    },
    {
      "quarter": "2021-03 (Q1)",
      "signal": "FCF MARGIN EXPANSION",
      "detail": "FCF margin: +33.5% -> +43.9% (+10.4%)",
      "severity": "MEDIUM"
    }
  ],
  "data_quality": {
    "n_quarters": 20,
    "coverage": {
      "revenue": [
        20,
        20
      ],
      "gross_profit": [
        0,
        20
      ],
      "op_income": [
        0,
        20
      ],
      "fcf": [
        20,
        20
      ]
    },
    "gaps": [],
    "warnings": [
      "gross_profit: no data",
      "op_income: no data"
    ]
  },
  "market_cap": null,
  "source": "SEC EDGAR",
  "last_updated": "2026-02-02T23:01:09.077864"
}