{
  "ticker": "GTIM",
  "name": "Good Times Restaurants Inc.",
  "quarters": [
    {
      "date": "2020-12-29T00:00:00",
      "quarter_label": "2020-12 (Q4)",
      "revenue": 27296000,
      "gross_profit": null,
      "operating_income": 1263000,
      "net_income": 802000,
      "opex": null,
      "cogs": null,
      "rd": null,
      "sga": null,
      "fcf": 364000,
      "ocf": 847000,
      "capex": -483000,
      "gross_margin": null,
      "op_margin": 0.046270515826494725,
      "fcf_margin": 0.013335287221570926
    },
    {
      "date": "2021-03-30T00:00:00",
      "quarter_label": "2021-03 (Q1)",
      "revenue": 29192000,
      "gross_profit": null,
      "operating_income": 1603000,
      "net_income": 1097000,
      "opex": null,
      "cogs": null,
      "rd": null,
      "sga": null,
      "fcf": 1684000,
      "ocf": 2385000,
      "capex": -701000,
      "gross_margin": null,
      "op_margin": 0.05491230474102494,
      "fcf_margin": 0.05768703754453275,
      "fcf_margin_change": 0.04435175032296182
    },
    {
      "date": "2021-06-29T00:00:00",
      "quarter_label": "2021-06 (Q2)",
      "revenue": 33946000,
      "gross_profit": null,
      "operating_income": 2446000,
      "net_income": 13634000,
      "opex": null,
      "cogs": null,
      "rd": null,
      "sga": null,
      "fcf": 3240000,
      "ocf": 4154000,
      "capex": -914000,
      "gross_margin": null,
      "op_margin": 0.07205561774583162,
      "fcf_margin": 0.09544570788900018,
      "fcf_margin_change": 0.037758670344467435
    },
    {
      "date": "2021-09-28T00:00:00",
      "quarter_label": "2021-09 (Q3)",
      "revenue": 33519000,
      "gross_profit": null,
      "operating_income": 1585000,
      "net_income": 1254000,
      "opex": null,
      "cogs": null,
      "rd": null,
      "sga": null,
      "fcf": 659000,
      "ocf": 1759000,
      "capex": -1100000,
      "gross_margin": null,
      "op_margin": 0.047286613562457114,
      "fcf_margin": 0.019660491064769234,
      "fcf_margin_change": -0.07578521682423095
    },
    {
      "date": "2021-12-28T00:00:00",
      "quarter_label": "2021-12 (Q4)",
      "revenue": 32916000,
      "gross_profit": null,
      "operating_income": 1276000,
      "net_income": 330000,
      "opex": null,
      "cogs": null,
      "rd": null,
      "sga": null,
      "fcf": -456000,
      "ocf": -219000,
      "capex": -237000,
      "gross_margin": null,
      "op_margin": 0.03876534208287763,
      "fcf_margin": -0.013853445133065986,
      "incr_op_margin_yoy": 0.0023131672597864767,
      "rev_growth_yoy": 0.20589097303634232,
      "fcf_margin_change": -0.03351393619783522
    },
    {
      "date": "2022-03-29T00:00:00",
      "quarter_label": "2022-03 (Q1)",
      "revenue": 33597000,
      "gross_profit": null,
      "operating_income": -1909000,
      "net_income": -2150000,
      "opex": null,
      "cogs": null,
      "rd": null,
      "sga": null,
      "fcf": 591000,
      "ocf": 1531000,
      "capex": -940000,
      "gross_margin": null,
      "op_margin": -0.056820549453820285,
      "fcf_margin": 0.01759085632645772,
      "incr_op_margin_yoy": -0.7972758229284903,
      "rev_growth_yoy": 0.1508975061660729,
      "rev_growth_yoy_accel": -0.05499346687026943,
      "fcf_margin_change": 0.031444301459523705
    },
    {
      "date": "2022-06-28T00:00:00",
      "quarter_label": "2022-06 (Q2)",
      "revenue": 36497000,
      "gross_profit": null,
      "operating_income": 821000,
      "net_income": 469000,
      "opex": null,
      "cogs": null,
      "rd": null,
      "sga": null,
      "fcf": 2660000,
      "ocf": 3106000,
      "capex": -446000,
      "gross_margin": null,
      "op_margin": 0.022494999589007317,
      "fcf_margin": 0.07288270268789215,
      "incr_op_margin_yoy": -0.6370050960407684,
      "rev_growth_yoy": 0.07514876568667885,
      "rev_growth_yoy_accel": -0.07574874047939405,
      "fcf_margin_change": 0.05529184636143443
    },
    {
      "date": "2022-09-27T00:00:00",
      "quarter_label": "2022-09 (Q3)",
      "revenue": 35190000,
      "gross_profit": null,
      "operating_income": -1066000,
      "net_income": -1290000,
      "opex": null,
      "cogs": null,
      "rd": null,
      "sga": null,
      "fcf": -145000,
      "ocf": 873000,
      "capex": -1018000,
      "gross_margin": null,
      "op_margin": -0.03029269678886047,
      "fcf_margin": -0.004120488775220233,
      "incr_op_margin_yoy": -1.5864751645721125,
      "rev_growth_yoy": 0.049852322563322296,
      "rev_growth_yoy_accel": -0.02529644312335655,
      "fcf_margin_change": -0.07700319146311238
    },
    {
      "date": "2022-12-27T00:00:00",
      "quarter_label": "2022-12 (Q4)",
      "revenue": 33394000,
      "gross_profit": null,
      "operating_income": 107000,
      "net_income": -127000,
      "opex": null,
      "cogs": null,
      "rd": null,
      "sga": null,
      "fcf": -877000,
      "ocf": -154000,
      "capex": -723000,
      "gross_margin": null,
      "op_margin": 0.003204168413487453,
      "fcf_margin": -0.026262202790920525,
      "rev_growth_yoy": 0.014521813100012153,
      "rev_growth_yoy_accel": -0.03533050946331014,
      "fcf_margin_change": -0.02214171401570029
    },
    {
      "date": "2023-03-28T00:00:00",
      "quarter_label": "2023-03 (Q1)",
      "revenue": 34785000,
      "gross_profit": null,
      "operating_income": 817000,
      "net_income": 10621000,
      "opex": null,
      "cogs": null,
      "rd": null,
      "sga": null,
      "fcf": 3612000,
      "ocf": 4312000,
      "capex": -700000,
      "gross_margin": null,
      "op_margin": 0.02348713525945091,
      "fcf_margin": 0.10383786114704614,
      "incr_op_margin_yoy": 2.2946127946127945,
      "rev_growth_yoy": 0.035360300026788104,
      "rev_growth_yoy_accel": 0.02083848692677595,
      "fcf_margin_change": 0.13010006393796666
    },
    {
      "date": "2023-06-27T00:00:00",
      "quarter_label": "2023-06 (Q2)",
      "revenue": 35620000,
      "gross_profit": null,
      "operating_income": 444000,
      "net_income": 842000,
      "opex": null,
      "cogs": null,
      "rd": null,
      "sga": null,
      "fcf": -1206000,
      "ocf": 549000,
      "capex": -1755000,
      "gross_margin": null,
      "op_margin": 0.012464907355418305,
      "fcf_margin": -0.03385738349241999,
      "rev_growth_yoy": -0.024029372277173465,
      "rev_growth_yoy_accel": -0.05938967230396157,
      "fcf_margin_change": -0.13769524463946614
    },
    {
      "date": "2023-09-26T00:00:00",
      "quarter_label": "2023-09 (Q3)",
      "revenue": 34361000,
      "gross_profit": null,
      "operating_income": -405000,
      "net_income": -250000,
      "opex": null,
      "cogs": null,
      "rd": null,
      "sga": null,
      "fcf": 1665000,
      "ocf": 3258000,
      "capex": -1593000,
      "gross_margin": null,
      "op_margin": -0.011786618550100405,
      "fcf_margin": 0.04845609848374611,
      "rev_growth_yoy": -0.02355782892867292,
      "rev_growth_yoy_accel": 0.00047154334850054574,
      "fcf_margin_change": 0.0823134819761661
    },
    {
      "date": "2023-12-26T00:00:00",
      "quarter_label": "2023-12 (Q4)",
      "revenue": 33157000,
      "gross_profit": null,
      "operating_income": -374000,
      "net_income": -556000,
      "opex": null,
      "cogs": null,
      "rd": null,
      "sga": null,
      "fcf": -700000,
      "ocf": -252000,
      "capex": -448000,
      "gross_margin": null,
      "op_margin": -0.011279669451397896,
      "fcf_margin": -0.021111680791386433,
      "rev_growth_yoy": -0.007097083308378751,
      "rev_growth_yoy_accel": 0.01646074562029417,
      "fcf_margin_change": -0.06956777927513254
    },
    {
      "date": "2024-03-26T00:00:00",
      "quarter_label": "2024-03 (Q1)",
      "revenue": 35438000,
      "gross_profit": null,
      "operating_income": 644000,
      "net_income": 618000,
      "opex": null,
      "cogs": null,
      "rd": null,
      "sga": null,
      "fcf": 1152000,
      "ocf": 1767000,
      "capex": -615000,
      "gross_margin": null,
      "op_margin": 0.01817258310288391,
      "fcf_margin": 0.032507477848637056,
      "rev_growth_yoy": 0.018772459393416704,
      "rev_growth_yoy_accel": 0.025869542701795454,
      "fcf_margin_change": 0.05361915864002349
    },
    {
      "date": "2024-06-25T00:00:00",
      "quarter_label": "2024-06 (Q2)",
      "revenue": 37942000,
      "gross_profit": null,
      "operating_income": 1228000,
      "net_income": 1321000,
      "opex": 36722000,
      "cogs": null,
      "rd": null,
      "sga": null,
      "fcf": 2002000,
      "ocf": 3221000,
      "capex": -1219000,
      "gross_margin": null,
      "op_margin": 0.032365188972642456,
      "fcf_margin": 0.05276474619155553,
      "incr_op_margin_yoy": 0.3376399655469423,
      "rev_growth_yoy": 0.06518809657495789,
      "rev_growth_yoy_accel": 0.04641563718154118,
      "fcf_margin_change": 0.020257268342918473
    },
    {
      "date": "2024-09-24T00:00:00",
      "quarter_label": "2024-09 (Q3)",
      "revenue": 35794000,
      "gross_profit": null,
      "operating_income": -118000,
      "net_income": 230000,
      "opex": null,
      "cogs": null,
      "rd": null,
      "sga": null,
      "fcf": -466000,
      "ocf": 394000,
      "capex": -860000,
      "gross_margin": null,
      "op_margin": -0.0032966418952897134,
      "fcf_margin": -0.013018941722076325,
      "incr_op_margin_yoy": 0.2002791346824843,
      "rev_growth_yoy": 0.04170425773405896,
      "rev_growth_yoy_accel": -0.023483838840898927,
      "fcf_margin_change": -0.06578368791363186
    },
    {
      "date": "2024-12-31T00:00:00",
      "quarter_label": "2024-12 (Q4)",
      "revenue": 36333000,
      "gross_profit": null,
      "operating_income": 77000,
      "net_income": 164000,
      "opex": null,
      "cogs": null,
      "rd": null,
      "sga": null,
      "fcf": -1934000,
      "ocf": -518000,
      "capex": -1416000,
      "gross_margin": null,
      "op_margin": 0.002119285498032092,
      "fcf_margin": -0.05322984614537748,
      "incr_op_margin_yoy": 0.14200251889168766,
      "rev_growth_yoy": 0.09578671170491902,
      "rev_growth_yoy_accel": 0.05408245397086006,
      "fcf_margin_change": -0.04021090442330115
    },
    {
      "date": "2025-04-01T00:00:00",
      "quarter_label": "2025-04 (Q2)",
      "revenue": 34279000,
      "gross_profit": null,
      "operating_income": -514000,
      "net_income": -624000,
      "opex": null,
      "cogs": null,
      "rd": null,
      "sga": null,
      "fcf": -105000,
      "ocf": 714000,
      "capex": -819000,
      "gross_margin": null,
      "op_margin": -0.014994603109775665,
      "fcf_margin": -0.00306309985705534,
      "incr_op_margin_yoy": 0.999137187230371,
      "rev_growth_yoy": -0.032705005925842315,
      "rev_growth_yoy_accel": -0.12849171763076134,
      "fcf_margin_change": 0.050166746288322135
    },
    {
      "date": "2025-07-01T00:00:00",
      "quarter_label": "2025-07 (Q3)",
      "revenue": 37025000,
      "gross_profit": null,
      "operating_income": 1233000,
      "net_income": 1487000,
      "opex": 35792000,
      "cogs": null,
      "rd": null,
      "sga": null,
      "fcf": 735000,
      "ocf": 1265000,
      "capex": -530000,
      "gross_margin": null,
      "op_margin": 0.03330182309250507,
      "fcf_margin": 0.019851451721809587,
      "rev_growth_yoy": -0.024168467661167044,
      "rev_growth_yoy_accel": 0.008536538264675271,
      "fcf_margin_change": 0.022914551578864926
    },
    {
      "date": "2025-09-30T00:00:00",
      "quarter_label": "2025-09 (Q3)",
      "revenue": 33993000,
      "gross_profit": null,
      "operating_income": -466000,
      "net_income": -3000,
      "opex": null,
      "cogs": null,
      "rd": null,
      "sga": null,
      "fcf": -150000,
      "ocf": 152000,
      "capex": -302000,
      "gross_margin": null,
      "op_margin": -0.01370870473332745,
      "fcf_margin": -0.004412673197422999,
      "incr_op_margin_yoy": 0.1932259855635758,
      "rev_growth_yoy": -0.05031569536793876,
      "rev_growth_yoy_accel": -0.02614722770677172,
      "fcf_margin_change": -0.024264124919232584
    }
  ],
  "signals": [
    {
      "quarter": "2025-07 (Q3)",
      "signal": "FCF TURNED POSITIVE",
      "detail": "FCF margin: -0.3% -> +2.0%",
      "severity": "HIGH"
    },
    {
      "quarter": "2025-07 (Q3)",
      "signal": "OP MARGIN TURNED POSITIVE (QoQ)",
      "detail": "Op margin: -1.5% -> +3.3%",
      "severity": "HIGH"
    },
    {
      "quarter": "2025-04 (Q2)",
      "signal": "FCF MARGIN EXPANSION",
      "detail": "FCF margin: -5.3% -> -0.3% (+5.0%)",
      "severity": "MEDIUM"
    },
    {
      "quarter": "2025-04 (Q2)",
      "signal": "YoY REVENUE GROWTH DECELERATION",
      "detail": "YoY growth: -3.3% vs prior quarter YoY: +9.6% (decel: -12.8%)",
      "severity": "WARNING"
    },
    {
      "quarter": "2024-12 (Q4)",
      "signal": "YoY REVENUE GROWTH ACCELERATION",
      "detail": "YoY growth: +9.6% vs prior quarter YoY: +4.2% (accel: +5.4%)",
      "severity": "MEDIUM"
    },
    {
      "quarter": "2024-12 (Q4)",
      "signal": "OP MARGIN TURNED POSITIVE (YoY)",
      "detail": "Op margin: -1.1% (year-ago) -> +0.2%",
      "severity": "HIGH"
    },
    {
      "quarter": "2024-12 (Q4)",
      "signal": "OP MARGIN TURNED POSITIVE (QoQ)",
      "detail": "Op margin: -0.3% -> +0.2%",
      "severity": "HIGH"
    },
    {
      "quarter": "2024-06 (Q2)",
      "signal": "INCREMENTAL MARGIN (YoY)",
      "detail": "YoY Incr OPM: +33.8% vs year-ago OPM: +1.2%",
      "severity": "HIGH"
    },
    {
      "quarter": "2024-03 (Q1)",
      "signal": "FCF TURNED POSITIVE",
      "detail": "FCF margin: -2.1% -> +3.3%",
      "severity": "HIGH"
    },
    {
      "quarter": "2024-03 (Q1)",
      "signal": "OP MARGIN TURNED POSITIVE (QoQ)",
      "detail": "Op margin: -1.1% -> +1.8%",
      "severity": "HIGH"
    },
    {
      "quarter": "2023-09 (Q3)",
      "signal": "FCF TURNED POSITIVE",
      "detail": "FCF margin: -3.4% -> +4.8%",
      "severity": "HIGH"
    },
    {
      "quarter": "2023-06 (Q2)",
      "signal": "YoY REVENUE GROWTH DECELERATION",
      "detail": "YoY growth: -2.4% vs prior quarter YoY: +3.5% (decel: -5.9%)",
      "severity": "WARNING"
    },
    {
      "quarter": "2023-03 (Q1)",
      "signal": "FCF TURNED POSITIVE",
      "detail": "FCF margin: -2.6% -> +10.4%",
      "severity": "HIGH"
    },
    {
      "quarter": "2023-03 (Q1)",
      "signal": "OP MARGIN TURNED POSITIVE (YoY)",
      "detail": "Op margin: -5.7% (year-ago) -> +2.3%",
      "severity": "HIGH"
    },
    {
      "quarter": "2022-12 (Q4)",
      "signal": "OP MARGIN TURNED POSITIVE (QoQ)",
      "detail": "Op margin: -3.0% -> +0.3%",
      "severity": "HIGH"
    },
    {
      "quarter": "2022-06 (Q2)",
      "signal": "FCF MARGIN EXPANSION",
      "detail": "FCF margin: +1.8% -> +7.3% (+5.5%)",
      "severity": "MEDIUM"
    },
    {
      "quarter": "2022-06 (Q2)",
      "signal": "YoY REVENUE GROWTH DECELERATION",
      "detail": "YoY growth: +7.5% vs prior quarter YoY: +15.1% (decel: -7.6%)",
      "severity": "WARNING"
    },
    {
      "quarter": "2022-06 (Q2)",
      "signal": "OP MARGIN TURNED POSITIVE (QoQ)",
      "detail": "Op margin: -5.7% -> +2.2%",
      "severity": "HIGH"
    },
    {
      "quarter": "2022-03 (Q1)",
      "signal": "FCF TURNED POSITIVE",
      "detail": "FCF margin: -1.4% -> +1.8%",
      "severity": "HIGH"
    },
    {
      "quarter": "2022-03 (Q1)",
      "signal": "YoY REVENUE GROWTH DECELERATION",
      "detail": "YoY growth: +15.1% vs prior quarter YoY: +20.6% (decel: -5.5%)",
      "severity": "WARNING"
    }
  ],
  "data_quality": {
    "n_quarters": 20,
    "coverage": {
      "revenue": [
        20,
        20
      ],
      "gross_profit": [
        0,
        20
      ],
      "op_income": [
        20,
        20
      ],
      "fcf": [
        20,
        20
      ]
    },
    "gaps": [],
    "warnings": [
      "gross_profit: no data"
    ]
  },
  "market_cap": null,
  "source": "SEC EDGAR",
  "last_updated": "2026-02-03T00:06:26.221491",
  "sector": "Consumer Cyclical",
  "industry": "Restaurants"
}