{
  "ticker": "GTM",
  "name": "ZoomInfo Technologies Inc.",
  "quarters": [
    {
      "date": "2020-12-31T00:00:00",
      "quarter_label": "2020-12 (Q4)",
      "revenue": 139700000,
      "gross_profit": 113100000,
      "operating_income": 29600000,
      "net_income": 25500000,
      "opex": 83500000,
      "cogs": null,
      "rd": 14500000,
      "sga": null,
      "fcf": 66900000,
      "ocf": 66900000,
      "capex": null,
      "gross_margin": 0.8095919828203293,
      "op_margin": 0.21188260558339297,
      "fcf_margin": 0.47888332140300643
    },
    {
      "date": "2021-03-31T00:00:00",
      "quarter_label": "2021-03 (Q1)",
      "revenue": 153300000,
      "gross_profit": 125200000,
      "operating_income": 28000000,
      "net_income": 3200000,
      "opex": 97200000,
      "cogs": null,
      "rd": 20400000,
      "sga": null,
      "fcf": 93000000,
      "ocf": 93000000,
      "capex": null,
      "gross_margin": 0.8166992824527071,
      "op_margin": 0.182648401826484,
      "fcf_margin": 0.6066536203522505,
      "op_leverage_ratio": 0.5933465350673236,
      "fcf_margin_change": 0.12777029894924402
    },
    {
      "date": "2021-06-30T00:00:00",
      "quarter_label": "2021-06 (Q2)",
      "revenue": 174000000,
      "gross_profit": 143700000,
      "operating_income": 40900000,
      "net_income": 9300000,
      "opex": 102800000,
      "cogs": null,
      "rd": 24000000,
      "sga": null,
      "fcf": 88600000,
      "ocf": 88600000,
      "capex": null,
      "gross_margin": 0.8258620689655173,
      "op_margin": 0.23505747126436782,
      "fcf_margin": 0.5091954022988506,
      "op_leverage_ratio": 2.343723790886217,
      "fcf_margin_change": -0.09745821805339983
    },
    {
      "date": "2021-09-30T00:00:00",
      "quarter_label": "2021-09 (Q3)",
      "revenue": 197600000,
      "gross_profit": 159700000,
      "operating_income": 20200000,
      "net_income": -40600000,
      "opex": 139500000,
      "cogs": null,
      "rd": 34400000,
      "sga": null,
      "fcf": 46500000,
      "ocf": 46500000,
      "capex": null,
      "gross_margin": 0.8081983805668016,
      "op_margin": 0.10222672064777327,
      "fcf_margin": 0.2353238866396761,
      "op_leverage_ratio": 0.37991794293588904,
      "fcf_margin_change": -0.27387151565917456
    },
    {
      "date": "2021-12-31T00:00:00",
      "quarter_label": "2021-12 (Q4)",
      "revenue": 222300000,
      "gross_profit": 181900000,
      "operating_income": 24200000,
      "net_income": 144900000,
      "opex": 157700000,
      "cogs": null,
      "rd": 40900000,
      "sga": null,
      "fcf": 71300000,
      "ocf": 71300000,
      "capex": null,
      "gross_margin": 0.8182636077372919,
      "op_margin": 0.10886189833558255,
      "fcf_margin": 0.32073774179037334,
      "incr_op_margin_yoy": -0.06537530266343826,
      "rev_growth_yoy": 0.5912670007158196,
      "op_leverage_ratio": 0.9581043956043956,
      "fcf_margin_change": 0.08541385515069724
    },
    {
      "date": "2022-03-31T00:00:00",
      "quarter_label": "2022-03 (Q1)",
      "revenue": 241700000,
      "gross_profit": 197700000,
      "operating_income": 32400000,
      "net_income": 6200000,
      "opex": 165300000,
      "cogs": null,
      "rd": 45600000,
      "sga": null,
      "fcf": 105000000,
      "ocf": 105000000,
      "capex": null,
      "gross_margin": 0.8179561439801407,
      "op_margin": 0.13405047579644186,
      "fcf_margin": 0.43442283822920974,
      "incr_op_margin_yoy": 0.049773755656108594,
      "rev_growth_yoy": 0.5766470971950424,
      "rev_growth_yoy_accel": -0.014619903520777244,
      "op_leverage_ratio": 1.8108412055780476,
      "fcf_margin_change": 0.1136850964388364
    },
    {
      "date": "2022-06-30T00:00:00",
      "quarter_label": "2022-06 (Q2)",
      "revenue": 267100000,
      "gross_profit": 220100000,
      "operating_income": 39500000,
      "net_income": 15900000,
      "opex": 180600000,
      "cogs": null,
      "rd": 49500000,
      "sga": null,
      "fcf": 106200000,
      "ocf": 106200000,
      "capex": null,
      "gross_margin": 0.8240359415949082,
      "op_margin": 0.14788468738300262,
      "fcf_margin": 0.3976038936727817,
      "incr_op_margin_yoy": -0.015037593984962405,
      "rev_growth_yoy": 0.5350574712643679,
      "rev_growth_yoy_accel": -0.0415896259306745,
      "op_leverage_ratio": 1.1353728086186896,
      "fcf_margin_change": -0.036818944556428035
    },
    {
      "date": "2022-09-30T00:00:00",
      "quarter_label": "2022-09 (Q3)",
      "revenue": 287600000,
      "gross_profit": 239400000,
      "operating_income": 51800000,
      "net_income": 17900000,
      "opex": 187600000,
      "cogs": null,
      "rd": 54200000,
      "sga": null,
      "fcf": 85700000,
      "ocf": 85700000,
      "capex": null,
      "gross_margin": 0.8324061196105702,
      "op_margin": 0.18011126564673158,
      "fcf_margin": 0.2979833101529903,
      "incr_op_margin_yoy": 0.3511111111111111,
      "rev_growth_yoy": 0.45546558704453444,
      "rev_growth_yoy_accel": -0.07959188421983343,
      "op_leverage_ratio": 1.9801572444777238,
      "fcf_margin_change": -0.09962058351979142
    },
    {
      "date": "2022-12-31T00:00:00",
      "quarter_label": "2022-12 (Q4)",
      "revenue": 301600000,
      "gross_profit": 252400000,
      "operating_income": 52100000,
      "net_income": 23200000,
      "opex": 200300000,
      "cogs": null,
      "rd": 55900000,
      "sga": null,
      "fcf": 120100000,
      "ocf": 120100000,
      "capex": null,
      "gross_margin": 0.8368700265251989,
      "op_margin": 0.17274535809018568,
      "fcf_margin": 0.39820954907161804,
      "incr_op_margin_yoy": 0.35182849936948296,
      "rev_growth_yoy": 0.3567251461988304,
      "rev_growth_yoy_accel": -0.09874044084570405,
      "op_leverage_ratio": 0.7190651933459639,
      "fcf_margin_change": 0.10022623891862775
    },
    {
      "date": "2023-03-31T00:00:00",
      "quarter_label": "2023-03 (Q1)",
      "revenue": 300700000,
      "gross_profit": 255200000,
      "operating_income": 66300000,
      "net_income": 44500000,
      "opex": 188900000,
      "cogs": null,
      "rd": 42300000,
      "sga": null,
      "fcf": 108600000,
      "ocf": 108600000,
      "capex": null,
      "gross_margin": 0.8486863984037246,
      "op_margin": 0.22048553375457267,
      "fcf_margin": 0.3611572996341869,
      "incr_op_margin_yoy": 0.5745762711864407,
      "rev_growth_yoy": 0.244104261481175,
      "rev_growth_yoy_accel": -0.11262088471765538,
      "fcf_margin_change": -0.03705224943743113
    },
    {
      "date": "2023-06-30T00:00:00",
      "quarter_label": "2023-06 (Q2)",
      "revenue": 308600000,
      "gross_profit": 265400000,
      "operating_income": 59600000,
      "net_income": 38100000,
      "opex": 205800000,
      "cogs": null,
      "rd": 52000000,
      "sga": null,
      "fcf": 116600000,
      "ocf": 116600000,
      "capex": null,
      "gross_margin": 0.8600129617627997,
      "op_margin": 0.1931302657161374,
      "fcf_margin": 0.3778353856124433,
      "incr_op_margin_yoy": 0.4843373493975904,
      "rev_growth_yoy": 0.1553725196555597,
      "rev_growth_yoy_accel": -0.0887317418256153,
      "op_leverage_ratio": 0.29365602548688174,
      "fcf_margin_change": 0.016678085978256374
    },
    {
      "date": "2023-09-30T00:00:00",
      "quarter_label": "2023-09 (Q3)",
      "revenue": 313800000,
      "gross_profit": 269000000,
      "operating_income": 63100000,
      "net_income": 30200000,
      "opex": 205900000,
      "cogs": null,
      "rd": 47300000,
      "sga": null,
      "fcf": 80900000,
      "ocf": 80900000,
      "capex": null,
      "gross_margin": 0.8572339069471001,
      "op_margin": 0.20108349267049075,
      "fcf_margin": 0.25780752071383045,
      "incr_op_margin_yoy": 0.4312977099236641,
      "rev_growth_yoy": 0.09109874826147427,
      "rev_growth_yoy_accel": -0.06427377139408544,
      "op_leverage_ratio": Infinity,
      "fcf_margin_change": -0.12002786489861283
    },
    {
      "date": "2023-12-31T00:00:00",
      "quarter_label": "2023-12 (Q4)",
      "revenue": 316400000,
      "gross_profit": 271800000,
      "operating_income": 70500000,
      "net_income": -5500000,
      "opex": 201300000,
      "cogs": null,
      "rd": 48200000,
      "sga": null,
      "fcf": 128800000,
      "ocf": 128800000,
      "capex": null,
      "gross_margin": 0.859039190897598,
      "op_margin": 0.22281921618204803,
      "fcf_margin": 0.40707964601769914,
      "incr_op_margin_yoy": 1.2432432432432432,
      "rev_growth_yoy": 0.04907161803713528,
      "rev_growth_yoy_accel": -0.04202713022433899,
      "fcf_margin_change": 0.14927212530386869
    },
    {
      "date": "2024-03-31T00:00:00",
      "quarter_label": "2024-03 (Q1)",
      "revenue": 310100000,
      "gross_profit": 266700000,
      "operating_income": 43000000,
      "net_income": 15100000,
      "opex": 223700000,
      "cogs": null,
      "rd": 43700000,
      "sga": null,
      "fcf": 115900000,
      "ocf": 115900000,
      "capex": null,
      "gross_margin": 0.8600451467268623,
      "op_margin": 0.13866494679135763,
      "fcf_margin": 0.37375040309577556,
      "incr_op_margin_yoy": -2.478723404255319,
      "rev_growth_yoy": 0.03126039241769205,
      "rev_growth_yoy_accel": -0.017811225619443226,
      "fcf_margin_change": -0.033329242921923574
    },
    {
      "date": "2024-06-30T00:00:00",
      "quarter_label": "2024-06 (Q2)",
      "revenue": 291500000,
      "gross_profit": 245600000,
      "operating_income": -20000000,
      "net_income": -24400000,
      "opex": 265600000,
      "cogs": null,
      "rd": 48300000,
      "sga": null,
      "fcf": 126300000,
      "ocf": 126300000,
      "capex": null,
      "gross_margin": 0.8425385934819897,
      "op_margin": -0.0686106346483705,
      "fcf_margin": 0.4332761578044597,
      "incr_op_margin_yoy": 4.654970760233918,
      "rev_growth_yoy": -0.05541153596889177,
      "rev_growth_yoy_accel": -0.08667192838658383,
      "fcf_margin_change": 0.05952575470868415
    },
    {
      "date": "2024-09-30T00:00:00",
      "quarter_label": "2024-09 (Q3)",
      "revenue": 303600000,
      "gross_profit": 256300000,
      "operating_income": 43500000,
      "net_income": 23800000,
      "opex": 212800000,
      "cogs": null,
      "rd": 47700000,
      "sga": null,
      "fcf": 18200000,
      "ocf": 18200000,
      "capex": null,
      "gross_margin": 0.8442028985507246,
      "op_margin": 0.1432806324110672,
      "fcf_margin": 0.059947299077733864,
      "incr_op_margin_yoy": 1.9215686274509804,
      "rev_growth_yoy": -0.032504780114722756,
      "rev_growth_yoy_accel": 0.022906755854169014,
      "op_leverage_ratio": Infinity,
      "fcf_margin_change": -0.37332885872672583
    },
    {
      "date": "2024-12-31T00:00:00",
      "quarter_label": "2024-12 (Q4)",
      "revenue": 309100000,
      "gross_profit": 255900000,
      "operating_income": 30900000,
      "net_income": 14600000,
      "opex": 225000000,
      "cogs": null,
      "rd": 56400000,
      "sga": null,
      "fcf": 109000000,
      "ocf": 109000000,
      "capex": null,
      "gross_margin": 0.8278874150760271,
      "op_margin": 0.09996764801035264,
      "fcf_margin": 0.3526366871562601,
      "incr_op_margin_yoy": 5.424657534246576,
      "rev_growth_yoy": -0.02307206068268015,
      "rev_growth_yoy_accel": 0.009432719432042606,
      "op_leverage_ratio": 0.31598954621050135,
      "fcf_margin_change": 0.29268938807852624
    },
    {
      "date": "2025-03-31T00:00:00",
      "quarter_label": "2025-03 (Q1)",
      "revenue": 305700000,
      "gross_profit": 258400000,
      "operating_income": 50300000,
      "net_income": 26800000,
      "opex": 208100000,
      "cogs": null,
      "rd": 51100000,
      "sga": null,
      "fcf": 119200000,
      "ocf": 119200000,
      "capex": null,
      "gross_margin": 0.8452731436048413,
      "op_margin": 0.16454039908406934,
      "fcf_margin": 0.38992476283938504,
      "incr_op_margin_yoy": -1.6590909090909092,
      "rev_growth_yoy": -0.01418897129958078,
      "rev_growth_yoy_accel": 0.00888308938309937,
      "fcf_margin_change": 0.03728807568312492
    },
    {
      "date": "2025-06-30T00:00:00",
      "quarter_label": "2025-06 (Q2)",
      "revenue": 306700000,
      "gross_profit": 257200000,
      "operating_income": 53700000,
      "net_income": 24000000,
      "opex": 203500000,
      "cogs": null,
      "rd": 44600000,
      "sga": null,
      "fcf": 108900000,
      "ocf": 108900000,
      "capex": null,
      "gross_margin": 0.8386044995109228,
      "op_margin": 0.17508966416693839,
      "fcf_margin": 0.35507010107597,
      "incr_op_margin_yoy": 4.848684210526316,
      "rev_growth_yoy": 0.05214408233276158,
      "rev_growth_yoy_accel": 0.06633305363234236,
      "fcf_margin_change": -0.03485466176341506
    },
    {
      "date": "2025-09-30T00:00:00",
      "quarter_label": "2025-09 (Q3)",
      "revenue": 318000000,
      "gross_profit": 266300000,
      "operating_income": 67500000,
      "net_income": 38700000,
      "opex": 198800000,
      "cogs": null,
      "rd": 44100000,
      "sga": null,
      "fcf": 93800000,
      "ocf": 93800000,
      "capex": null,
      "gross_margin": 0.8374213836477987,
      "op_margin": 0.21226415094339623,
      "fcf_margin": 0.2949685534591195,
      "incr_op_margin_yoy": 1.6666666666666667,
      "rev_growth_yoy": 0.04743083003952569,
      "rev_growth_yoy_accel": -0.004713252293235888,
      "op_leverage_ratio": Infinity,
      "fcf_margin_change": -0.06010154761685049
    }
  ],
  "signals": [
    {
      "quarter": "2025-09 (Q3)",
      "signal": "INCREMENTAL MARGIN (YoY)",
      "detail": "YoY Incr OPM: +166.7% vs year-ago OPM: +14.3%",
      "severity": "HIGH"
    },
    {
      "quarter": "2025-06 (Q2)",
      "signal": "YoY REVENUE GROWTH ACCELERATION",
      "detail": "YoY growth: +5.2% vs prior quarter YoY: -1.4% (accel: +6.6%)",
      "severity": "MEDIUM"
    },
    {
      "quarter": "2025-06 (Q2)",
      "signal": "OP MARGIN TURNED POSITIVE (YoY)",
      "detail": "Op margin: -6.9% (year-ago) -> +17.5%",
      "severity": "HIGH"
    },
    {
      "quarter": "2024-12 (Q4)",
      "signal": "FCF MARGIN EXPANSION",
      "detail": "FCF margin: +6.0% -> +35.3% (+29.3%)",
      "severity": "MEDIUM"
    },
    {
      "quarter": "2024-12 (Q4)",
      "signal": "INCREMENTAL MARGIN (YoY)",
      "detail": "YoY Incr OPM: +542.5% vs year-ago OPM: +22.3%",
      "severity": "HIGH"
    },
    {
      "quarter": "2024-09 (Q3)",
      "signal": "INCREMENTAL MARGIN (YoY)",
      "detail": "YoY Incr OPM: +192.2% vs year-ago OPM: +20.1%",
      "severity": "HIGH"
    },
    {
      "quarter": "2024-09 (Q3)",
      "signal": "OP MARGIN TURNED POSITIVE (QoQ)",
      "detail": "Op margin: -6.9% -> +14.3%",
      "severity": "HIGH"
    },
    {
      "quarter": "2024-06 (Q2)",
      "signal": "FCF MARGIN EXPANSION",
      "detail": "FCF margin: +37.4% -> +43.3% (+6.0%)",
      "severity": "MEDIUM"
    },
    {
      "quarter": "2024-06 (Q2)",
      "signal": "YoY REVENUE GROWTH DECELERATION",
      "detail": "YoY growth: -5.5% vs prior quarter YoY: +3.1% (decel: -8.7%)",
      "severity": "WARNING"
    },
    {
      "quarter": "2023-12 (Q4)",
      "signal": "FCF MARGIN EXPANSION",
      "detail": "FCF margin: +25.8% -> +40.7% (+14.9%)",
      "severity": "MEDIUM"
    },
    {
      "quarter": "2023-12 (Q4)",
      "signal": "INCREMENTAL MARGIN (YoY)",
      "detail": "YoY Incr OPM: +124.3% vs year-ago OPM: +17.3%",
      "severity": "HIGH"
    },
    {
      "quarter": "2023-09 (Q3)",
      "signal": "OPERATING LEVERAGE",
      "detail": "Rev growth +1.7% vs OpEx growth +0.0% (leverage: 34.7x)",
      "severity": "MEDIUM"
    },
    {
      "quarter": "2023-09 (Q3)",
      "signal": "YoY REVENUE GROWTH DECELERATION",
      "detail": "YoY growth: +9.1% vs prior quarter YoY: +15.5% (decel: -6.4%)",
      "severity": "WARNING"
    },
    {
      "quarter": "2023-09 (Q3)",
      "signal": "INCREMENTAL MARGIN (YoY)",
      "detail": "YoY Incr OPM: +43.1% vs year-ago OPM: +18.0%",
      "severity": "HIGH"
    },
    {
      "quarter": "2023-06 (Q2)",
      "signal": "YoY REVENUE GROWTH DECELERATION",
      "detail": "YoY growth: +15.5% vs prior quarter YoY: +24.4% (decel: -8.9%)",
      "severity": "WARNING"
    },
    {
      "quarter": "2023-06 (Q2)",
      "signal": "INCREMENTAL MARGIN (YoY)",
      "detail": "YoY Incr OPM: +48.4% vs year-ago OPM: +14.8%",
      "severity": "HIGH"
    },
    {
      "quarter": "2023-03 (Q1)",
      "signal": "YoY REVENUE GROWTH DECELERATION",
      "detail": "YoY growth: +24.4% vs prior quarter YoY: +35.7% (decel: -11.3%)",
      "severity": "WARNING"
    },
    {
      "quarter": "2023-03 (Q1)",
      "signal": "INCREMENTAL MARGIN (YoY)",
      "detail": "YoY Incr OPM: +57.5% vs year-ago OPM: +13.4%",
      "severity": "HIGH"
    },
    {
      "quarter": "2022-12 (Q4)",
      "signal": "FCF MARGIN EXPANSION",
      "detail": "FCF margin: +29.8% -> +39.8% (+10.0%)",
      "severity": "MEDIUM"
    },
    {
      "quarter": "2022-12 (Q4)",
      "signal": "YoY REVENUE GROWTH DECELERATION",
      "detail": "YoY growth: +35.7% vs prior quarter YoY: +45.5% (decel: -9.9%)",
      "severity": "WARNING"
    },
    {
      "quarter": "2022-12 (Q4)",
      "signal": "INCREMENTAL MARGIN (YoY)",
      "detail": "YoY Incr OPM: +35.2% vs year-ago OPM: +10.9%",
      "severity": "HIGH"
    },
    {
      "quarter": "2022-09 (Q3)",
      "signal": "OPERATING LEVERAGE",
      "detail": "Rev growth +7.7% vs OpEx growth +3.9% (leverage: 2.0x)",
      "severity": "MEDIUM"
    },
    {
      "quarter": "2022-09 (Q3)",
      "signal": "YoY REVENUE GROWTH DECELERATION",
      "detail": "YoY growth: +45.5% vs prior quarter YoY: +53.5% (decel: -8.0%)",
      "severity": "WARNING"
    },
    {
      "quarter": "2022-09 (Q3)",
      "signal": "INCREMENTAL MARGIN (YoY)",
      "detail": "YoY Incr OPM: +35.1% vs year-ago OPM: +10.2%",
      "severity": "HIGH"
    },
    {
      "quarter": "2022-03 (Q1)",
      "signal": "FCF MARGIN EXPANSION",
      "detail": "FCF margin: +32.1% -> +43.4% (+11.4%)",
      "severity": "MEDIUM"
    },
    {
      "quarter": "2022-03 (Q1)",
      "signal": "OPERATING LEVERAGE",
      "detail": "Rev growth +8.7% vs OpEx growth +4.8% (leverage: 1.8x)",
      "severity": "MEDIUM"
    },
    {
      "quarter": "2021-12 (Q4)",
      "signal": "FCF MARGIN EXPANSION",
      "detail": "FCF margin: +23.5% -> +32.1% (+8.5%)",
      "severity": "MEDIUM"
    },
    {
      "quarter": "2021-06 (Q2)",
      "signal": "OPERATING LEVERAGE",
      "detail": "Rev growth +13.5% vs OpEx growth +5.8% (leverage: 2.3x)",
      "severity": "MEDIUM"
    },
    {
      "quarter": "2021-03 (Q1)",
      "signal": "FCF MARGIN EXPANSION",
      "detail": "FCF margin: +47.9% -> +60.7% (+12.8%)",
      "severity": "MEDIUM"
    }
  ],
  "data_quality": {
    "n_quarters": 20,
    "coverage": {
      "revenue": [
        20,
        20
      ],
      "gross_profit": [
        20,
        20
      ],
      "op_income": [
        20,
        20
      ],
      "fcf": [
        20,
        20
      ]
    },
    "gaps": [],
    "warnings": []
  },
  "market_cap": null,
  "source": "SEC EDGAR",
  "last_updated": "2026-02-02T21:25:37.700219",
  "sector": "Technology",
  "industry": "Software - Application"
}