{
  "ticker": "GTN-A",
  "name": "Gray Media, Inc.",
  "quarters": [
    {
      "date": "2020-12-31T00:00:00",
      "quarter_label": "2020-12 (Q4)",
      "revenue": 792000000,
      "gross_profit": null,
      "operating_income": 351000000,
      "net_income": 224000000,
      "opex": 441000000,
      "cogs": null,
      "rd": null,
      "sga": null,
      "fcf": 124000000,
      "ocf": 164000000,
      "capex": -40000000,
      "gross_margin": null,
      "op_margin": 0.4431818181818182,
      "fcf_margin": 0.15656565656565657
    },
    {
      "date": "2021-03-31T00:00:00",
      "quarter_label": "2021-03 (Q1)",
      "revenue": 544000000,
      "gross_profit": null,
      "operating_income": 101000000,
      "net_income": 39000000,
      "opex": 443000000,
      "cogs": null,
      "rd": null,
      "sga": null,
      "fcf": 134000000,
      "ocf": 147000000,
      "capex": -13000000,
      "gross_margin": null,
      "op_margin": 0.18566176470588236,
      "fcf_margin": 0.24632352941176472,
      "fcf_margin_change": 0.08975787284610814
    },
    {
      "date": "2021-06-30T00:00:00",
      "quarter_label": "2021-06 (Q2)",
      "revenue": 547000000,
      "gross_profit": null,
      "operating_income": 108000000,
      "net_income": 39000000,
      "opex": 439000000,
      "cogs": null,
      "rd": null,
      "sga": null,
      "fcf": -17000000,
      "ocf": 91000000,
      "capex": -108000000,
      "gross_margin": null,
      "op_margin": 0.19744058500914077,
      "fcf_margin": -0.031078610603290677,
      "fcf_margin_change": -0.2774021400150554
    },
    {
      "date": "2021-09-30T00:00:00",
      "quarter_label": "2021-09 (Q3)",
      "revenue": 601000000,
      "gross_profit": null,
      "operating_income": 67000000,
      "net_income": -17000000,
      "opex": 534000000,
      "cogs": null,
      "rd": null,
      "sga": null,
      "fcf": 12000000,
      "ocf": 45000000,
      "capex": -33000000,
      "gross_margin": null,
      "op_margin": 0.11148086522462562,
      "fcf_margin": 0.019966722129783693,
      "op_leverage_ratio": 0.4561916674684884,
      "fcf_margin_change": 0.05104533273307437
    },
    {
      "date": "2021-12-31T00:00:00",
      "quarter_label": "2021-12 (Q4)",
      "revenue": 721000000,
      "gross_profit": null,
      "operating_income": 105000000,
      "net_income": 29000000,
      "opex": 616000000,
      "cogs": null,
      "rd": null,
      "sga": null,
      "fcf": -36000000,
      "ocf": 17000000,
      "capex": -53000000,
      "gross_margin": null,
      "op_margin": 0.14563106796116504,
      "fcf_margin": -0.049930651872399444,
      "incr_op_margin_yoy": 3.464788732394366,
      "rev_growth_yoy": -0.08964646464646464,
      "op_leverage_ratio": 1.3002719045493285,
      "fcf_margin_change": -0.06989737400218314
    },
    {
      "date": "2022-03-31T00:00:00",
      "quarter_label": "2022-03 (Q1)",
      "revenue": 827000000,
      "gross_profit": null,
      "operating_income": 164000000,
      "net_income": 62000000,
      "opex": 663000000,
      "cogs": null,
      "rd": null,
      "sga": null,
      "fcf": 94000000,
      "ocf": 141000000,
      "capex": -47000000,
      "gross_margin": null,
      "op_margin": 0.19830713422007254,
      "fcf_margin": 0.11366384522370013,
      "incr_op_margin_yoy": 0.2226148409893993,
      "rev_growth_yoy": 0.5202205882352942,
      "rev_growth_yoy_accel": 0.6098670528817588,
      "op_leverage_ratio": 1.9268746126833298,
      "fcf_margin_change": 0.16359449709609958
    },
    {
      "date": "2022-06-30T00:00:00",
      "quarter_label": "2022-06 (Q2)",
      "revenue": 868000000,
      "gross_profit": null,
      "operating_income": 218000000,
      "net_income": 99000000,
      "opex": 650000000,
      "cogs": null,
      "rd": null,
      "sga": null,
      "fcf": 77000000,
      "ocf": 189000000,
      "capex": -112000000,
      "gross_margin": null,
      "op_margin": 0.2511520737327189,
      "fcf_margin": 0.08870967741935484,
      "incr_op_margin_yoy": 0.3426791277258567,
      "rev_growth_yoy": 0.5868372943327239,
      "rev_growth_yoy_accel": 0.06661670609742976,
      "op_leverage_ratio": Infinity,
      "fcf_margin_change": -0.024954167804345284
    },
    {
      "date": "2022-09-30T00:00:00",
      "quarter_label": "2022-09 (Q3)",
      "revenue": 909000000,
      "gross_profit": null,
      "operating_income": 245000000,
      "net_income": 108000000,
      "opex": 664000000,
      "cogs": null,
      "rd": null,
      "sga": null,
      "fcf": 127000000,
      "ocf": 266000000,
      "capex": -139000000,
      "gross_margin": null,
      "op_margin": 0.26952695269526955,
      "fcf_margin": 0.1397139713971397,
      "incr_op_margin_yoy": 0.577922077922078,
      "rev_growth_yoy": 0.5124792013311148,
      "rev_growth_yoy_accel": -0.07435809300160912,
      "op_leverage_ratio": 2.193054641211323,
      "fcf_margin_change": 0.05100429397778486
    },
    {
      "date": "2022-12-31T00:00:00",
      "quarter_label": "2022-12 (Q4)",
      "revenue": 1072000000,
      "gross_profit": null,
      "operating_income": 363000000,
      "net_income": 186000000,
      "opex": 709000000,
      "cogs": null,
      "rd": null,
      "sga": null,
      "fcf": 95000000,
      "ocf": 233000000,
      "capex": -138000000,
      "gross_margin": null,
      "op_margin": 0.33861940298507465,
      "fcf_margin": 0.08861940298507463,
      "incr_op_margin_yoy": 0.7350427350427351,
      "rev_growth_yoy": 0.4868238557558946,
      "rev_growth_yoy_accel": -0.0256553455752202,
      "op_leverage_ratio": 2.6459357046815795,
      "fcf_margin_change": -0.05109456841206507
    },
    {
      "date": "2023-03-31T00:00:00",
      "quarter_label": "2023-03 (Q1)",
      "revenue": 801000000,
      "gross_profit": null,
      "operating_income": 67000000,
      "net_income": -31000000,
      "opex": 734000000,
      "cogs": null,
      "rd": null,
      "sga": null,
      "fcf": 302000000,
      "ocf": 412000000,
      "capex": -110000000,
      "gross_margin": null,
      "op_margin": 0.08364544319600499,
      "fcf_margin": 0.37702871410736577,
      "incr_op_margin_yoy": 3.730769230769231,
      "rev_growth_yoy": -0.03143893591293833,
      "rev_growth_yoy_accel": -0.5182627916688329,
      "fcf_margin_change": 0.2884093111222911
    },
    {
      "date": "2023-06-30T00:00:00",
      "quarter_label": "2023-06 (Q2)",
      "revenue": 813000000,
      "gross_profit": null,
      "operating_income": 119000000,
      "net_income": 4000000,
      "opex": 694000000,
      "cogs": null,
      "rd": null,
      "sga": null,
      "fcf": -56000000,
      "ocf": 47000000,
      "capex": -103000000,
      "gross_margin": null,
      "op_margin": 0.14637146371463713,
      "fcf_margin": -0.06888068880688807,
      "incr_op_margin_yoy": 1.8,
      "rev_growth_yoy": -0.06336405529953917,
      "rev_growth_yoy_accel": -0.03192511938660084,
      "op_leverage_ratio": Infinity,
      "fcf_margin_change": -0.44590940291425385
    },
    {
      "date": "2023-09-30T00:00:00",
      "quarter_label": "2023-09 (Q3)",
      "revenue": 803000000,
      "gross_profit": null,
      "operating_income": 84000000,
      "net_income": -40000000,
      "opex": 719000000,
      "cogs": null,
      "rd": null,
      "sga": null,
      "fcf": 31000000,
      "ocf": 106000000,
      "capex": -75000000,
      "gross_margin": null,
      "op_margin": 0.10460772104607721,
      "fcf_margin": 0.038605230386052306,
      "incr_op_margin_yoy": 1.5188679245283019,
      "rev_growth_yoy": -0.11661166116611661,
      "rev_growth_yoy_accel": -0.05324760586657744,
      "fcf_margin_change": 0.10748591919294037
    },
    {
      "date": "2023-12-31T00:00:00",
      "quarter_label": "2023-12 (Q4)",
      "revenue": 864000000,
      "gross_profit": null,
      "operating_income": 113000000,
      "net_income": -9000000,
      "opex": 751000000,
      "cogs": null,
      "rd": null,
      "sga": null,
      "fcf": 23000000,
      "ocf": 83000000,
      "capex": -60000000,
      "gross_margin": null,
      "op_margin": 0.13078703703703703,
      "fcf_margin": 0.02662037037037037,
      "incr_op_margin_yoy": 1.2019230769230769,
      "rev_growth_yoy": -0.19402985074626866,
      "rev_growth_yoy_accel": -0.07741818958015205,
      "op_leverage_ratio": 1.7068415317559154,
      "fcf_margin_change": -0.011984860015681935
    },
    {
      "date": "2024-03-31T00:00:00",
      "quarter_label": "2024-03 (Q1)",
      "revenue": 823000000,
      "gross_profit": null,
      "operating_income": 124000000,
      "net_income": 88000000,
      "opex": 699000000,
      "cogs": null,
      "rd": null,
      "sga": null,
      "fcf": 34000000,
      "ocf": 68000000,
      "capex": -34000000,
      "gross_margin": null,
      "op_margin": 0.15066828675577157,
      "fcf_margin": 0.041312272174969626,
      "incr_op_margin_yoy": 2.590909090909091,
      "rev_growth_yoy": 0.02746566791510612,
      "rev_growth_yoy_accel": 0.2214955186613748,
      "fcf_margin_change": 0.014691901804599256
    },
    {
      "date": "2024-06-30T00:00:00",
      "quarter_label": "2024-06 (Q2)",
      "revenue": 826000000,
      "gross_profit": null,
      "operating_income": 152000000,
      "net_income": 22000000,
      "opex": 674000000,
      "cogs": null,
      "rd": null,
      "sga": null,
      "fcf": -11000000,
      "ocf": 18000000,
      "capex": -29000000,
      "gross_margin": null,
      "op_margin": 0.18401937046004843,
      "fcf_margin": -0.013317191283292978,
      "incr_op_margin_yoy": 2.5384615384615383,
      "rev_growth_yoy": 0.015990159901599015,
      "rev_growth_yoy_accel": -0.011475508013507104,
      "fcf_margin_change": -0.054629463458262605
    },
    {
      "date": "2024-09-30T00:00:00",
      "quarter_label": "2024-09 (Q3)",
      "revenue": 950000000,
      "gross_profit": null,
      "operating_income": 250000000,
      "net_income": 96000000,
      "opex": 700000000,
      "cogs": null,
      "rd": null,
      "sga": null,
      "fcf": 257000000,
      "ocf": 297000000,
      "capex": -40000000,
      "gross_margin": null,
      "op_margin": 0.2631578947368421,
      "fcf_margin": 0.27052631578947367,
      "incr_op_margin_yoy": 1.129251700680272,
      "rev_growth_yoy": 0.18306351183063513,
      "rev_growth_yoy_accel": 0.1670733519290361,
      "op_leverage_ratio": 3.8915999254982307,
      "fcf_margin_change": 0.2838435070727666
    },
    {
      "date": "2024-12-31T00:00:00",
      "quarter_label": "2024-12 (Q4)",
      "revenue": 1045000000,
      "gross_profit": null,
      "operating_income": 325000000,
      "net_income": 169000000,
      "opex": 720000000,
      "cogs": null,
      "rd": null,
      "sga": null,
      "fcf": 328000000,
      "ocf": 368000000,
      "capex": -40000000,
      "gross_margin": null,
      "op_margin": 0.31100478468899523,
      "fcf_margin": 0.3138755980861244,
      "incr_op_margin_yoy": 1.171270718232044,
      "rev_growth_yoy": 0.20949074074074073,
      "rev_growth_yoy_accel": 0.0264272289101056,
      "op_leverage_ratio": 3.5000000000000004,
      "fcf_margin_change": 0.04334928229665075
    },
    {
      "date": "2025-03-31T00:00:00",
      "quarter_label": "2025-03 (Q1)",
      "revenue": 782000000,
      "gross_profit": null,
      "operating_income": 92000000,
      "net_income": -9000000,
      "opex": 690000000,
      "cogs": null,
      "rd": null,
      "sga": null,
      "fcf": 117000000,
      "ocf": 132000000,
      "capex": -15000000,
      "gross_margin": null,
      "op_margin": 0.11764705882352941,
      "fcf_margin": 0.149616368286445,
      "incr_op_margin_yoy": 0.7804878048780488,
      "rev_growth_yoy": -0.04981773997569866,
      "rev_growth_yoy_accel": -0.2593084807164394,
      "fcf_margin_change": -0.1642592297996794
    },
    {
      "date": "2025-06-30T00:00:00",
      "quarter_label": "2025-06 (Q2)",
      "revenue": 772000000,
      "gross_profit": null,
      "operating_income": 82000000,
      "net_income": -56000000,
      "opex": 690000000,
      "cogs": null,
      "rd": null,
      "sga": null,
      "fcf": 6000000,
      "ocf": 31000000,
      "capex": -25000000,
      "gross_margin": null,
      "op_margin": 0.10621761658031088,
      "fcf_margin": 0.007772020725388601,
      "incr_op_margin_yoy": 1.2962962962962963,
      "rev_growth_yoy": -0.06537530266343826,
      "rev_growth_yoy_accel": -0.015557562687739598,
      "fcf_margin_change": -0.1418443475610564
    },
    {
      "date": "2025-09-30T00:00:00",
      "quarter_label": "2025-09 (Q3)",
      "revenue": 749000000,
      "gross_profit": null,
      "operating_income": 102000000,
      "net_income": -10000000,
      "opex": 647000000,
      "cogs": null,
      "rd": null,
      "sga": null,
      "fcf": -11000000,
      "ocf": 14000000,
      "capex": -25000000,
      "gross_margin": null,
      "op_margin": 0.13618157543391188,
      "fcf_margin": -0.014686248331108143,
      "incr_op_margin_yoy": 0.736318407960199,
      "rev_growth_yoy": -0.21157894736842106,
      "rev_growth_yoy_accel": -0.14620364470498282,
      "fcf_margin_change": -0.022458269056496744
    }
  ],
  "signals": [
    {
      "quarter": "2025-09 (Q3)",
      "signal": "YoY REVENUE GROWTH DECELERATION",
      "detail": "YoY growth: -21.2% vs prior quarter YoY: -6.5% (decel: -14.6%)",
      "severity": "WARNING"
    },
    {
      "quarter": "2025-09 (Q3)",
      "signal": "INCREMENTAL MARGIN (YoY)",
      "detail": "YoY Incr OPM: +73.6% vs year-ago OPM: +26.3%",
      "severity": "HIGH"
    },
    {
      "quarter": "2025-06 (Q2)",
      "signal": "INCREMENTAL MARGIN (YoY)",
      "detail": "YoY Incr OPM: +129.6% vs year-ago OPM: +18.4%",
      "severity": "HIGH"
    },
    {
      "quarter": "2025-03 (Q1)",
      "signal": "YoY REVENUE GROWTH DECELERATION",
      "detail": "YoY growth: -5.0% vs prior quarter YoY: +20.9% (decel: -25.9%)",
      "severity": "WARNING"
    },
    {
      "quarter": "2025-03 (Q1)",
      "signal": "INCREMENTAL MARGIN (YoY)",
      "detail": "YoY Incr OPM: +78.0% vs year-ago OPM: +15.1%",
      "severity": "HIGH"
    },
    {
      "quarter": "2024-12 (Q4)",
      "signal": "OPERATING LEVERAGE",
      "detail": "Rev growth +10.0% vs OpEx growth +2.9% (leverage: 3.5x)",
      "severity": "MEDIUM"
    },
    {
      "quarter": "2024-12 (Q4)",
      "signal": "INCREMENTAL MARGIN (YoY)",
      "detail": "YoY Incr OPM: +117.1% vs year-ago OPM: +13.1%",
      "severity": "HIGH"
    },
    {
      "quarter": "2024-09 (Q3)",
      "signal": "FCF TURNED POSITIVE",
      "detail": "FCF margin: -1.3% -> +27.1%",
      "severity": "HIGH"
    },
    {
      "quarter": "2024-09 (Q3)",
      "signal": "OPERATING LEVERAGE",
      "detail": "Rev growth +15.0% vs OpEx growth +3.9% (leverage: 3.9x)",
      "severity": "MEDIUM"
    },
    {
      "quarter": "2024-09 (Q3)",
      "signal": "YoY REVENUE GROWTH ACCELERATION",
      "detail": "YoY growth: +18.3% vs prior quarter YoY: +1.6% (accel: +16.7%)",
      "severity": "HIGH"
    },
    {
      "quarter": "2024-09 (Q3)",
      "signal": "INCREMENTAL MARGIN (YoY)",
      "detail": "YoY Incr OPM: +112.9% vs year-ago OPM: +10.5%",
      "severity": "HIGH"
    },
    {
      "quarter": "2024-06 (Q2)",
      "signal": "INCREMENTAL MARGIN (YoY)",
      "detail": "YoY Incr OPM: +253.8% vs year-ago OPM: +14.6%",
      "severity": "HIGH"
    },
    {
      "quarter": "2024-03 (Q1)",
      "signal": "YoY REVENUE GROWTH ACCELERATION",
      "detail": "YoY growth: +2.7% vs prior quarter YoY: -19.4% (accel: +22.1%)",
      "severity": "HIGH"
    },
    {
      "quarter": "2024-03 (Q1)",
      "signal": "INCREMENTAL MARGIN (YoY)",
      "detail": "YoY Incr OPM: +259.1% vs year-ago OPM: +8.4%",
      "severity": "HIGH"
    },
    {
      "quarter": "2023-12 (Q4)",
      "signal": "OPERATING LEVERAGE",
      "detail": "Rev growth +7.6% vs OpEx growth +4.5% (leverage: 1.7x)",
      "severity": "MEDIUM"
    },
    {
      "quarter": "2023-12 (Q4)",
      "signal": "YoY REVENUE GROWTH DECELERATION",
      "detail": "YoY growth: -19.4% vs prior quarter YoY: -11.7% (decel: -7.7%)",
      "severity": "WARNING"
    },
    {
      "quarter": "2023-12 (Q4)",
      "signal": "INCREMENTAL MARGIN (YoY)",
      "detail": "YoY Incr OPM: +120.2% vs year-ago OPM: +33.9%",
      "severity": "HIGH"
    },
    {
      "quarter": "2023-09 (Q3)",
      "signal": "FCF TURNED POSITIVE",
      "detail": "FCF margin: -6.9% -> +3.9%",
      "severity": "HIGH"
    },
    {
      "quarter": "2023-09 (Q3)",
      "signal": "YoY REVENUE GROWTH DECELERATION",
      "detail": "YoY growth: -11.7% vs prior quarter YoY: -6.3% (decel: -5.3%)",
      "severity": "WARNING"
    },
    {
      "quarter": "2023-09 (Q3)",
      "signal": "INCREMENTAL MARGIN (YoY)",
      "detail": "YoY Incr OPM: +151.9% vs year-ago OPM: +27.0%",
      "severity": "HIGH"
    },
    {
      "quarter": "2023-06 (Q2)",
      "signal": "INCREMENTAL MARGIN (YoY)",
      "detail": "YoY Incr OPM: +180.0% vs year-ago OPM: +25.1%",
      "severity": "HIGH"
    },
    {
      "quarter": "2023-03 (Q1)",
      "signal": "FCF MARGIN EXPANSION",
      "detail": "FCF margin: +8.9% -> +37.7% (+28.8%)",
      "severity": "MEDIUM"
    },
    {
      "quarter": "2023-03 (Q1)",
      "signal": "YoY REVENUE GROWTH DECELERATION",
      "detail": "YoY growth: -3.1% vs prior quarter YoY: +48.7% (decel: -51.8%)",
      "severity": "WARNING"
    },
    {
      "quarter": "2023-03 (Q1)",
      "signal": "INCREMENTAL MARGIN (YoY)",
      "detail": "YoY Incr OPM: +373.1% vs year-ago OPM: +19.8%",
      "severity": "HIGH"
    },
    {
      "quarter": "2022-12 (Q4)",
      "signal": "OPERATING LEVERAGE",
      "detail": "Rev growth +17.9% vs OpEx growth +6.8% (leverage: 2.6x)",
      "severity": "MEDIUM"
    },
    {
      "quarter": "2022-12 (Q4)",
      "signal": "INCREMENTAL MARGIN (YoY)",
      "detail": "YoY Incr OPM: +73.5% vs year-ago OPM: +14.6%",
      "severity": "HIGH"
    },
    {
      "quarter": "2022-09 (Q3)",
      "signal": "FCF MARGIN EXPANSION",
      "detail": "FCF margin: +8.9% -> +14.0% (+5.1%)",
      "severity": "MEDIUM"
    },
    {
      "quarter": "2022-09 (Q3)",
      "signal": "OPERATING LEVERAGE",
      "detail": "Rev growth +4.7% vs OpEx growth +2.2% (leverage: 2.2x)",
      "severity": "MEDIUM"
    },
    {
      "quarter": "2022-09 (Q3)",
      "signal": "YoY REVENUE GROWTH DECELERATION",
      "detail": "YoY growth: +51.2% vs prior quarter YoY: +58.7% (decel: -7.4%)",
      "severity": "WARNING"
    },
    {
      "quarter": "2022-09 (Q3)",
      "signal": "INCREMENTAL MARGIN (YoY)",
      "detail": "YoY Incr OPM: +57.8% vs year-ago OPM: +11.1%",
      "severity": "HIGH"
    },
    {
      "quarter": "2022-06 (Q2)",
      "signal": "YoY REVENUE GROWTH ACCELERATION",
      "detail": "YoY growth: +58.7% vs prior quarter YoY: +52.0% (accel: +6.7%)",
      "severity": "MEDIUM"
    },
    {
      "quarter": "2022-06 (Q2)",
      "signal": "INCREMENTAL MARGIN (YoY)",
      "detail": "YoY Incr OPM: +34.3% vs year-ago OPM: +19.7%",
      "severity": "MEDIUM"
    },
    {
      "quarter": "2022-03 (Q1)",
      "signal": "FCF TURNED POSITIVE",
      "detail": "FCF margin: -5.0% -> +11.4%",
      "severity": "HIGH"
    },
    {
      "quarter": "2022-03 (Q1)",
      "signal": "OPERATING LEVERAGE",
      "detail": "Rev growth +14.7% vs OpEx growth +7.6% (leverage: 1.9x)",
      "severity": "MEDIUM"
    },
    {
      "quarter": "2022-03 (Q1)",
      "signal": "YoY REVENUE GROWTH ACCELERATION",
      "detail": "YoY growth: +52.0% vs prior quarter YoY: -9.0% (accel: +61.0%)",
      "severity": "HIGH"
    },
    {
      "quarter": "2021-12 (Q4)",
      "signal": "INCREMENTAL MARGIN (YoY)",
      "detail": "YoY Incr OPM: +346.5% vs year-ago OPM: +44.3%",
      "severity": "HIGH"
    },
    {
      "quarter": "2021-09 (Q3)",
      "signal": "FCF TURNED POSITIVE",
      "detail": "FCF margin: -3.1% -> +2.0%",
      "severity": "HIGH"
    },
    {
      "quarter": "2021-03 (Q1)",
      "signal": "FCF MARGIN EXPANSION",
      "detail": "FCF margin: +15.7% -> +24.6% (+9.0%)",
      "severity": "MEDIUM"
    }
  ],
  "data_quality": {
    "n_quarters": 20,
    "coverage": {
      "revenue": [
        20,
        20
      ],
      "gross_profit": [
        0,
        20
      ],
      "op_income": [
        20,
        20
      ],
      "fcf": [
        20,
        20
      ]
    },
    "gaps": [],
    "warnings": [
      "gross_profit: no data"
    ]
  },
  "market_cap": null,
  "source": "SEC EDGAR",
  "last_updated": "2026-02-03T00:56:52.693253"
}